1825 3214
324 205 365 229 in
401 200 575 228 JoANMS
609 202 916 239 ΕνΛωι-ΑΛιΜ,
951 202 1095 228 nme-T.
1136 203 1193 228 xi.
1392 193 1444 229 67

130 270 186 311 ΙΙ.
226 269 337 310 Ecce
370 265 547 310 audistis
577 266 704 325 quia,
744 284 764 307 «
796 268 907 310 Cum
936 276 1079 310 esset»
1102 268 1306 311 Dominus
1324 271 1448 312 jesus

68 338 262 382 Christus
297 357 317 379 ιι
333 336 610 394 jerosolymis
632 337 675 380 in
697 337 854 381 Pascha
883 337 926 380 in
948 336 1018 381 dic
1045 338 1153 380 testo
1173 372 1183 390 ‚
1217 338 1338 383 inulti
1361 355 1453 384 cre-

72 426 93 450 »
127 404 336 453 diderunt
366 409 410 452 in
449 407 622 452 nomine
651 408 765 466 ejus5
794 406 990 452 videntes
1007 408 1126 465 signa
1148 410 1239 467 ejus
1261 425 1359 468 quae
1382 408 1447 453 fa-

73 495 93 520 »
127 479 284 523 ciebat.
314 476 754 523 Muttini-ediderunt
781 477 824 520 in
859 477 1036 522 nomine
1067 478 1158 537 ejus
1188 498 1198 523 ;
1227 497 1247 519 »
1281 480 1450 539 etquid

70 549 295 608 sequitur?
322 568 342 590 «
370 551 465 607 lpse
497 556 643 592 autem
673 550 796 591 lesus
827 562 917 592 non
939 547 1146 592 credebat
1171 549 1451 607 semetipsum

73 637 94 661 »
129 620 203 664 eis.
238 637 258 660 »
297 618 414 673 Quid
443 617 526 662 sibi
561 633 665 677 ergo
701 618 784 663 hoc
817 617 940 674 vult,
980 638 1000 660 «
1035 617 1103 662 llli
1136 618 1375 663 credebant
1405 620 1452 663 in

75 708 94 731 »
130 691 305 734 nomine
341 691 457 749 ejus,
488 697 532 733 et
552 688 643 748 ipse
671 690 794 734 Jesus
817 704 907 734 non
938 688 1146 733 credebat
1175 689 1452 749 semetipsum

74 778 94 802 »
130 761 253 805 cis¹P
278 779 297 802 »
329 763 398 805 An
430 759 542 804 forte
569 775 657 804 non
684 759 960 806 crediderant
987 760 1056 816 ei,
1087 769 1130 804 et
1159 760 1382 819 fingebant
1409 776 1453 804 se

72 829 302 875 credidisse
334 839 376 873 et
400 839 625 889 propterea
648 832 773 875 Jesus
802 846 892 876 non
923 846 967 875 se
1001 830 1209 875 credebat
1241 832 1333 876 eis?
1370 830 1455 876 Sed

72 916 163 945 non
183 900 344 944 diceret
364 899 635 957 Evangelista
656 935 667 955 ,
697 919 717 942 «
738 899 866 945 Multi
899 900 1179 945 crediderunt
1211 901 1256 945 in
1279 901 1455 946 nomine

73 971 192 1030 ejus,
230 988 249 1011 »
275 969 356 1014 nisi
378 984 527 1013 verum
549 969 632 1014 illis
665 970 959 1014 testimonium
994 970 1255 1030 perhiberet.
1295 973 1454 1030 Magna

73 1056 176 1100 ergo
210 1056 297 1096 reS,
338 1049 382 1084 et
415 1041 520 1085 mira
557 1056 657 1086 res:
693 1042 880 1085 credunt
907 1042 1104 1085 homines
1133 1043 1177 1085 in
1206 1042 1452 1096 Christum,

74 1119 116 1155 et
137 1111 336 1156 Christus
358 1126 446 1155 non
467 1126 511 1155 se
533 1111 670 1155 credit
699 1110 964 1155 hominibus.
994 1112 1235 1155 Praesertim
1257 1112 1359 1170 quia
1384 1112 1458 1155 Fi—

73 1180 156 1226 lius
177 1182 255 1226 Dei
277 1190 341 1226 est
356 1216 368 1236 ,
392 1181 546 1242 utique
569 1181 716 1226 volens
739 1197 887 1241 passus
910 1190 1003 1240 est3
1035 1191 1078 1226 et
1100 1182 1133 1226 si
1153 1181 1315 1238 nollet,
1341 1198 1456 1226 nun-

74 1268 206 1313 quam
239 1261 480 1311 pateretur3
518 1252 595 1312 qui
625 1253 660 1296 si
690 1252 858 1307 nollet,
889 1268 970 1297 nec
1005 1261 1255 1298 nasceretur
1284 1272 1293 1297 :
1330 1252 1365 1297 si
1387 1268 1459 1297 au-

76 1331 163 1367 tem
186 1323 268 1367 hoc
289 1321 430 1366 solum
451 1321 604 1378 vellet,
630 1332 680 1366 ut
700 1331 948 1367 nasceretur
974 1331 1146 1367 tantum
1161 1357 1172 1378 ,
1197 1331 1240 1367 et
1261 1338 1351 1367 non
1365 1338 1460 1367 mo-

75 1401 267 1448 reretur,
292 1401 334 1437 et
357 1392 574 1453 quidquid
604 1392 738 1437 vellet
755 1427 767 1449 ‚
793 1392 955 1438 faceret
979 1414 990 1451 3
1014 1394 1117 1454 quia
1148 1393 1459 1453 omnipotentis

22 1480 28 1483 “
75 1463 212 1508 Patris
241 1462 377 1507 Filius
405 1464 680 1523 omnipotens
709 1473 786 1508 est.
817 1466 881 1508 Ex
911 1465 1010 1524 ipsis
1040 1464 1168 1508 rebus
1202 1463 1453 1524 probemus.

76 1534 186 1587 Quia
202 1549 301 1578 cum
320 1532 556 1578 voluissent
578 1549 677 1577 eum
693 1542 856 1590 tenere,
875 1532 1066 1579 discessit
1081 1534 1135 1578 ab
1156 1534 1214 1578 eis
1232 1555 1244 1592 3
1261 1534 1458 1594 loquitur

76 1604 387 1664 Evangelium:
412 1607 617 1649 «Etcum
648 1604 888 1649 voluissent
918 1620 1018 1648 eum
1040 1604 1094 1648 de
1116 1605 1276 1649 vertice
1297 1604 1456 1648 montis

80 1693 101 1716 »
112 1675 396 1735 praecipitare,
409 1673 598 1718 discessit
612 1674 666 1718 ab
681 1675 739 1718 eis
753 1673 953 1719 illaesus².
963 1677 1046 1719 »Et
1057 1674 1234 1735 quando
1245 1683 1460 1718 venerunt

79 1744 134 1790 ad
153 1761 253 1790 eum
275 1744 738 1804 comprehendendum
757 1779 768 1800 ,
785 1746 875 1805 jam
892 1745 1119 1790 venditum
1143 1761 1166 1789 a
1186 1747 1210 1788 J
1216 1743 1300 1789 uda
1323 1745 1459 1789 tradi-

79 1825 172 1861 tore
189 1851 200 1872 ,
225 1831 326 1861 cum
340 1815 412 1860 ille
434 1824 607 1875 putaret
623 1815 669 1859 in
690 1824 901 1874 potestate
923 1831 966 1860 se
985 1816 1162 1870 habere,
1181 1815 1350 1860 tradere
1368 1831 1462 1860 ma-

78 1887 258 1945 gistrum
279 1895 323 1931 et
351 1886 587 1931 Dominum
607 1900 734 1930 suum
752 1907 764 1944 3
789 1896 832 1931 et
862 1886 924 1930 ibi
943 1885 1132 1931 ostendit
1154 1886 1364 1931 Dominus
1379 1902 1461 1931 vo-

78 1956 247 2002 luntate
268 1972 312 2001 se
334 1955 448 2015 pati,
473 1971 564 2000 non
592 1956 860 2001 necessitate.
885 1959 995 2019 Nem
1016 1972 1118 2002 cum
1141 1972 1241 2000 eum
1263 1971 1461 2016 compre-

79 2026 270 2072 hendere
294 2029 318 2072 J
324 2027 436 2071 udaei
456 2026 693 2072 voluissent
709 2061 720 2082 ‚
744 2027 854 2072 dixit
881 2027 964 2072 illis
987 2047 996 2073 ι
1024 2046 1044 2068 «
1075 2029 1215 2081 Quem
1237 2027 1461 2087 quaeritis?

83 2116 104 2140 »
138 2090 196 2142 At
214 2097 278 2142 illi
301 2097 503 2142 dixerunt
524 2117 533 2142 ι
555 2100 703 2142 Jesum
727 2100 1011 2144 Nazarenum.
1033 2101 1090 2142 Et
1106 2097 1180 2141 ille
1200 2116 1209 2142 :
1231 2100 1325 2157 Ego
1343 2113 1455 2143 sum.

84 2186 105 2210 »
133 2171 223 2213 Hac
239 2182 344 2213 voce
363 2168 525 2223 audita,
543 2167 766 2212 redierunt
787 2178 924 2231 retro,
941 2167 1291 2213 et‘ceciderunt3.
1307 2186 1326 2210 »
1340 2171 1393 2212 In
1410 2183 1461 2213 eo

80 2238 203 2299 quod
234 2254 305 2283 eos
328 2237 591 2297 respondens
613 2237 798 2298 dejecit,
823 2239 1012 2284 ostendit
1034 2247 1292 2299 potestatem
1312 2259 1324 2297 3
1345 2247 1395 2284 ut
1414 2239 1460 2283 in

82 2324 134 2354 eo
150 2310 272 2369 quod
289 2309 343 2352 ab
361 2309 418 2352 eis
431 2309 768 2368 comprehensus
789 2319 880 2365 est,
906 2309 1153 2354 ostenderet
1172 2307 1457 2353 voluntatem.

82 2380 199 2438 Ergo
227 2378 345 2438 quod
369 2393 515 2438 passus
542 2387 635 2434 est,
668 2378 971 2424 misericordiae
994 2379 1096 2424 fuit.
1127 2398 1147 2421 «
1176 2377 1375 2423 Traditus
1397 2386 1460 2421 est

85 2466 108 2490 »
141 2450 256 2493 enim
279 2458 454 2508 propter
470 2448 626 2494 delicta
643 2458 788 2494 nostra
803 2484 814 2505 ,
839 2459 884 2494 et
904 2451 1132 2495 resurrexit
1145 2458 1322 2510 propter
1337 2449 1434 2508 justi

132 2539 141 2556 ¹
161 2536 251 2566 Joan.
271 2545 306 2576 u,
332 2534 388 2575 ¹23,
408 2533 462 2575 234.
482 2550 523 2556 —
544 2541 555 2556 ²
578 2536 644 2566 Luc
658 2545 704 2574 iv,
721 2543 776 2577 29,
795 2539 859 2567 etc.
879 2551 919 2558 —-
939 2533 953 2558 3
977 2537 1068 2569 Joan.
1090 2545 1181 2574 xvm,
1199 2532 1233 2574 5,
1256 2537 1316 2564 etc.

304 2597 308 2605 '
1234 2589 1273 2626 5.
