1809 3173
362 200 441 239 138
788 211 821 240 s.
858 212 1086 243 Aucus‘rnu
1119 216 1299 243 Emscom

364 287 449 322 tcm
484 276 666 336 Spiritus
689 279 823 323 sancti
849 298 858 324 :
880 287 922 323 et
945 278 1017 323 illa
1040 279 1235 326 nondum
1265 278 1562 338 intelligebat3
1587 289 1629 324 61
1650 296 1738 325 non

355 346 623 404 intelligens,
658 348 765 407 quid
788 349 1109 408 respondebat?
1136 369 1156 391 «
1193 349 1304 394 Dicit
1336 349 1392 393 ad
1426 365 1525 393 eum
1554 349 1734 406 mulier,

359 435 380 459 »
416 417 615 471 Domine,
641 418 695 462 da
718 420 823 462 mihi
857 420 969 464 hanc
993 434 1148 479 aquam
1165 455 1176 472 ,
1203 429 1252 463 ut
1282 436 1371 464 non
1403 421 1543 464 sitiam
1560 455 1570 475 ,
1596 436 1738 480 neque

358 507 377 530 »
414 489 582 532 veniam
610 490 696 534 huc
718 491 891 534 haurire
916 493 945 534 ¹.
974 509 994 532 »
1021 490 1089 535 Ad
1120 490 1315 535 laborem
1345 491 1582 550 indigentia
1610 491 1738 551 coge-

353 561 456 614 bat,
493 569 537 603 et
568 560 763 604 laborem
793 562 1016 605 infirmitas
1036 561 1295 605 recusabat.
1334 562 1507 606 Utinam
1539 561 1734 618 audiret,

356 649 376 672 α
412 631 566 674 Venite
601 631 656 674 ad
686 646 756 675 1116
782 647 930 676 omnes
952 633 1028 692 qui
1060 632 1264 677 laboratis
1286 641 1328 676 et
1357 634 1523 676 onerati
1545 633 1665 687 estis,
1695 642 1738 677 et

355 718 375 742 »
410 716 490 759 ego
513 716 587 745 vos
606 702 795 746 reficiam
818 705 849 745 2.
879 720 898 743 »
923 704 1015 746 Hoc
1038 703 1153 746 6111111
1172 703 1211 745 61
1229 701 1401 746 dicebat
1422 705 1562 757 Jesus,
1582 712 1631 747 ut
1646 704 1737 763 jam

353 786 442 815 non
464 770 683 814 laboraret
709 790 717 815 :
743 772 819 815 sed
842 772 914 815 illa
938 771 1134 816 nondum
1154 772 1442 831 intelligebat.

408 844 572 885 XVIII.
601 841 797 900 Denique
818 842 968 886 volens
991 852 1041 887 ut
1062 843 1337 901 intelligeret,
1362 862 1382 886 «
1405 843 1517 887 Dicit
1537 843 1575 886 ei
1596 845 1733 898 Jesus,

352 929 372 952 »
409 910 546 963 Vade,
566 926 673 955 voca
686 911 983 967 virumtuum,
1001 921 1045 956 et
1066 913 1166 957 veni
1187 914 1273 957 huc
1289 915 1319 956 ³.
1347 912 1463 966 Quid
1486 922 1565 967 est,
1595 915 1737 958 «Voca

354 1000 371 1021 »
406 981 550 1024 virum
574 983 728 1024 tuum?
747 1000 766 1022 »
790 985 870 1025 Per
885 982 1026 1026 virum
1044 998 1171 1026 suum
1189 983 1226 1026 ei
1247 982 1423 1027 volebat
1438 998 1596 1042 aquam
1618 982 1735 1026 illam

348 1051 481 1095 dare?
505 1053 572 1094 An
592 1052 691 1110 quia
717 1066 805 1095 non
827 1051 1114 1109 intelligebat,
1140 1068 1218 1112 per
1234 1054 1376 1096 virum
1398 1068 1523 1097 suum
1542 1067 1637 1097 eam
1658 1068 1737 1097 vo-

347 1120 467 1164 lebat
497 1120 684 1164 docere?
723 1124 852 1165 Forte
875 1121 1098 1182 quomodo
1132 1122 1192 1166 ait
1226 1122 1458 1181 Apostolus
1494 1121 1549 1166 de
1584 1122 1737 1167 mulie-

348 1191 470 1235 ribus
496 1210 505 1235 :
531 1192 572 1236 Si
595 1191 703 1251 quid
725 1200 870 1235 autem
894 1192 1049 1236 volunt
1068 1192 1252 1247 discere,
1279 1192 1396 1236 domi
1418 1193 1531 1237 viros
1548 1208 1646 1237 suos
1667 1193 1736 1236 in-

348 1264 618 1321 terrogent⁴i³
635 1262 718 1307 Sed
730 1263 790 1306 ibi
806 1264 980 1317 dicitur,
995 1263 1111 1308 domi
1128 1264 1240 1307 viros
1252 1278 1350 1307 suos
1363 1264 1645 1321 interrogent,
1659 1265 1735 1307 ubi

347 1347 438 1377 non
472 1341 536 1376 est
574 1336 698 1376 163113
728 1334 804 1392 qui
832 1332 987 1377 doceat
1021 1352 1029 1377 :
1069 1333 1259 1393 denique
1294 1333 1452 1377 dicitur
1484 1334 1736 1378 mulieribus

346 1418 453 1462 quas
469 1403 729 1461 prohibebat
739 1403 972 1462 Apostolus
994 1403 1115 1463 loqui
1128 1404 1171 1446 in
1183 1403 1387 1447 Ecclesia.
1406 1405 1518 1448 Cum
1531 1419 1633 1448 vero
1645 1405 1736 1463 ipse

346 1473 558 1516 Dominus
584 1472 756 1527 aderat,
788 1482 831 1517 et
862 1488 1050 1532 praesens
1087 1474 1289 1532 praesenti
1313 1473 1601 1533 loquebatur,
1627 1473 1735 1534 quid

346 1557 455 1601 opus
480 1552 570 1586 erat
591 1552 638 1586 ut
664 1558 738 1601 per
760 1543 900 1586 virum
923 1545 1013 1603 ejus
1040 1544 1078 1586 ei
1107 1542 1389 1603 loqueretur?
1417 1544 1643 1604 Numquid
1659 1560 1736 1603 per

345 1614 489 1659 virum
524 1604 954 1673 suum'loquebatur
988 1615 1137 1659 Mariae
1167 1614 1335 1658 sedenti
1363 1614 1418 1658 ad
1451 1614 1583 1674 pedes
1616 1630 1731 1670 suos,

346 1692 389 1727 et
411 1683 640 1741 excipienti
663 1683 847 1728 verbum
863 1699 1006 1739 31111111,
1027 1683 1204 1744 quando
1222 1685 1391 1728 Martha
1409 1685 1520 1728 circa
1541 1684 1732 1729 multum

345 1753 636 1798 ministerium
662 1754 789 1797 etiam
812 1753 867 1797 de
891 1755 1047 1798 sororis
1072 1770 1161 1798 suae
1185 1753 1388 1798 felicitate
1406 1755 1733 1814 occupatissima

355 1839 577 1867 murmura
587 1823 658 1866 bat
671 1825 712 1866 ⁵?
726 1826 857 1881 Ergo,
875 1824 1026 1867 fratres
1035 1824 1135 1878 mei,
1149 1823 1374 1868 audiamus
1388 1834 1430 1868 et
1442 1824 1733 1883 intelligamus

343 1894 464 1954 quod
487 1894 545 1938 ait
568 1893 777 1937 Dominus
812 1912 820 1938 :
849 1912 869 1935 «
892 1895 1009 1937 Voca
1030 1894 1172 1937 virum
1192 1903 1366 1948 tuum,»
1389 1893 1574 1937 mulieri.
1601 1897 1733 1939 Forte

345 1965 461 2009 enim
489 1974 532 2008 et
549 1965 704 2008 animae
719 1973 878 2008 nostrae
893 1963 1022 2008 dicit:
1050 1983 1069 2006 «
1090 1967 1207 2008 Voca
1230 1964 1371 2008 virum
1395 1974 1536 2008 tuum.
1563 1984 1580 2005 »
1607 1969 1733 2017 Quae-

343 2050 487 2079 ramus
505 2044 548 2079 et
569 2035 623 2078 de
641 2036 733 2079 viro
749 2035 916 2078 animae.
934 2036 1023 2080 Cur
1040 2038 1108 2078 am
1127 2050 1215 2078 non
1240 2034 1329 2093 ipse
1351 2037 1474 2078 163113
1494 2035 1559 2079 vir
1577 2035 1732 2078 animae

342 2121 468 2151 verus
486 2107 573 2149 est?
596 2105 719 2150 Adsit
737 2104 999 2159 intellectus,
1019 2105 1223 2163 quoniam
1243 2103 1362 2164 quod
1384 2103 1543 2148 dicturi
1564 2119 1728 2159 sumus,

342 2176 414 2221 vix
436 2175 604 2234 capitur
626 2176 707 2219 nisi
734 2175 788 2219 ab
816 2175 1027 2218 intentis:
1054 2174 1164 2218 adsit
1187 2189 1290 2232 ergo
1312 2173 1558 2218 intellectus
1582 2183 1632 2218 ut
1661 2189 1730 2218 ca-

344 2247 504 2306 piatur,
531 2255 573 2289 et
596 2246 685 2305 ipse
708 2245 952 2290 intellectus
970 2246 1051 2289 erit
1073 2244 1251 2289 fortasse
1273 2245 1339 2288 vir
1360 2245 1531 2289 animae.
1725 2284 1727 2287 ,

400 2318 522 2360 XIX.
545 2316 707 2359 Videns
723 2330 823 2373 ergo
842 2318 964 2360 163113
979 2316 1080 2375 quia
1102 2314 1258 2359 mulier
1276 2330 1364 2359 non
1382 2315 1667 2374 intelligebat,
1688 2323 1732 2358 et

342 2388 491 2434 volens
519 2402 613 2432 eam
642 2386 909 2445 intelligere,
945 2406 965 2429 «
998 2389 1131 2442 Voca,
1157 2386 1331 2446 inquit,
1355 2387 1499 2431 virum
1531 2395 1673 2433 tuum.
1702 2403 1722 2426 »

392 2488 402 2506 ¹
422 2486 513 2515 Joan.
540 2490 585 2522 lv,
609 2483 658 2515 15.
686 2500 728 2506 -
748 2490 760 2506 ²
781 2482 897 2515 Matth.
918 2494 964 2523 111,
985 2485 1039 2514 28.
1068 2499 1108 2505 —-
1136 2480 1324 2522 ³Joan.1v,
1348 2481 1399 2513 16.
1426 2497 1466 2504 —
1488 2479 1503 2510 4
1530 2493 1541 2513 1
1570 2482 1642 2513 Cor.
1661 2491 1728 2520 mv,

353 2538 405 2571 35.
422 2556 464 2562 -
483 2537 497 2560 5
516 2541 592 2571 Luc.
618 2549 650 2578 x,
672 2539 724 2579 39.
