<?xml version="1.0" encoding="UTF-8"?>
<!DOCTYPE html PUBLIC "-//W3C//DTD XHTML 1.0 Transitional//EN"
    "http://www.w3.org/TR/xhtml1/DTD/xhtml1-transitional.dtd">
<html xmlns="http://www.w3.org/1999/xhtml" xml:lang="en" lang="en">
 <head>
  <title>
</title>
<meta http-equiv="Content-Type" content="text/html;charset=utf-8" />
  <meta name='ocr-system' content='tesseract 3.04.00' />
  <meta name='ocr-capabilities' content='ocr_page ocr_carea ocr_par ocr_line ocrx_word'/>
</head>
<body>
  <div class='ocr_page' id='page_1' title='image "./operaomniaaccura15auguuoft_0245.png"; bbox 0 0 1825 3214; ppageno 0'>
   <div class='ocr_carea' id='block_1_1' title="bbox 299 261 1448 306">
    <p class='ocr_par' dir='ltr' id='par_1_1' title="bbox 299 261 1448 306">
     <span class='ocr_line' id='line_1_1' title="bbox 299 261 1448 306; baseline 0.006 -14"><span class='ocrx_word' id='word_1_1' title='bbox 299 267 340 293; x_wconf 69' lang='lat' dir='ltr'>nv</span> <span class='ocrx_word' id='word_1_2' title='bbox 376 265 550 294; x_wconf 76' lang='lat' dir='ltr'>JoANNJs</span> <span class='ocrx_word' id='word_1_3' title='bbox 583 265 896 306; x_wconf 65' lang='lat' dir='ltr'>EvANGmJnM,</span> <span class='ocrx_word' id='word_1_4' title='bbox 931 267 1077 298; x_wconf 74' lang='grc' dir='ltr'><strong>τηΑρΤ.</strong></span> <span class='ocrx_word' id='word_1_5' title='bbox 1114 271 1200 298; x_wconf 78' lang='lat' dir='ltr'>xxi.</span> <span class='ocrx_word' id='word_1_6' title='bbox 1366 261 1448 300; x_wconf 75' lang='lat'>233</span> 
     </span>
    </p>
   </div>
   <div class='ocr_carea' id='block_1_2' title="bbox 42 333 1452 2598">
    <p class='ocr_par' dir='ltr' id='par_1_2' title="bbox 60 333 1450 607">
     <span class='ocr_line' id='line_1_2' title="bbox 65 333 1450 399; baseline 0.006 -23"><span class='ocrx_word' id='word_1_7' title='bbox 65 341 270 392; x_wconf 85' lang='lat' dir='ltr'>tanquam</span> <span class='ocrx_word' id='word_1_8' title='bbox 305 333 515 378; x_wconf 83' lang='lat' dir='ltr'>rationem</span> <span class='ocrx_word' id='word_1_9' title='bbox 553 334 733 393; x_wconf 77' lang='lat' dir='ltr'>subjecit</span> <span class='ocrx_word' id='word_1_10' title='bbox 761 333 816 377; x_wconf 89' lang='lat' dir='ltr'>de</span> <span class='ocrx_word' id='word_1_11' title='bbox 838 334 1004 394; x_wconf 85' lang='lat' dir='ltr'>judicio</span> <span class='ocrx_word' id='word_1_12' title='bbox 1040 336 1213 391; x_wconf 82' lang='lat' dir='ltr'>dicens,</span> <span class='ocrx_word' id='word_1_13' title='bbox 1248 357 1268 380; x_wconf 91' lang='lat'>«</span> <span class='ocrx_word' id='word_1_14' title='bbox 1307 353 1450 399; x_wconf 87' lang='lat' dir='ltr'>neque</span> 
     </span>
     <span class='ocr_line' id='line_1_3' title="bbox 66 403 1448 467; baseline 0.007 -22"><span class='ocrx_word' id='word_1_15' title='bbox 66 423 83 443; x_wconf 86' lang='lat'>»</span> <span class='ocrx_word' id='word_1_16' title='bbox 119 403 234 446; x_wconf 90' lang='lat' dir='ltr'>enim</span> <span class='ocrx_word' id='word_1_17' title='bbox 260 406 385 447; x_wconf 80' lang='lat' dir='ltr'>Patei-</span> <span class='ocrx_word' id='word_1_18' title='bbox 401 403 568 464; x_wconf 84' lang='lat' dir='ltr'>judicat</span> <span class='ocrx_word' id='word_1_19' title='bbox 584 421 874 465; x_wconf 82' lang='lat' dir='ltr'>quemquam,</span> <span class='ocrx_word' id='word_1_20' title='bbox 896 406 970 450; x_wconf 87' lang='lat' dir='ltr'>sed</span> <span class='ocrx_word' id='word_1_21' title='bbox 994 422 1123 452; x_wconf 86' lang='lat' dir='ltr'>omne</span> <span class='ocrx_word' id='word_1_22' title='bbox 1139 409 1355 467; x_wconf 85' lang='lat' dir='ltr'>judicium</span> <span class='ocrx_word' id='word_1_23' title='bbox 1378 410 1448 454; x_wconf 85' lang='lat' dir='ltr'>de-</span> 
     </span>
     <span class='ocr_line' id='line_1_4' title="bbox 63 472 1447 535; baseline 0.008 -21"><span class='ocrx_word' id='word_1_24' title='bbox 63 490 83 514; x_wconf 80' lang='lat'>»</span> <span class='ocrx_word' id='word_1_25' title='bbox 118 472 183 516; x_wconf 89' lang='lat' dir='ltr'>dit</span> <span class='ocrx_word' id='word_1_26' title='bbox 219 473 345 527; x_wconf 79' lang='lat' dir='ltr'>Filio,</span> <span class='ocrx_word' id='word_1_27' title='bbox 375 496 388 512; x_wconf 83' lang='lat'>»</span> <span class='ocrx_word' id='word_1_28' title='bbox 416 474 495 517; x_wconf 87' lang='lat' dir='ltr'>nisi</span> <span class='ocrx_word' id='word_1_29' title='bbox 524 476 625 535; x_wconf 80' lang='lat' dir='ltr'>quia</span> <span class='ocrx_word' id='word_1_30' title='bbox 649 476 704 520; x_wconf 90' lang='lat' dir='ltr'>de</span> <span class='ocrx_word' id='word_1_31' title='bbox 734 475 803 520; x_wconf 90' lang='lat' dir='ltr'>illa</span> <span class='ocrx_word' id='word_1_32' title='bbox 835 478 1147 522; x_wconf 76' lang='lat' dir='ltr'>resurrectione</span> <span class='ocrx_word' id='word_1_33' title='bbox 1175 489 1447 526; x_wconf 80' lang='lat' dir='ltr'>mortuorum</span> 
     </span>
     <span class='ocr_line' id='line_1_5' title="bbox 60 543 912 607; baseline 0.004 -20"><span class='ocrx_word' id='word_1_34' title='bbox 60 543 247 599; x_wconf 79' lang='lat' dir='ltr'>dixerat,</span> <span class='ocrx_word' id='word_1_35' title='bbox 274 560 373 605; x_wconf 82' lang='lat' dir='ltr'>quae</span> <span class='ocrx_word' id='word_1_36' title='bbox 396 546 543 590; x_wconf 84' lang='lat' dir='ltr'>futura</span> <span class='ocrx_word' id='word_1_37' title='bbox 567 556 630 591; x_wconf 87' lang='lat' dir='ltr'>est</span> <span class='ocrx_word' id='word_1_38' title='bbox 653 548 696 591; x_wconf 86' lang='lat' dir='ltr'>in</span> <span class='ocrx_word' id='word_1_39' title='bbox 714 547 912 607; x_wconf 79' lang='lat' dir='ltr'>judicio?</span> 
     </span>
    </p>

    <p class='ocr_par' dir='ltr' id='par_1_3' title="bbox 42 616 1452 2598">
     <span class='ocr_line' id='line_1_6' title="bbox 119 616 1449 681; baseline 0.008 -24"><span class='ocrx_word' id='word_1_40' title='bbox 119 616 219 657; x_wconf 75' lang='lat' dir='ltr'>xli.</span> <span class='ocrx_word' id='word_1_41' title='bbox 237 634 255 656; x_wconf 89' lang='lat'>«</span> <span class='ocrx_word' id='word_1_42' title='bbox 274 617 425 675; x_wconf 84' lang='lat' dir='ltr'>Neque</span> <span class='ocrx_word' id='word_1_43' title='bbox 447 617 578 671; x_wconf 83' lang='lat' dir='ltr'>enim,</span> <span class='ocrx_word' id='word_1_44' title='bbox 604 617 691 671; x_wconf 86' lang='lat' dir='ltr'>ait,</span> <span class='ocrx_word' id='word_1_45' title='bbox 720 622 844 662; x_wconf 85' lang='lat' dir='ltr'>Pater</span> <span class='ocrx_word' id='word_1_46' title='bbox 866 618 1034 679; x_wconf 89' lang='lat' dir='ltr'>judicat</span> <span class='ocrx_word' id='word_1_47' title='bbox 1056 634 1343 681; x_wconf 88' lang='lat' dir='ltr'>quemquam,</span> <span class='ocrx_word' id='word_1_48' title='bbox 1374 623 1449 667; x_wconf 90' lang='lat' dir='ltr'>sed</span> 
     </span>
     <span class='ocr_line' id='line_1_7' title="bbox 62 686 1450 751; baseline 0.009 -25"><span class='ocrx_word' id='word_1_49' title='bbox 62 703 81 725; x_wconf 90' lang='lat'>»</span> <span class='ocrx_word' id='word_1_50' title='bbox 117 700 245 729; x_wconf 87' lang='lat' dir='ltr'>omne</span> <span class='ocrx_word' id='word_1_51' title='bbox 259 686 473 746; x_wconf 87' lang='lat' dir='ltr'>judicium</span> <span class='ocrx_word' id='word_1_52' title='bbox 492 687 612 733; x_wconf 85' lang='lat' dir='ltr'><strong>dedit</strong></span> <span class='ocrx_word' id='word_1_53' title='bbox 633 689 756 733; x_wconf 89' lang='lat' dir='ltr'>Filio.</span> <span class='ocrx_word' id='word_1_54' title='bbox 785 708 804 731; x_wconf 94' lang='lat'>»</span> <span class='ocrx_word' id='word_1_55' title='bbox 826 691 960 735; x_wconf 89' lang='lat' dir='ltr'>Paulo</span> <span class='ocrx_word' id='word_1_56' title='bbox 977 701 1077 736; x_wconf 87' lang='lat' dir='ltr'>ante</span> <span class='ocrx_word' id='word_1_57' title='bbox 1092 692 1355 751; x_wconf 89' lang='lat' dir='ltr'>putabamus</span> <span class='ocrx_word' id='word_1_58' title='bbox 1372 694 1450 738; x_wconf 88' lang='lat' dir='ltr'>ali-</span> 
     </span>
     <span class='ocr_line' id='line_1_8' title="bbox 57 755 1448 824; baseline 0.009 -26"><span class='ocrx_word' id='word_1_59' title='bbox 57 756 163 816; x_wconf 87' lang='lat' dir='ltr'>quid</span> <span class='ocrx_word' id='word_1_60' title='bbox 189 755 329 801; x_wconf 83' lang='lat' dir='ltr'>facere</span> <span class='ocrx_word' id='word_1_61' title='bbox 351 762 545 815; x_wconf 87' lang='lat' dir='ltr'>Patrem,</span> <span class='ocrx_word' id='word_1_62' title='bbox 570 760 690 820; x_wconf 89' lang='lat' dir='ltr'>quod</span> <span class='ocrx_word' id='word_1_63' title='bbox 713 776 801 805; x_wconf 92' lang='lat' dir='ltr'>non</span> <span class='ocrx_word' id='word_1_64' title='bbox 824 762 928 807; x_wconf 82' lang='lat' dir='ltr'>facit</span> <span class='ocrx_word' id='word_1_65' title='bbox 954 761 1112 808; x_wconf 86' lang='lat' dir='ltr'>Filius:</span> <span class='ocrx_word' id='word_1_66' title='bbox 1135 764 1313 824; x_wconf 85' lang='lat' dir='ltr'>quando</span> <span class='ocrx_word' id='word_1_67' title='bbox 1327 765 1448 810; x_wconf 88' lang='lat' dir='ltr'>dice-</span> 
     </span>
     <span class='ocr_line' id='line_1_9' title="bbox 60 827 1449 889; baseline 0.009 -20"><span class='ocrx_word' id='word_1_68' title='bbox 60 827 132 871; x_wconf 86' lang='lat' dir='ltr'>bat</span> <span class='ocrx_word' id='word_1_69' title='bbox 150 863 160 882; x_wconf 97' lang='lat'>,</span> <span class='ocrx_word' id='word_1_70' title='bbox 187 848 204 869; x_wconf 78' lang='grc' dir='ltr'>α</span> <span class='ocrx_word' id='word_1_71' title='bbox 227 832 351 873; x_wconf 84' lang='lat' dir='ltr'>Pater</span> <span class='ocrx_word' id='word_1_72' title='bbox 378 830 493 874; x_wconf 90' lang='lat' dir='ltr'>enim</span> <span class='ocrx_word' id='word_1_73' title='bbox 522 830 661 889; x_wconf 82' lang='lat' dir='ltr'>diligit</span> <span class='ocrx_word' id='word_1_74' title='bbox 697 832 849 876; x_wconf 74' lang='lat' dir='ltr'>Filium</span> <span class='ocrx_word' id='word_1_75' title='bbox 874 844 915 877; x_wconf 85' lang='lat' dir='ltr'>et</span> <span class='ocrx_word' id='word_1_76' title='bbox 945 835 1090 878; x_wconf 90' lang='lat' dir='ltr'>omnia</span> <span class='ocrx_word' id='word_1_77' title='bbox 1113 834 1380 881; x_wconf 81' lang='lat' dir='ltr'>demonstrat</span> <span class='ocrx_word' id='word_1_78' title='bbox 1411 839 1449 882; x_wconf 89' lang='lat' dir='ltr'>ei</span> 
     </span>
     <span class='ocr_line' id='line_1_10' title="bbox 60 898 1450 962; baseline 0.012 -25"><span class='ocrx_word' id='word_1_79' title='bbox 60 915 79 938; x_wconf 86' lang='lat'>»</span> <span class='ocrx_word' id='word_1_80' title='bbox 115 914 214 957; x_wconf 80' lang='lat' dir='ltr'>quae</span> <span class='ocrx_word' id='word_1_81' title='bbox 237 899 324 958; x_wconf 86' lang='lat' dir='ltr'>ipse</span> <span class='ocrx_word' id='word_1_82' title='bbox 347 898 450 945; x_wconf 82' lang='lat' dir='ltr'>facit</span> <span class='ocrx_word' id='word_1_83' title='bbox 471 920 479 945; x_wconf 92' lang='lat'><strong>:</strong></span> <span class='ocrx_word' id='word_1_84' title='bbox 504 922 520 939; x_wconf 58' lang='grc' dir='ltr'>ν)</span> <span class='ocrx_word' id='word_1_85' title='bbox 547 910 751 962; x_wconf 77' lang='lat' dir='ltr'>tanquam</span> <span class='ocrx_word' id='word_1_86' title='bbox 778 907 903 948; x_wconf 80' lang='lat' dir='ltr'>Pater</span> <span class='ocrx_word' id='word_1_87' title='bbox 926 904 1138 961; x_wconf 90' lang='lat' dir='ltr'>faciebat,</span> <span class='ocrx_word' id='word_1_88' title='bbox 1164 917 1207 950; x_wconf 90' lang='lat' dir='ltr'>et</span> <span class='ocrx_word' id='word_1_89' title='bbox 1231 907 1357 952; x_wconf 81' lang='lat' dir='ltr'>Filius</span> <span class='ocrx_word' id='word_1_90' title='bbox 1384 909 1450 953; x_wconf 89' lang='lat' dir='ltr'>vi-</span> 
     </span>
     <span class='ocr_line' id='line_1_11' title="bbox 55 966 1449 1031; baseline 0.009 -20"><span class='ocrx_word' id='word_1_91' title='bbox 55 966 202 1012; x_wconf 87' lang='lat' dir='ltr'>debat.</span> <span class='ocrx_word' id='word_1_92' title='bbox 232 970 299 1014; x_wconf 89' lang='lat' dir='ltr'>Sic</span> <span class='ocrx_word' id='word_1_93' title='bbox 322 980 412 1015; x_wconf 85' lang='lat' dir='ltr'>erat</span> <span class='ocrx_word' id='word_1_94' title='bbox 434 971 674 1031; x_wconf 77' lang='lat' dir='ltr'>subrepens</span> <span class='ocrx_word' id='word_1_95' title='bbox 697 975 833 1018; x_wconf 88' lang='lat' dir='ltr'>menti</span> <span class='ocrx_word' id='word_1_96' title='bbox 854 984 1011 1019; x_wconf 85' lang='lat' dir='ltr'>nostrae</span> <span class='ocrx_word' id='word_1_97' title='bbox 1034 976 1279 1022; x_wconf 85' lang='lat' dir='ltr'>intellectus</span> <span class='ocrx_word' id='word_1_98' title='bbox 1294 994 1449 1024; x_wconf 83' lang='lat' dir='ltr'>carna-</span> 
     </span>
     <span class='ocr_line' id='line_1_12' title="bbox 54 1037 1449 1101; baseline 0.009 -20"><span class='ocrx_word' id='word_1_99' title='bbox 54 1037 132 1091; x_wconf 89' lang='lat' dir='ltr'>lis,</span> <span class='ocrx_word' id='word_1_100' title='bbox 164 1041 285 1099; x_wconf 81' lang='lat' dir='ltr'>quasi</span> <span class='ocrx_word' id='word_1_101' title='bbox 326 1044 449 1085; x_wconf 79' lang='lat' dir='ltr'>Pater</span> <span class='ocrx_word' id='word_1_102' title='bbox 480 1040 639 1087; x_wconf 86' lang='lat' dir='ltr'>faceret</span> <span class='ocrx_word' id='word_1_103' title='bbox 671 1044 791 1101; x_wconf 86' lang='lat' dir='ltr'>quod</span> <span class='ocrx_word' id='word_1_104' title='bbox 823 1044 949 1089; x_wconf 84' lang='lat' dir='ltr'>Filius</span> <span class='ocrx_word' id='word_1_105' title='bbox 979 1062 1067 1090; x_wconf 91' lang='lat' dir='ltr'>non</span> <span class='ocrx_word' id='word_1_106' title='bbox 1106 1046 1294 1093; x_wconf 77' lang='lat' dir='ltr'>faceret:</span> <span class='ocrx_word' id='word_1_107' title='bbox 1320 1050 1449 1095; x_wconf 91' lang='lat' dir='ltr'>Filius</span> 
     </span>
     <span class='ocr_line' id='line_1_13' title="bbox 55 1111 1448 1178; baseline 0.009 -25"><span class='ocrx_word' id='word_1_108' title='bbox 55 1119 200 1154; x_wconf 90' lang='lat' dir='ltr'>autem</span> <span class='ocrx_word' id='word_1_109' title='bbox 227 1111 391 1156; x_wconf 80' lang='lat' dir='ltr'>videret</span> <span class='ocrx_word' id='word_1_110' title='bbox 418 1117 586 1157; x_wconf 78' lang='lat' dir='ltr'>Patrem</span> <span class='ocrx_word' id='word_1_111' title='bbox 611 1114 980 1161; x_wconf 81' lang='lat' dir='ltr'>demonstrantem</span> <span class='ocrx_word' id='word_1_112' title='bbox 1000 1152 1010 1172; x_wconf 93' lang='lat'><strong>‚</strong></span> <span class='ocrx_word' id='word_1_113' title='bbox 1031 1119 1152 1178; x_wconf 90' lang='lat' dir='ltr'>quod</span> <span class='ocrx_word' id='word_1_114' title='bbox 1175 1120 1297 1164; x_wconf 81' lang='lat' dir='ltr'>fieret</span> <span class='ocrx_word' id='word_1_115' title='bbox 1319 1123 1341 1164; x_wconf 77' lang='lat' dir='ltr'>a</span> <span class='ocrx_word' id='word_1_116' title='bbox 1363 1125 1448 1166; x_wconf 90' lang='lat' dir='ltr'>Pa-</span> 
     </span>
     <span class='ocr_line' id='line_1_14' title="bbox 54 1183 1443 1248; baseline 0.01 -24"><span class='ocrx_word' id='word_1_117' title='bbox 54 1189 134 1225; x_wconf 79' lang='lat' dir='ltr'>tre.</span> <span class='ocrx_word' id='word_1_118' title='bbox 157 1183 274 1240; x_wconf 81' lang='lat' dir='ltr'>Ergo</span> <span class='ocrx_word' id='word_1_119' title='bbox 294 1183 420 1227; x_wconf 82' lang='lat' dir='ltr'>velut</span> <span class='ocrx_word' id='word_1_120' title='bbox 444 1188 570 1229; x_wconf 77' lang='lat' dir='ltr'>Pater</span> <span class='ocrx_word' id='word_1_121' title='bbox 592 1185 801 1241; x_wconf 81' lang='lat' dir='ltr'>faciebat,</span> <span class='ocrx_word' id='word_1_122' title='bbox 824 1187 944 1248; x_wconf 83' lang='lat' dir='ltr'>quod</span> <span class='ocrx_word' id='word_1_123' title='bbox 966 1189 1092 1234; x_wconf 88' lang='lat' dir='ltr'>Filius</span> <span class='ocrx_word' id='word_1_124' title='bbox 1115 1206 1205 1235; x_wconf 91' lang='lat' dir='ltr'>non</span> <span class='ocrx_word' id='word_1_125' title='bbox 1228 1191 1413 1238; x_wconf 81' lang='lat' dir='ltr'>faciebat</span> <span class='ocrx_word' id='word_1_126' title='bbox 1435 1213 1443 1239; x_wconf 89' lang='lat'>:</span> 
     </span>
     <span class='ocr_line' id='line_1_15' title="bbox 55 1252 1452 1321; baseline 0.011 -27"><span class='ocrx_word' id='word_1_127' title='bbox 55 1252 187 1296; x_wconf 91' lang='lat' dir='ltr'>modo</span> <span class='ocrx_word' id='word_1_128' title='bbox 206 1253 296 1312; x_wconf 88' lang='lat' dir='ltr'>jam</span> <span class='ocrx_word' id='word_1_129' title='bbox 322 1253 521 1298; x_wconf 88' lang='lat' dir='ltr'>videmus</span> <span class='ocrx_word' id='word_1_130' title='bbox 539 1256 703 1316; x_wconf 84' lang='lat' dir='ltr'>aliquid</span> <span class='ocrx_word' id='word_1_131' title='bbox 728 1258 869 1301; x_wconf 68' lang='lat' dir='ltr'>facere</span> <span class='ocrx_word' id='word_1_132' title='bbox 897 1259 1046 1303; x_wconf 80' lang='lat' dir='ltr'>Filium</span> <span class='ocrx_word' id='word_1_133' title='bbox 1065 1295 1076 1316; x_wconf 94' lang='lat'>,</span> <span class='ocrx_word' id='word_1_134' title='bbox 1095 1262 1219 1321; x_wconf 83' lang='lat' dir='ltr'>quod</span> <span class='ocrx_word' id='word_1_135' title='bbox 1241 1278 1329 1307; x_wconf 92' lang='lat' dir='ltr'>non</span> <span class='ocrx_word' id='word_1_136' title='bbox 1348 1262 1452 1310; x_wconf 87' lang='lat' dir='ltr'>facit</span> 
     </span>
     <span class='ocr_line' id='line_1_16' title="bbox 58 1325 1449 1395; baseline 0.012 -30"><span class='ocrx_word' id='word_1_137' title='bbox 58 1325 200 1367; x_wconf 79' lang='lat' dir='ltr'>Pater.</span> <span class='ocrx_word' id='word_1_138' title='bbox 228 1325 459 1377; x_wconf 84' lang='lat' dir='ltr'>Quomodo</span> <span class='ocrx_word' id='word_1_139' title='bbox 483 1342 560 1371; x_wconf 92' lang='lat' dir='ltr'>nos</span> <span class='ocrx_word' id='word_1_140' title='bbox 583 1339 743 1383; x_wconf 79' lang='lat' dir='ltr'>versat,</span> <span class='ocrx_word' id='word_1_141' title='bbox 765 1340 806 1373; x_wconf 89' lang='lat' dir='ltr'>et</span> <span class='ocrx_word' id='word_1_142' title='bbox 834 1341 1024 1375; x_wconf 79' lang='lat' dir='ltr'>mentem</span> <span class='ocrx_word' id='word_1_143' title='bbox 1050 1342 1242 1378; x_wconf 87' lang='lat' dir='ltr'>nostram</span> <span class='ocrx_word' id='word_1_144' title='bbox 1261 1345 1449 1395; x_wconf 79' lang='lat' dir='ltr'>pertrac-</span> 
     </span>
     <span class='ocr_line' id='line_1_17' title="bbox 56 1394 1446 1454; baseline 0.012 -19"><span class='ocrx_word' id='word_1_145' title='bbox 56 1401 140 1446; x_wconf 88' lang='lat' dir='ltr'>tat,</span> <span class='ocrx_word' id='word_1_146' title='bbox 163 1394 249 1438; x_wconf 89' lang='lat' dir='ltr'>huc</span> <span class='ocrx_word' id='word_1_147' title='bbox 268 1405 398 1454; x_wconf 87' lang='lat' dir='ltr'>atque</span> <span class='ocrx_word' id='word_1_148' title='bbox 421 1396 523 1442; x_wconf 90' lang='lat' dir='ltr'>illuc</span> <span class='ocrx_word' id='word_1_149' title='bbox 549 1397 694 1454; x_wconf 87' lang='lat' dir='ltr'>ducit,</span> <span class='ocrx_word' id='word_1_150' title='bbox 723 1416 810 1444; x_wconf 84' lang='lat' dir='ltr'>uno</span> <span class='ocrx_word' id='word_1_151' title='bbox 833 1402 972 1446; x_wconf 84' lang='lat' dir='ltr'>carnis</span> <span class='ocrx_word' id='word_1_152' title='bbox 995 1401 1092 1448; x_wconf 93' lang='lat' dir='ltr'>loco</span> <span class='ocrx_word' id='word_1_153' title='bbox 1115 1419 1337 1450; x_wconf 85' lang='lat' dir='ltr'>remanere</span> <span class='ocrx_word' id='word_1_154' title='bbox 1357 1423 1446 1452; x_wconf 92' lang='lat' dir='ltr'>non</span> 
     </span>
     <span class='ocr_line' id='line_1_18' title="bbox 52 1462 1446 1529; baseline 0.012 -24"><span class='ocrx_word' id='word_1_155' title='bbox 52 1462 170 1518; x_wconf 89' lang='lat' dir='ltr'>sinit,</span> <span class='ocrx_word' id='word_1_156' title='bbox 190 1474 240 1508; x_wconf 87' lang='lat' dir='ltr'>ut</span> <span class='ocrx_word' id='word_1_157' title='bbox 256 1468 467 1511; x_wconf 82' lang='lat' dir='ltr'>versando</span> <span class='ocrx_word' id='word_1_158' title='bbox 482 1480 698 1524; x_wconf 77' lang='lat' dir='ltr'>exerceat,</span> <span class='ocrx_word' id='word_1_159' title='bbox 714 1471 956 1516; x_wconf 81' lang='lat' dir='ltr'>exercendo</span> <span class='ocrx_word' id='word_1_160' title='bbox 969 1474 1169 1529; x_wconf 88' lang='lat' dir='ltr'>mundet,</span> <span class='ocrx_word' id='word_1_161' title='bbox 1189 1476 1446 1523; x_wconf 87' lang='lat' dir='ltr'>mundando</span> 
     </span>
     <span class='ocr_line' id='line_1_19' title="bbox 50 1535 1446 1600; baseline 0.011 -24"><span class='ocrx_word' id='word_1_162' title='bbox 50 1547 226 1592; x_wconf 86' lang='lat' dir='ltr'>capaces</span> <span class='ocrx_word' id='word_1_163' title='bbox 250 1535 429 1591; x_wconf 83' lang='lat' dir='ltr'>reddat,</span> <span class='ocrx_word' id='word_1_164' title='bbox 448 1553 625 1598; x_wconf 79' lang='lat' dir='ltr'>capaces</span> <span class='ocrx_word' id='word_1_165' title='bbox 649 1539 783 1586; x_wconf 88' lang='lat' dir='ltr'>factos</span> <span class='ocrx_word' id='word_1_166' title='bbox 801 1541 994 1600; x_wconf 87' lang='lat' dir='ltr'>impleat.</span> <span class='ocrx_word' id='word_1_167' title='bbox 1022 1544 1139 1597; x_wconf 88' lang='lat' dir='ltr'>Quid</span> <span class='ocrx_word' id='word_1_168' title='bbox 1162 1546 1217 1590; x_wconf 87' lang='lat' dir='ltr'>de</span> <span class='ocrx_word' id='word_1_169' title='bbox 1236 1546 1361 1591; x_wconf 92' lang='lat' dir='ltr'>bonis</span> <span class='ocrx_word' id='word_1_170' title='bbox 1384 1546 1446 1593; x_wconf 89' lang='lat' dir='ltr'>fa-</span> 
     </span>
     <span class='ocr_line' id='line_1_20' title="bbox 50 1603 1444 1674; baseline 0.011 -27"><span class='ocrx_word' id='word_1_171' title='bbox 50 1603 172 1648; x_wconf 91' lang='lat' dir='ltr'>ciunt</span> <span class='ocrx_word' id='word_1_172' title='bbox 189 1607 321 1650; x_wconf 86' lang='lat' dir='ltr'>verba</span> <span class='ocrx_word' id='word_1_173' title='bbox 347 1608 466 1652; x_wconf 78' lang='lat' dir='ltr'>haec?</span> <span class='ocrx_word' id='word_1_174' title='bbox 489 1610 596 1668; x_wconf 84' lang='lat' dir='ltr'>quid</span> <span class='ocrx_word' id='word_1_175' title='bbox 615 1610 909 1670; x_wconf 80' lang='lat' dir='ltr'>loquebatur?</span> <span class='ocrx_word' id='word_1_176' title='bbox 934 1613 1039 1672; x_wconf 86' lang='lat' dir='ltr'>quid</span> <span class='ocrx_word' id='word_1_177' title='bbox 1059 1613 1284 1674; x_wconf 82' lang='lat' dir='ltr'>loquitur?</span> <span class='ocrx_word' id='word_1_178' title='bbox 1308 1618 1444 1664; x_wconf 92' lang='lat' dir='ltr'>Paulo</span> 
     </span>
     <span class='ocr_line' id='line_1_21' title="bbox 55 1675 1440 1746; baseline 0.013 -30"><span class='ocrx_word' id='word_1_179' title='bbox 55 1683 156 1717; x_wconf 85' lang='lat' dir='ltr'>ante</span> <span class='ocrx_word' id='word_1_180' title='bbox 173 1675 346 1720; x_wconf 80' lang='lat' dir='ltr'>dicebat</span> <span class='ocrx_word' id='word_1_181' title='bbox 363 1712 372 1731; x_wconf 91' lang='lat'>,</span> <span class='ocrx_word' id='word_1_182' title='bbox 394 1678 494 1738; x_wconf 87' lang='lat' dir='ltr'>quia</span> <span class='ocrx_word' id='word_1_183' title='bbox 519 1679 788 1725; x_wconf 77' lang='lat' dir='ltr'>demonstrat</span> <span class='ocrx_word' id='word_1_184' title='bbox 803 1683 906 1726; x_wconf 87' lang='lat' dir='ltr'>Filio</span> <span class='ocrx_word' id='word_1_185' title='bbox 930 1687 1054 1728; x_wconf 85' lang='lat' dir='ltr'>Pater</span> <span class='ocrx_word' id='word_1_186' title='bbox 1074 1685 1292 1746; x_wconf 90' lang='lat' dir='ltr'>quidquid</span> <span class='ocrx_word' id='word_1_187' title='bbox 1306 1687 1412 1733; x_wconf 89' lang='lat' dir='ltr'>facit</span> <span class='ocrx_word' id='word_1_188' title='bbox 1431 1709 1440 1735; x_wconf 91' lang='lat'>:</span> 
     </span>
     <span class='ocr_line' id='line_1_22' title="bbox 48 1745 1438 1817; baseline 0.013 -29"><span class='ocrx_word' id='word_1_189' title='bbox 48 1745 252 1791; x_wconf 81' lang='lat' dir='ltr'>videbam</span> <span class='ocrx_word' id='word_1_190' title='bbox 285 1749 404 1807; x_wconf 86' lang='lat' dir='ltr'>quasi</span> <span class='ocrx_word' id='word_1_191' title='bbox 442 1753 610 1794; x_wconf 81' lang='lat' dir='ltr'>Patrem</span> <span class='ocrx_word' id='word_1_192' title='bbox 635 1751 864 1797; x_wconf 84' lang='lat' dir='ltr'>facientem</span> <span class='ocrx_word' id='word_1_193' title='bbox 883 1789 893 1808; x_wconf 95' lang='lat'>,</span> <span class='ocrx_word' id='word_1_194' title='bbox 921 1754 1082 1799; x_wconf 84' lang='lat' dir='ltr'>Filium</span> <span class='ocrx_word' id='word_1_195' title='bbox 1107 1768 1408 1817; x_wconf 82' lang='lat' dir='ltr'>expectantem</span> <span class='ocrx_word' id='word_1_196' title='bbox 1429 1780 1438 1806; x_wconf 89' lang='lat'>:</span> 
     </span>
     <span class='ocr_line' id='line_1_23' title="bbox 52 1816 1438 1880; baseline 0.012 -20"><span class='ocrx_word' id='word_1_197' title='bbox 52 1816 184 1862; x_wconf 90' lang='lat' dir='ltr'>modo</span> <span class='ocrx_word' id='word_1_198' title='bbox 210 1833 357 1863; x_wconf 84' lang='lat' dir='ltr'>rursus</span> <span class='ocrx_word' id='word_1_199' title='bbox 380 1820 506 1865; x_wconf 92' lang='lat' dir='ltr'>video</span> <span class='ocrx_word' id='word_1_200' title='bbox 529 1821 680 1866; x_wconf 89' lang='lat' dir='ltr'>Filium</span> <span class='ocrx_word' id='word_1_201' title='bbox 706 1823 961 1880; x_wconf 82' lang='lat' dir='ltr'>facientem,</span> <span class='ocrx_word' id='word_1_202' title='bbox 989 1829 1159 1871; x_wconf 84' lang='lat' dir='ltr'>Patrem</span> <span class='ocrx_word' id='word_1_203' title='bbox 1183 1839 1406 1875; x_wconf 86' lang='lat' dir='ltr'>vacantem</span> <span class='ocrx_word' id='word_1_204' title='bbox 1428 1852 1438 1878; x_wconf 74' lang='grc' dir='ltr'>ε</span> 
     </span>
     <span class='ocr_line' id='line_1_24' title="bbox 53 1889 1440 1959; baseline 0.013 -30"><span class='ocrx_word' id='word_1_205' title='bbox 53 1906 72 1927; x_wconf 80' lang='grc' dir='ltr'>α</span> <span class='ocrx_word' id='word_1_206' title='bbox 107 1889 202 1931; x_wconf 86' lang='grc' dir='ltr'>Νοη</span> <span class='ocrx_word' id='word_1_207' title='bbox 221 1889 335 1932; x_wconf 89' lang='lat' dir='ltr'>enim</span> <span class='ocrx_word' id='word_1_208' title='bbox 358 1894 482 1934; x_wconf 86' lang='lat' dir='ltr'>Pater</span> <span class='ocrx_word' id='word_1_209' title='bbox 493 1890 661 1951; x_wconf 87' lang='lat' dir='ltr'>judicat</span> <span class='ocrx_word' id='word_1_210' title='bbox 678 1909 943 1954; x_wconf 84' lang='lat' dir='ltr'>quemquam</span> <span class='ocrx_word' id='word_1_211' title='bbox 959 1930 970 1951; x_wconf 94' lang='lat'>,</span> <span class='ocrx_word' id='word_1_212' title='bbox 991 1896 1067 1941; x_wconf 86' lang='lat' dir='ltr'>sed</span> <span class='ocrx_word' id='word_1_213' title='bbox 1083 1913 1213 1943; x_wconf 86' lang='lat' dir='ltr'>omne</span> <span class='ocrx_word' id='word_1_214' title='bbox 1222 1900 1440 1959; x_wconf 90' lang='lat' dir='ltr'>judicium</span> 
     </span>
     <span class='ocr_line' id='line_1_25' title="bbox 50 1958 1441 2027; baseline 0.016 -30"><span class='ocrx_word' id='word_1_215' title='bbox 50 1975 70 1998; x_wconf 91' lang='lat'>»</span> <span class='ocrx_word' id='word_1_216' title='bbox 105 1958 226 2003; x_wconf 87' lang='lat' dir='ltr'>dedit</span> <span class='ocrx_word' id='word_1_217' title='bbox 251 1960 378 2004; x_wconf 90' lang='lat' dir='ltr'>Filio.</span> <span class='ocrx_word' id='word_1_218' title='bbox 401 1980 420 2002; x_wconf 87' lang='lat'>»</span> <span class='ocrx_word' id='word_1_219' title='bbox 439 1963 629 2015; x_wconf 89' lang='lat' dir='ltr'>Quando</span> <span class='ocrx_word' id='word_1_220' title='bbox 651 1979 752 2023; x_wconf 85' lang='lat' dir='ltr'>ergo</span> <span class='ocrx_word' id='word_1_221' title='bbox 771 1971 800 2008; x_wconf 87' lang='lat' dir='ltr'>F</span> <span class='ocrx_word' id='word_1_222' title='bbox 804 1965 901 2010; x_wconf 90' lang='lat' dir='ltr'>ilius</span> <span class='ocrx_word' id='word_1_223' title='bbox 913 1967 1188 2025; x_wconf 76' lang='lat' dir='ltr'>judicaturus</span> <span class='ocrx_word' id='word_1_224' title='bbox 1208 1981 1291 2027; x_wconf 90' lang='lat' dir='ltr'>est,</span> <span class='ocrx_word' id='word_1_225' title='bbox 1314 1976 1441 2018; x_wconf 86' lang='lat' dir='ltr'>Pater</span> 
     </span>
     <span class='ocr_line' id='line_1_26' title="bbox 47 2029 1440 2103; baseline 0.014 -32"><span class='ocrx_word' id='word_1_226' title='bbox 47 2029 218 2074; x_wconf 89' lang='lat' dir='ltr'>vacabit</span> <span class='ocrx_word' id='word_1_227' title='bbox 239 2040 282 2074; x_wconf 90' lang='lat' dir='ltr'>et</span> <span class='ocrx_word' id='word_1_228' title='bbox 304 2046 391 2075; x_wconf 91' lang='lat' dir='ltr'>non</span> <span class='ocrx_word' id='word_1_229' title='bbox 411 2031 652 2092; x_wconf 78' lang='lat' dir='ltr'>judicabit?</span> <span class='ocrx_word' id='word_1_230' title='bbox 680 2035 797 2088; x_wconf 89' lang='lat' dir='ltr'>Quid</span> <span class='ocrx_word' id='word_1_231' title='bbox 819 2045 880 2080; x_wconf 88' lang='lat' dir='ltr'>est</span> <span class='ocrx_word' id='word_1_232' title='bbox 903 2037 1016 2082; x_wconf 85' lang='lat' dir='ltr'>hoc?</span> <span class='ocrx_word' id='word_1_233' title='bbox 1038 2040 1146 2100; x_wconf 88' lang='lat' dir='ltr'>quid</span> <span class='ocrx_word' id='word_1_234' title='bbox 1170 2041 1440 2103; x_wconf 74' lang='lat' dir='ltr'>intelligam?</span> 
     </span>
     <span class='ocr_line' id='line_1_27' title="bbox 46 2100 1438 2165; baseline 0.014 -23"><span class='ocrx_word' id='word_1_235' title='bbox 46 2100 244 2156; x_wconf 90' lang='lat' dir='ltr'>Domine,</span> <span class='ocrx_word' id='word_1_236' title='bbox 276 2101 383 2161; x_wconf 88' lang='lat' dir='ltr'>quid</span> <span class='ocrx_word' id='word_1_237' title='bbox 417 2104 550 2148; x_wconf 82' lang='lat' dir='ltr'>dicis?</span> <span class='ocrx_word' id='word_1_238' title='bbox 580 2106 774 2151; x_wconf 72' lang='lat' dir='ltr'>Verbum</span> <span class='ocrx_word' id='word_1_239' title='bbox 806 2111 918 2153; x_wconf 91' lang='lat' dir='ltr'>Deus</span> <span class='ocrx_word' id='word_1_240' title='bbox 954 2125 1014 2165; x_wconf 73' lang='lat' dir='ltr'>eS,</span> <span class='ocrx_word' id='word_1_241' title='bbox 1036 2111 1168 2157; x_wconf 90' lang='lat' dir='ltr'>homo</span> <span class='ocrx_word' id='word_1_242' title='bbox 1189 2129 1301 2159; x_wconf 86' lang='lat' dir='ltr'>sum.</span> <span class='ocrx_word' id='word_1_243' title='bbox 1324 2116 1438 2162; x_wconf 89' lang='lat' dir='ltr'>Dicis</span> 
     </span>
     <span class='ocr_line' id='line_1_28' title="bbox 46 2171 1436 2245; baseline 0.014 -33"><span class='ocrx_word' id='word_1_244' title='bbox 46 2171 145 2229; x_wconf 86' lang='lat' dir='ltr'>quia</span> <span class='ocrx_word' id='word_1_245' title='bbox 167 2189 186 2212; x_wconf 88' lang='lat'>«</span> <span class='ocrx_word' id='word_1_246' title='bbox 208 2174 334 2216; x_wconf 86' lang='lat' dir='ltr'>Pater</span> <span class='ocrx_word' id='word_1_247' title='bbox 356 2189 444 2217; x_wconf 93' lang='lat' dir='ltr'>non</span> <span class='ocrx_word' id='word_1_248' title='bbox 466 2174 635 2233; x_wconf 87' lang='lat' dir='ltr'>judicat</span> <span class='ocrx_word' id='word_1_249' title='bbox 657 2192 946 2237; x_wconf 87' lang='lat' dir='ltr'>quemquam,</span> <span class='ocrx_word' id='word_1_250' title='bbox 972 2180 1046 2224; x_wconf 88' lang='lat' dir='ltr'>sed</span> <span class='ocrx_word' id='word_1_251' title='bbox 1069 2198 1198 2228; x_wconf 90' lang='lat' dir='ltr'>omne</span> <span class='ocrx_word' id='word_1_252' title='bbox 1219 2184 1436 2245; x_wconf 89' lang='lat' dir='ltr'>judicium</span> 
     </span>
     <span class='ocr_line' id='line_1_29' title="bbox 50 2239 1435 2315; baseline 0.017 -35"><span class='ocrx_word' id='word_1_253' title='bbox 50 2259 68 2280; x_wconf 83' lang='grc'>»</span> <span class='ocrx_word' id='word_1_254' title='bbox 104 2239 226 2287; x_wconf 87' lang='lat' dir='ltr'>dedit</span> <span class='ocrx_word' id='word_1_255' title='bbox 253 2241 428 2287; x_wconf 82' lang='lat' dir='ltr'>Filio?»</span> <span class='ocrx_word' id='word_1_256' title='bbox 452 2247 568 2304; x_wconf 84' lang='lat' dir='ltr'>Lego</span> <span class='ocrx_word' id='word_1_257' title='bbox 601 2246 685 2290; x_wconf 89' lang='lat' dir='ltr'>alio</span> <span class='ocrx_word' id='word_1_258' title='bbox 718 2246 816 2292; x_wconf 90' lang='lat' dir='ltr'>loco</span> <span class='ocrx_word' id='word_1_259' title='bbox 847 2257 888 2292; x_wconf 91' lang='lat' dir='ltr'>te</span> <span class='ocrx_word' id='word_1_260' title='bbox 918 2248 1152 2307; x_wconf 90' lang='lat' dir='ltr'>dicentem,</span> <span class='ocrx_word' id='word_1_261' title='bbox 1177 2258 1312 2315; x_wconf 87' lang='lat' dir='ltr'>«Ego</span> <span class='ocrx_word' id='word_1_262' title='bbox 1344 2273 1435 2303; x_wconf 91' lang='lat' dir='ltr'>non</span> 
     </span>
     <span class='ocr_line' id='line_1_30' title="bbox 47 2311 1434 2383; baseline 0.016 -30"><span class='ocrx_word' id='word_1_263' title='bbox 47 2328 67 2351; x_wconf 87' lang='lat'>»</span> <span class='ocrx_word' id='word_1_264' title='bbox 97 2311 249 2370; x_wconf 86' lang='lat' dir='ltr'>judico</span> <span class='ocrx_word' id='word_1_265' title='bbox 280 2329 567 2374; x_wconf 88' lang='lat' dir='ltr'>quemquam,</span> <span class='ocrx_word' id='word_1_266' title='bbox 601 2327 667 2361; x_wconf 89' lang='lat' dir='ltr'>est</span> <span class='ocrx_word' id='word_1_267' title='bbox 697 2319 772 2378; x_wconf 85' lang='lat' dir='ltr'>qui</span> <span class='ocrx_word' id='word_1_268' title='bbox 808 2330 975 2379; x_wconf 80' lang='lat' dir='ltr'>quaerat</span> <span class='ocrx_word' id='word_1_269' title='bbox 1002 2332 1044 2366; x_wconf 88' lang='lat' dir='ltr'>ct</span> <span class='ocrx_word' id='word_1_270' title='bbox 1067 2324 1236 2383; x_wconf 85' lang='lat' dir='ltr'>judicet</span> <span class='ocrx_word' id='word_1_271' title='bbox 1257 2330 1300 2373; x_wconf 90' lang='lat'>¹:</span> <span class='ocrx_word' id='word_1_272' title='bbox 1330 2345 1350 2370; x_wconf 87' lang='lat'>»</span> <span class='ocrx_word' id='word_1_273' title='bbox 1378 2329 1434 2374; x_wconf 86' lang='lat' dir='ltr'>de</span> 
     </span>
     <span class='ocr_line' id='line_1_31' title="bbox 43 2381 1433 2450; baseline 0.014 -25"><span class='ocrx_word' id='word_1_274' title='bbox 43 2397 132 2440; x_wconf 92' lang='lat' dir='ltr'>quo</span> <span class='ocrx_word' id='word_1_275' title='bbox 153 2381 284 2438; x_wconf 91' lang='lat' dir='ltr'>dicis,</span> <span class='ocrx_word' id='word_1_276' title='bbox 309 2394 373 2429; x_wconf 88' lang='lat' dir='ltr'>est</span> <span class='ocrx_word' id='word_1_277' title='bbox 394 2387 469 2445; x_wconf 91' lang='lat' dir='ltr'>qui</span> <span class='ocrx_word' id='word_1_278' title='bbox 499 2398 665 2447; x_wconf 77' lang='lat' dir='ltr'>quaerat</span> <span class='ocrx_word' id='word_1_279' title='bbox 696 2399 739 2433; x_wconf 89' lang='lat' dir='ltr'>et</span> <span class='ocrx_word' id='word_1_280' title='bbox 762 2390 952 2450; x_wconf 88' lang='lat' dir='ltr'>judicet,</span> <span class='ocrx_word' id='word_1_281' title='bbox 982 2394 1061 2437; x_wconf 91' lang='lat' dir='ltr'>nisi</span> <span class='ocrx_word' id='word_1_282' title='bbox 1090 2394 1145 2438; x_wconf 91' lang='lat' dir='ltr'>de</span> <span class='ocrx_word' id='word_1_283' title='bbox 1176 2400 1331 2443; x_wconf 75' lang='lat' dir='ltr'>Patre?</span> <span class='ocrx_word' id='word_1_284' title='bbox 1354 2400 1433 2444; x_wconf 87' lang='lat' dir='ltr'>Ille</span> 
     </span>
     <span class='ocr_line' id='line_1_32' title="bbox 42 2454 1431 2522; baseline 0.014 -27"><span class='ocrx_word' id='word_1_285' title='bbox 42 2454 200 2512; x_wconf 81' lang='lat' dir='ltr'>quaerit</span> <span class='ocrx_word' id='word_1_286' title='bbox 216 2454 392 2514; x_wconf 87' lang='lat' dir='ltr'>injurias</span> <span class='ocrx_word' id='word_1_287' title='bbox 417 2465 510 2501; x_wconf 86' lang='lat' dir='ltr'>tuas</span> <span class='ocrx_word' id='word_1_288' title='bbox 525 2493 535 2512; x_wconf 98' lang='lat'>,</span> <span class='ocrx_word' id='word_1_289' title='bbox 555 2457 626 2503; x_wconf 88' lang='lat' dir='ltr'>ille</span> <span class='ocrx_word' id='word_1_290' title='bbox 642 2459 808 2519; x_wconf 84' lang='lat' dir='ltr'>judicat</span> <span class='ocrx_word' id='word_1_291' title='bbox 831 2459 1065 2522; x_wconf 82' lang='lat' dir='ltr'>deinjnriis</span> <span class='ocrx_word' id='word_1_292' title='bbox 1082 2468 1180 2511; x_wconf 88' lang='lat' dir='ltr'>tuis.</span> <span class='ocrx_word' id='word_1_293' title='bbox 1202 2470 1431 2521; x_wconf 86' lang='lat' dir='ltr'>Quomodo</span> 
     </span>
     <span class='ocr_line' id='line_1_33' title="bbox 42 2523 1427 2598; baseline 0.014 -31"><span class='ocrx_word' id='word_1_294' title='bbox 42 2523 112 2568; x_wconf 89' lang='lat' dir='ltr'>hic</span> <span class='ocrx_word' id='word_1_295' title='bbox 141 2543 161 2566; x_wconf 89' lang='lat'>«</span> <span class='ocrx_word' id='word_1_296' title='bbox 182 2528 306 2570; x_wconf 86' lang='lat' dir='ltr'>Pater</span> <span class='ocrx_word' id='word_1_297' title='bbox 327 2543 415 2572; x_wconf 92' lang='lat' dir='ltr'>non</span> <span class='ocrx_word' id='word_1_298' title='bbox 434 2528 603 2588; x_wconf 86' lang='lat' dir='ltr'>judicat</span> <span class='ocrx_word' id='word_1_299' title='bbox 633 2547 898 2592; x_wconf 87' lang='lat' dir='ltr'>quemquam</span> <span class='ocrx_word' id='word_1_300' title='bbox 917 2568 928 2587; x_wconf 91' lang='lat'>,</span> <span class='ocrx_word' id='word_1_301' title='bbox 953 2535 1027 2579; x_wconf 86' lang='lat' dir='ltr'>sed</span> <span class='ocrx_word' id='word_1_302' title='bbox 1057 2552 1185 2584; x_wconf 88' lang='lat' dir='ltr'>omne</span> <span class='ocrx_word' id='word_1_303' title='bbox 1209 2540 1427 2598; x_wconf 84' lang='lat' dir='ltr'>judicium</span> 
     </span>
    </p>
   </div>
   <div class='ocr_carea' id='block_1_3' title="bbox 91 2611 476 2653">
    <p class='ocr_par' dir='ltr' id='par_1_4' title="bbox 91 2611 476 2653">
     <span class='ocr_line' id='line_1_34' title="bbox 91 2611 476 2653; baseline 0.013 -13"><span class='ocrx_word' id='word_1_304' title='bbox 91 2615 97 2630; x_wconf 94' lang='lat'>¹</span> <span class='ocrx_word' id='word_1_305' title='bbox 114 2611 290 2653; x_wconf 85' lang='lat' dir='ltr'>Joan.v111‚</span> <span class='ocrx_word' id='word_1_306' title='bbox 313 2611 351 2644; x_wconf 86' lang='lat'>15</span> <span class='ocrx_word' id='word_1_307' title='bbox 371 2619 406 2644; x_wconf 85' lang='lat' dir='ltr'>et</span> <span class='ocrx_word' id='word_1_308' title='bbox 424 2613 476 2645; x_wconf 79' lang='lat'>50.</span> 
     </span>
    </p>
   </div>
  </div>
 </body>
</html>
