1809 3173
373 180 454 217 292
801 187 833 214 5.
871 186 1099 215 Aucusrmi
1133 188 1311 215 firlscovi

368 269 471 313 pore
500 252 685 297 scabiem
723 252 793 298 vel
821 252 963 297 ulcera
994 253 1131 312 gignit
1166 254 1246 298 :in
1287 266 1465 311 corpore
1501 253 1549 296 fit
1587 267 1742 311 magna

367 325 517 378 febris,
542 332 585 367 et
605 339 693 367 non
720 339 877 382 parvus
906 323 1030 367 dolor
1055 324 1344 367 :exhibentur
1369 321 1570 382 quaedam
1603 323 1742 366 medi-

365 403 560 438 camenta
583 409 681 454 quae
704 394 890 437 scabiem
918 403 1193 453 compescant
1226 402 1269 436 et
1291 392 1504 437 fervorem
1527 391 1649 436 illum
1676 393 1743 436 ul—

364 465 469 508 ceris
490 465 642 509 sedent
663 484 675 522 3
700 473 743 508 et
765 464 1030 508 adhibentur
1045 473 1087 507 et
1105 464 1339 522 proficiunt
1357 483 1366 508 z
1387 463 1505 508 vides
1524 463 1744 507 hominem

364 536 439 596 qui
460 535 544 579 fuit
566 535 785 579 ulcerosus
802 544 845 579 et
866 535 1098 590 scabiosus,
1118 545 1339 592 sanatum,
1358 534 1433 578 sed
1456 534 1558 594 quia
1588 535 1745 578 humor

361 606 434 650 ille
461 623 550 651 non
572 607 731 665 ejectus
753 615 832 660 est,
869 620 1014 649 rursus
1038 605 1094 649 ad
1116 605 1239 650 ulcus
1267 605 1447 649 reditur.
1472 607 1744 663 Cognoscens

362 678 444 723 hoc
468 679 676 731 medicus,
701 685 857 736 purgat
880 677 1124 732 humorem,
1143 676 1331 721 detrahit
1349 692 1538 731 causam,
1559 686 1602 719 et
1623 675 1743 720 nulla

361 758 489 792 erunt
522 748 681 792 ulcera.
713 748 833 791 Unde
870 747 1066 792 abundat
1100 748 1339 808 iniquitas?
1370 763 1445 807 per
1478 747 1740 806 superbiam.

357 823 471 864 Cura
502 819 775 878 superbiam,
800 828 843 863 et
877 819 997 863 nulla
1029 820 1110 863 erit
1139 820 1360 880 iniquitas.
1386 822 1441 863 Ut
1475 833 1576 876 ergo
1616 834 1744 863 causa
1806 845 1809 849 .

363 891 559 934 omnium
582 890 834 934 morborum
863 899 1103 945 curaretur,
1128 890 1174 933 id
1196 900 1258 934 est
1279 889 1495 949 superbia,
1522 889 1746 933 descendit

362 971 404 1004 et
440 960 615 1005 humilis
646 961 786 1005 factus
815 970 878 1004 est
907 960 1040 1004 Filius
1076 962 1167 1004 Dei.
1206 960 1320 1013 Quid
1359 959 1554 1019 superbis
1586 960 1746 1003 homo?

366 1035 477 1075 Deus
501 1041 676 1091 propter
706 1041 746 1075 te
784 1030 958 1075 humilis
990 1031 1129 1075 factus
1151 1041 1228 1075 est.
1274 1031 1460 1074 Puderet
1495 1040 1537 1074 te
1569 1029 1746 1074 fortasse

362 1104 519 1148 imitari
534 1104 742 1147 humilem
759 1104 996 1159 hominem,
1013 1104 1164 1147 saltem
1178 1103 1346 1146 imitare
1363 1101 1573 1146 humilem
1589 1105 1743 1147 Deum.

366 1175 496 1218 Venit
518 1174 653 1218 Filius
678 1175 753 1218 Dei
772 1174 815 1217 in
841 1175 1031 1230 homine,
1057 1183 1099 1217 et
1119 1173 1295 1218 humilis
1318 1173 1455 1217 factus
1477 1183 1540 1217 est
1566 1192 1574 1218 τ
1593 1173 1746 1232 praeci-

367 1245 483 1305 pitur
507 1245 584 1289 tibi
606 1254 654 1288 ut
674 1246 728 1289 sis
750 1244 938 1299 humilis,
956 1261 1044 1289 non
1063 1245 1141 1288 tibi
1160 1245 1408 1304 praecipitur
1429 1254 1478 1287 ut
1499 1259 1550 1287 ex
1572 1244 1747 1287 homine

363 1318 438 1360 fias
457 1332 586 1375 pecus
610 1336 618 1360 ε
643 1315 714 1359 ille
737 1320 848 1360 Deus
874 1316 1013 1359 lactus
1045 1325 1108 1359 cst
1129 1316 1276 1370 homo,
1303 1324 1352 1359 tu
1380 1316 1510 1359 homo
1539 1330 1747 1373 cognosce

362 1387 463 1447 quia
482 1404 524 1431 es
542 1388 672 1432 homo
698 1407 706 1431 ;
729 1396 818 1431 tota
841 1387 1061 1430 humilitas
1080 1395 1177 1442 tua,
1210 1396 1257 1430 ut
1291 1403 1521 1445 cognoscas
1545 1396 1602 1431 te.
1634 1389 1747 1443 Ergo

356 1459 463 1519 quia
500 1458 788 1502 humilitatem
823 1458 951 1502 docet
973 1461 1086 1502 Deus
1103 1494 1114 1513 ,
1140 1458 1274 1510 dixit,
1300 1478 1320 1500 (ι
1344 1461 1441 1503 Non
1477 1458 1576 1502 veni
1607 1456 1747 1501 facere

364 1550 384 1572 »
420 1530 689 1574 voluntatem
714 1545 874 1585 meam,
895 1530 969 1574 sed
987 1532 1076 1590 ejus
1094 1530 1364 1574 voluntatem
1385 1531 1461 1590 qui
1484 1530 1598 1573 misit
1618 1544 1703 1572 me.
1724 1547 1743 1569 η

365 1606 468 1647 Haec
491 1604 606 1647 enim
629 1603 950 1647 commendatio
973 1602 1231 1646 humilitatis
1254 1612 1330 1646 est.
1356 1601 1566 1661 Superbia
1586 1600 1748 1659 quippe

362 1673 466 1720 facit
499 1676 769 1721 voluntatem
801 1691 919 1720 suam
938 1711 948 1730 ,
977 1673 1196 1718 humilitas
1223 1673 1328 1718 facit
1359 1673 1630 1717 voluntatem
1654 1669 1743 1714 Dei.

364 1748 482 1803 ldeo,
508 1768 526 1790 «
548 1749 633 1801 Qui
658 1747 711 1791 ad
738 1763 805 1791 me
833 1746 1014 1801 venerit,
1052 1761 1142 1789 non
1173 1745 1340 1804 ejiciam
1375 1742 1500 1787 foras.
1531 1761 1550 1783 »
1571 1742 1750 1795 Quare?

367 1837 386 1860 «
422 1819 532 1871 Quia
558 1834 646 1861 non
674 1818 773 1862 veni
796 1818 937 1861 facere
959 1817 1227 1861 voluntatem
1252 1830 1414 1869 meam,
1442 1813 1516 1857 sed
1546 1812 1748 1856 volunta-

371 1908 390 1931 »
427 1900 555 1934 tatem
577 1892 667 1950 ejus
690 1890 765 1950 qui
787 1890 901 1932 misit
923 1904 1005 1931 me.
1032 1907 1050 1927 »
1080 1886 1261 1930 Humilis
1294 1887 1419 1938 veni,
1458 1883 1746 1928 humilitatem

366 1962 521 2006 docere
539 1963 653 2010 veni,
684 1962 885 2020 magister
903 1959 1158 2003 humilitatis
1181 1958 1278 2001 veni
1306 1976 1314 2000 ;
1341 1957 1414 2016 qui
1438 1956 1491 1999 ad
1513 1971 1580 1999 me
1611 1955 1745 2008 venit,

369 2033 669 2091 incorporatur
688 2032 792 2075 mihi
815 2052 825 2088 3
850 2031 925 2089 qui
943 2029 996 2073 ad
1019 2044 1087 2072 me
1107 2028 1242 2080 venit,
1266 2026 1439 2070 humilis
1454 2027 1502 2069 fit
1519 2047 1529 2083 3
1546 2025 1621 2085 qui
1645 2024 1750 2067 mihi

371 2103 577 2157 adhaeret,
604 2101 777 2145 humilis
807 2101 887 2144 erit
913 2120 922 2144 z
947 2099 1048 2159 quia
1072 2114 1160 2142 non
1192 2097 1295 2142 facit
1317 2096 1589 2142 voluntatem
1611 2111 1748 2149 suam,

370 2173 445 2216 sed
469 2174 542 2216 Dei
569 2193 577 2217 ;
603 2183 644 2217 et
671 2172 768 2216 ideo
792 2187 879 2216 non
901 2171 1094 2230 ejicietur
1117 2170 1254 2225 foras,
1280 2169 1380 2228 quia
1405 2183 1505 2213 cum
1540 2167 1754 2226 superbus

373 2253 497 2296 esset,
523 2245 738 2303 projectus
760 2252 822 2286 est
840 2241 967 2285 foras.

436 2317 577 2357 XVII.
597 2314 705 2357 Vide
723 2313 794 2356 illa
817 2313 1019 2356 interiora
1033 2310 1325 2356 commendari
1342 2310 1387 2354 in
1406 2310 1574 2354 Psalmo
1595 2328 1602 2352 :
1626 2308 1756 2351 «Filii

383 2403 402 2424 »
439 2394 581 2427 autem
606 2384 832 2427 hominum
870 2383 914 2425 in
935 2383 1201 2441 protectione
1230 2381 1395 2425 alarum
1414 2389 1587 2424 tuarum
1610 2394 1756 2437 spera-

388 2474 406 2497 »
444 2457 553 2499 bunt
573 2458 603 2499 ¹.
636 2473 655 2496 »
682 2455 789 2498 Vide
809 2453 915 2513 quid
939 2455 992 2498 sit
1013 2455 1073 2497 ire
1096 2454 1224 2508 intro,
1249 2451 1347 2495 vide
1364 2451 1473 2511 quid
1495 2452 1548 2495 sit
1571 2450 1625 2494 ad
1647 2449 1759 2493 illius

430 2549 435 2563 ¹
460 2543 534 2573 hal<
558 2552 650 2581 xxxv,
667 2544 696 2572 8.
