1809 3173
377 217 456 253 172
797 225 830 254 s.
870 226 1096 254 Augustum
1132 228 1310 255 Erlscori

373 294 513 338 verbis
532 329 541 347 ‚
561 294 660 353 quia
685 293 777 338 talis
799 294 1177 339 commendaretur
1204 294 1332 338 Filius
1361 295 1455 348 Dei,
1482 295 1557 354 qui
1577 295 1754 355 {equalis

373 373 481 408 essct
511 367 614 408 Deo.
640 365 744 419 Quis
781 375 870 409 erat
893 366 1142 409 nesciebant
1168 386 1175 410 :
1204 366 1332 409 talem
1364 375 1506 409 tamen
1532 366 1753 424 praedicari

372 436 690 493 agnoscebant,
715 437 814 496 quia
843 457 861 478 «
889 440 1056 480 Patrem
1082 452 1206 479 suum
1229 437 1404 480 dicebat
1424 440 1583 491 Deum,
1605 452 1753 496 aequa-

375 526 394 548 »
431 506 514 550 lem
533 523 577 550 se
608 506 766 552 faciens
786 511 889 552 Deo.
919 526 937 548 »
964 510 1059 551 Non
1084 516 1175 550 erat
1197 522 1298 564 ergo
1319 506 1497 567 aequalis
1522 510 1609 551 Deo
1624 509 1641 551 P
1659 511 1755 553 Non

371 578 460 636 ipse
482 593 525 622 se
548 577 733 622 faciebat
757 577 992 638 aequalem,
1029 577 1103 620 sed
1137 576 1209 620 ille
1230 575 1352 619 illum
1376 586 1583 635 genuerat
1605 593 1754 637 aequa-

371 646 470 691 lem.
494 649 535 693 Si
557 664 600 691 se
622 649 710 708 ipse
734 647 891 692 faceret
914 646 1127 707 aequalem
1146 650 1247 701 Deo,
1262 646 1434 691 caderet
1451 662 1527 706 per
1544 649 1751 708 rapinam.

371 719 453 772 Qui
485 719 601 762 enim
634 735 677 763 se
699 718 835 762 voluit
861 718 1074 778 aequalem
1098 716 1238 761 facere
1262 721 1350 762 Deo
1373 733 1473 762 cum
1506 734 1596 763 non
1618 728 1752 775 esset,

370 790 546 846 cecidit,
567 800 610 835 et
629 807 678 834 ex
701 791 855 849 angelo
873 789 1012 834 factus
1037 799 1099 833 est
1116 789 1315 834 diabolus
1334 791 1345 815 ¹
1365 790 1373 832 l
1400 799 1442 834 et
1469 790 1581 835 hanc
1604 806 1756 850 super-

373 862 484 906 biam
510 862 675 905 homini
701 861 961 921 propinavit,
978 860 1095 904 unde
1116 861 1206 919 ipse
1230 859 1420 920 dejectus
1443 870 1519 905 est.
1546 864 1652 907 Nam
1672 862 1755 907 boc

370 932 476 975 dixit
495 932 679 986 homini,
701 932 771 975 cui
789 932 917 975 stanti
939 931 1083 991 lapsus
1110 931 1289 986 invidit,
1320 950 1340 973 «
1365 934 1557 986 Gustate‚
1579 941 1622 976 et
1640 932 1756 976 eritis

376 1021 395 1043 »
431 1003 543 1047 sicut
566 1002 652 1046 dii2
676 1022 683 1047 2
714 1022 732 1043 n
759 1002 803 1046 id
836 1012 900 1046 est
935 1002 1213 1061 usurpatione
1241 1002 1377 1061 rapite
1399 1001 1519 1062 quod
1541 1002 1644 1046 facti
1666 1018 1755 1048 non

370 1074 498 1132 esti33
523 1074 624 1135 quia
648 1084 690 1118 et
723 1089 800 1132 ego
834 1074 1043 1133 rapiendo
1072 1073 1263 1133 dejectus
1287 1089 1397 1118 sum.
1429 1076 1525 1119 Non
1548 1075 1632 1118 hoc
1653 1089 1756 1134 pro-

369 1144 522 1197 debat,
561 1145 635 1189 sed
668 1146 750 1190 hoc
774 1144 997 1189 suadebat.
1038 1145 1233 1189 Christus
1259 1152 1404 1188 autem
1438 1143 1616 1204 aequalis
1642 1145 1756 1189 Patri

369 1224 495 1260 natus
513 1225 625 1270 erat,
655 1232 742 1260 non
765 1216 913 1260 iactus
933 1234 941 1260 ε
967 1224 1094 1259 natus
1116 1214 1171 1259 de
1188 1215 1428 1259 substantia
1453 1215 1602 1259 Patris.
1631 1215 1755 1259 Unde

370 1286 491 1331 illum
512 1288 570 1331 sic
593 1288 870 1332 commendat
890 1285 1121 1346 Apostolus
1137 1321 1147 1341 ,
1180 1304 1199 1328 «
1224 1286 1307 1339 Qui
1331 1301 1431 1330 cum
1453 1286 1498 1329 in
1517 1285 1655 1330 forma
1679 1287 1754 1330 Dei

373 1376 392 1399 »
428 1367 563 1413 esset,
602 1374 688 1402 non
714 1359 907 1417 rapinam
931 1357 1163 1401 arbitratus
1183 1365 1246 1400 est
1265 1371 1354 1400 esse
1377 1355 1554 1416 aequalis
1573 1357 1704 1400 Deoss.
1731 1374 1750 1397 »

370 1428 484 1481 Quid
524 1438 610 1483 est,
649 1445 735 1472 non
777 1429 971 1487 rapinam
1006 1428 1238 1472 arbitratus
1273 1428 1368 1471 est?
1402 1429 1498 1471 Non
1530 1427 1755 1485 usurpavit

369 1499 661 1559 aequalitatem
687 1500 761 1543 Dei
796 1519 803 1544 :
829 1498 905 1543 sed
924 1509 1013 1543 erat
1036 1499 1081 1542 in
1103 1498 1175 1542 illa
1192 1534 1203 1552 ,
1234 1499 1279 1542 in
1309 1513 1393 1558 qua
1416 1507 1542 1541 natus
1565 1506 1670 1541 erat.
1699 1499 1754 1541 Et

369 1586 445 1614 nos
466 1569 519 1614 ad
544 1570 755 1630 aequalem
775 1573 912 1614 Deum
930 1569 1152 1629 quomodo
1174 1569 1498 1628 perveniremus
1523 1587 1531 1612 :
1552 1587 1570 1609 «
1595 1570 1754 1612 Semet-

372 1660 391 1682 »
427 1642 565 1701 ipsum
586 1642 819 1686 exinanivit
835 1641 1021 1686 formam
1040 1640 1151 1685 servi
1173 1640 1398 1699 accipiens.
1425 1658 1443 1680 »
1469 1642 1567 1684 Non
1585 1653 1686 1697 ergo
1709 1654 1752 1682 se

369 1713 601 1757 exinanivit
635 1714 834 1757 amittens
871 1712 993 1773 quod
1014 1722 1133 1766 erat,
1159 1711 1233 1756 sed
1268 1711 1480 1770 accipiens
1512 1709 1632 1770 quod
1664 1725 1752 1754 non

369 1792 473 1827 erat.
496 1786 617 1828 Hanc
641 1783 823 1828 formam
847 1784 956 1827 servi
971 1791 1299 1828 contemnentes
1321 1781 1463 1826 Judaei
1481 1816 1491 1836 ,
1518 1781 1751 1825 Dominum

367 1855 588 1899 Christum
607 1854 819 1915 aequalem
840 1855 955 1898 Patri
977 1853 1219 1912 intelligere
1241 1868 1329 1897 non
1347 1860 1548 1911 poterant
1573 1871 1581 1895 :
1604 1866 1752 1910 quam-

370 1926 430 1969 vis
453 1942 551 1970 eum
575 1927 658 1970 hoc
681 1926 734 1969 de
757 1941 800 1969 se
822 1926 965 1969 dicere
987 1924 1164 1968 minime
1187 1922 1449 1966 dubitabant
1467 1943 1477 1974 ς
1498 1930 1541 1964 et
1564 1920 1662 1964 ideo
1679 1936 1752 1964 sae·

369 1997 544 2040 viebant
566 2016 573 2041 :
599 2007 642 2041 et
664 1997 807 2041 adhuc
825 2005 970 2040 tamen
988 2010 1059 2040 eos
1075 1993 1147 2038 ille
1170 1992 1439 2053 perferebat,
1463 2000 1505 2035 et
1526 1991 1750 2036 sanitatem

369 2068 637 2112 saevientium
660 2068 923 2128 requirebat.

419 2171 425 2185 ¹
449 2165 517 2195 lsai.
540 2175 606 2204 xiv,
631 2162 682 2205 ¹4·
701 2180 740 2186 -—
764 2165 934 2202 ²Gen.n1,
955 2161 984 2194 5.
1007 2177 1048 2183 —
1068 2159 1080 2183 3
1105 2159 1214 2202 Philip.
1237 2170 1271 2200 n,
1290 2158 1322 2191 6,
