1825 3214
296 199 337 224 ini
372 196 545 226 somnis
579 197 857 225 zurici-:mum
879 215 889 235 ‚
929 199 1073 226 ‘rum-ss.
1110 201 1206 226 xxv.
1345 192 1420 228 291

51 283 59 304 )

61 282 69 303 υ

107 263 160 307 ad
183 279 268 318 mc,
297 283 316 304 »
343 263 546 318 Aliunde,
580 265 770 319 attende,
807 275 849 308 ct
871 267 1068 324 appende
1096 287 1103 311 :
1133 287 1150 308 «
1179 269 1260 321 Qui
1285 269 1428 312 vcnict

50 353 68 376 »
104 334 158 378 ad
180 350 264 388 mc,
288 351 373 378 non
396 335 560 394 ejiciam
586 335 712 381 foras.
743 354 761 376 »
788 339 919 393 Ergo,
948 356 966 377 α
987 338 1069 389 Qui
1087 339 1243 391 veniet,
1267 339 1422 398 inquit,

49 423 68 448 »
104 421 192 450 non
221 406 385 465 ejiciam
410 405 534 450 foras.
561 425 580 446 »
607 408 780 460 Quare?
805 426 825 448 «
851 407 957 459 Quia
981 406 1184 452 descendi
1208 409 1262 453 de
1290 409 1426 465 coelo,

49 494 59 518 ›
104 491 192 520 non
219 486 266 521 ut
292 475 445 521 faciam
479 476 718 522 volutatem
754 492 892 522 meam
909 512 919 531 ‚
946 477 1020 523 sed
1043 477 1312 524 voluntatem
1338 482 1430 540 ejus

50 564 69 587 »
105 547 181 606 qui
211 547 326 591 misit
348 562 430 592 me.
457 566 475 588 »
507 551 598 606 lpsa
631 557 694 593 est
724 563 824 606 ergo
847 564 971 593 causa
995 564 1129 609 quare
1164 565 1251 594 non
1281 551 1425 609 ejicias

47 631 147 661 eum
175 616 288 662 foras
318 618 392 677 qui
423 618 539 661 vcnit
563 617 617 662 ad
640 627 709 674 tc,
734 619 837 678 quia
873 635 961 664 non
999 620 1271 666 voluntatem
1309 630 1429 665 tuam

48 687 188 733 facere
210 689 468 734 descendisti
506 689 561 733 de
591 689 726 746 coelo,
756 689 830 734 sed
864 690 1133 736 voluntatem
1169 693 1260 752 ejus
1282 693 1357 753 qui
1390 702 1432 737 te

49 760 192 804 misit?
217 764 326 820 Ipsa.
349 762 464 815 Quid
486 763 720 821 quaerimus
744 773 892 808 utrum
915 765 1004 824 ipsa
1026 765 1111 810 sit?
1136 769 1229 825 Ipsa
1247 776 1324 820 est,
1346 767 1434 826 ipse

48 829 257 891 loquitur.
283 835 378 879 Non
411 834 524 877 enim
559 835 683 879 nobis
714 835 779 880 fas
812 845 876 880 est
906 835 1024 880 aliud
1060 838 1266 897 suspicari
1298 854 1432 899 quam

47 899 273 961 loquitur:
304 922 322 945 «
345 905 429 957 Qui
451 906 617 949 venerit
648 906 702 949 ad
732 922 822 961 me,
859 922 947 952 non
979 907 1147 967 ejiciam
1170 908 1299 954 foras.
1328 928 1347 951 υ
1378 912 1434 955 Et

47 974 169 1033 quasi
191 990 432 1033 quaereres,
457 978 630 1030 Quare?
647 997 667 1019 «
693 978 802 1032 Quia
830 994 917 1024 non
942 980 1039 1024 veni
1062 980 1203 1024 facere
1224 980 1432 1025 volunta-

52 1062 71 1085 »
108 1053 193 1089 tem
217 1061 373 1101 meam,
393 1046 468 1091 sed
488 1046 757 1092 voluntatem
779 1050 870 1108 ejus
893 1050 968 1110 qui
992 1051 1104 1094 misit
1123 1067 1206 1095 me.
1239 1071 1258 1093 »
1283 1053 1431 1097 Timeo

49 1130 103 1158 ne
117 1115 229 1160 toras
247 1127 472 1175 propterea
487 1118 634 1162 exierit
653 1119 795 1163 anima
813 1135 835 1163 a
857 1123 961 1175 Deo,
982 1122 1083 1181 quia
1100 1123 1286 1180 superba
1304 1132 1421 1180 erat3

50 1186 137 1231 imo
172 1202 260 1231 non
293 1186 465 1232 dubito.
501 1189 718 1248 Scriptum
752 1199 813 1234 est
846 1192 989 1246 enim,
1033 1212 1052 1235 «
1087 1194 1263 1238 Initium
1294 1194 1433 1238 omnis

53 1277 71 1299 »
109 1258 273 1317 pcccati
295 1259 497 1317 superbia
524 1279 532 1304 :
560 1270 619 1315 et,
646 1261 823 1306 Initium
846 1263 1059 1321 superbiae
1088 1264 1273 1310 hominis
1304 1281 1431 1325 apos-

53 1346 72 1369 »
108 1338 242 1372 tatare
266 1345 288 1373 a
311 1333 440 1375 Deo¹.
474 1350 492 1372 »
517 1331 734 1391 Scriptum
765 1342 842 1387 est,
874 1334 1050 1378 firmum
1072 1345 1151 1391 est,
1177 1352 1328 1380 verum
1353 1346 1431 1382 est.

51 1400 214 1444 Deinde
235 1401 342 1461 quid
365 1402 419 1446 de
444 1404 633 1462 superbo
655 1403 814 1449 dicitur
834 1405 1031 1461 mortali,
1057 1408 1252 1452 accincto
1276 1409 1430 1467 pannis

49 1471 202 1526 carnis,
241 1483 506 1531 praegravato
535 1474 726 1533 pondere
747 1476 937 1536 corporis
960 1479 1276 1537 corruptibilis,
1302 1490 1345 1525 et
1367 1490 1434 1525 ta-

49 1557 150 1586 men
175 1543 397 1588 extollenti
421 1560 486 1600 se,
511 1554 555 1589 et
583 1545 853 1592 obliviscenti
879 1566 963 1609 qua
983 1549 1096 1608 pelle
1125 1551 1304 1596 vestitus
1348 1553 1428 1609 sit,

49 1616 156 1676 quid
178 1617 216 1660 ei
239 1616 343 1662 dicit
371 1619 625 1677 Scriptura?
652 1639 671 1661 «
695 1622 811 1676 Quid
832 1630 1027 1687 superbit
1051 1639 1162 1676 terra
1190 1641 1232 1677 et
1254 1634 1358 1679 cinis
1373 1636 1391 1678 Ξ)
1407 1654 1429 1677 »

50 1692 164 1746 Quid
190 1695 419 1754 superbit?
451 1697 574 1742 Dicat
596 1698 703 1758 quid
734 1702 943 1759 superbit.
974 1723 993 1745 «
1024 1707 1241 1758 Quoniam
1267 1708 1312 1751 in
1345 1708 1434 1752 vita

52 1781 73 1804 »
108 1780 184 1809 sua
206 1766 385 1825 projecit
406 1766 557 1812 intima
579 1772 680 1814 sua²
704 1790 724 1811 »
748 1772 862 1825 Quid
884 1784 962 1827 est,
989 1777 1185 1835 projecit,
1204 1778 1281 1822 nisi
1300 1794 1430 1837 porro

44 1835 180 1894 jecit?
204 1840 296 1882 Hoc
313 1847 375 1882 est
395 1839 508 1884 exire
531 1839 654 1885 foras.
675 1845 847 1888 Etenim
864 1845 1025 1891 intrare
1051 1848 1167 1893 intro
1184 1884 1195 1903 ‚
1227 1859 1431 1908 appetere

49 1907 453 1969 intima3projicere
486 1911 659 1967 intima,
685 1913 797 1959 foras
838 1917 951 1962 exire
974 1928 1052 1963 est.
1081 1921 1237 1965 Intima
1260 1922 1434 1982 projicit

51 1979 278 2036 superbus,
304 1980 454 2026 intima
482 1984 648 2042 appetit
680 1985 872 2032 humilis.
911 1988 953 2034 Si
987 1991 1189 2050 superbia
1211 1992 1430 2053 ejicimur,

52 2049 296 2094 humilitate
316 2052 600 2110 regredimur.

111 2121 230 2164 XVI.
269 2123 413 2180 Caput
446 2123 642 2169 omnium
677 2127 931 2173 morborum
968 2131 1167 2188 superbia
1203 2142 1295 2187 est,
1330 2133 1434 2193 quia

52 2199 184 2253 caput
220 2192 418 2236 omnium
456 2204 733 2252 peccatorum
766 2199 983 2257 superbia.
1021 2201 1215 2247 Medicus
1255 2202 1434 2263 quando

54 2261 356 2320 aegritudinem
378 2263 575 2319 discutit,
602 2267 635 2310 si
657 2277 778 2312 curet
807 2269 926 2329 quod
955 2287 1031 2329 per
1053 2272 1241 2334 aliquam
1263 2289 1436 2319 causam

55 2330 218 2376 factum
237 2343 317 2389 est,
336 2343 379 2378 et
400 2335 533 2395 ipsam
566 2353 739 2383 causam
768 2356 854 2399 qua
896 2341 1058 2388 factum
1083 2354 1146 2389 est
1183 2362 1269 2389 non
1297 2354 1434 2398 curet,

56 2402 111 2447 ad
131 2414 299 2464 tempus
320 2406 493 2451 videtur
517 2409 708 2463 mederi,
729 2427 854 2456 causa
885 2425 1086 2459 manente
1110 2418 1286 2460 morbus
1314 2415 1437 2474 r'epe-

56 2474 178 2519 titur.
203 2475 337 2521 Verbi
362 2478 514 2536 gratia,
537 2481 774 2539 expressius
795 2482 878 2528 hoc
898 2483 1057 2536 dicam,
1084 2489 1253 2531 Humor
1274 2487 1316 2530 in
1341 2501 1437 2530 cor—

106 2563 115 2581 ¹
135 2559 232 2592 Eccli.
254 2571 286 2600 x,
305 2560 354 2593 15.
378 2578 419 2585 —
437 2561 519 2594 Ibid.
540 2565 573 2604 9,
603 2574 654 2596 10.

1163 2624 1225 2662 19.
