1825 3214
272 220 314 246 m
348 218 521 246 solimus
554 215 864 254 ΕνΑΝαΕιιυΜ,
900 217 1045 245 TnAeT.
1086 220 1212 246 xx111.
1348 208 1427 245 271

108 274 204 316 XV.
239 271 439 331 Implevit
472 270 524 315 de
559 272 870 314 resurrectione
899 271 1167 327 animarum,
1195 280 1324 316 restat
1345 273 1435 316 cvi-

49 342 222 387 dentius
257 342 398 387 dicere
422 341 476 386 dc
506 342 816 386 resurrectione
840 357 1087 401 corporum.
1125 363 1142 383 «
1171 346 1222 387 Et
1247 351 1436 402 potesta-

55 431 74 455 »
111 423 197 458 tem
220 412 340 457 dedit
363 412 401 457 ei
427 422 469 457 et
488 412 703 473 judicium
724 410 862 457 facere
890 414 918 455 ¹.
948 431 966 453 »
993 415 1088 457 Non
1111 415 1249 456 solum
1275 414 1437 458 animas

50 500 126 545 per
150 482 280 529 sulem
302 494 345 529 et
367 483 620 543 sapientiam
639 484 864 538 suscitare,
885 481 962 528 sed
981 492 1023 528 et
1039 483 1253 544 judiciuin
1277 483 1433 529 fucere.

52 558 195 609 Quare
209 565 354 599 autem
372 556 463 599 haec
476 559 493 598 ἲ
520 576 538 597 «
565 556 674 609 Quia
697 554 809 600 filius
831 554 1017 599 hominis
1040 564 1117 600 est.
1149 574 1168 596 υ
1199 557 1316 600 Facit
1338 572 1439 615 ergo

51 626 215 688 aliquid
253 631 377 671 Pater
408 643 483 686 per
524 626 682 671 Filium
719 626 930 681 hominis,
968 628 1090 687 quod
1122 643 1209 671 non
1248 626 1351 671 facit
1390 643 1440 671 cx

51 698 288 742 substantia
313 714 386 742 sua
411 698 478 741 cui
508 697 685 758 :equalis
712 706 775 741 cst
802 696 960 755 Filius3
989 698 1100 742 sicut
1124 698 1263 758 ipsum
1299 699 1438 754 nasci,

53 768 165 813 sicut
196 769 335 829 ipsum
362 767 552 826 crucifigi
570 804 579 822 ‚
606 768 714 812 sicut
738 768 878 828 ipsum
904 768 1027 823 mori,
1066 769 1176 813 sicut
1207 770 1347 828 ipsum
1372 785 1440 813 re-

54 855 228 897 surgere
254 860 262 883 :
299 855 386 883 non
416 839 531 883 enim
561 838 724 899 aliquid
748 839 904 883 horum
935 839 1052 884 Patri
1075 841 1269 898 contigit.
1299 841 1366 885 Sic
1401 850 1444 885 et

56 910 424 955 resuscitationem
447 925 695 970 corporum.
731 912 841 955 Nam
876 910 1245 956 resuscitationem
1275 913 1443 956 anima-

57 997 153 1026 rum
173 999 224 1026 cx
253 982 493 1026 substantia
530 998 605 1026 sua
629 985 754 1026 Pater
780 982 880 1025 facit
903 998 978 1041 per
1001 983 1285 1027 substantiam
1316 983 1438 1039 Filii,

55 1070 142 1114 qua
171 1053 233 1097 iili
254 1055 432 1114 {equalis
452 1063 544 1110 cst3
578 1054 733 1098 animae
755 1053 916 1114 quippe
940 1055 1054 1098 siunt
1076 1055 1305 1114 participes
1327 1054 1442 1099 illius

56 1123 422 1169 incommutabilis
450 1124 583 1179 lucis,
618 1140 705 1168 non
729 1140 909 1183 corpora
936 1141 944 1166 ε
972 1125 1342 1169 resuscitationem
1365 1141 1446 1169 au·
1508 1163 1528 1166 ‚⁷

58 1205 144 1240 tem
167 1210 397 1254 corporum
424 1198 548 1239 Pater
571 1196 675 1240 facit
698 1211 772 1255 per
793 1195 950 1240 Filium
976 1197 1175 1241 hominis.
1194 1200 1282 1240 «Et
1306 1206 1446 1257 potes-

59 1285 79 1307 »
118 1276 247 1310 tatem
276 1286 295 1307 »
322 1266 438 1309 enim
464 1285 483 1308 «
508 1266 629 1310 dedit
653 1266 691 1309 ci
715 1276 757 1309 et
775 1265 991 1326 judicium
1014 1265 1180 1324 facere,
1213 1268 1312 1327 quia
1335 1267 1447 1312 filius

64 1359 81 1380 »
116 1338 303 1382 hominis
326 1347 391 1382 est
414 1354 421 1378 :
448 1356 467 1378 »
488 1337 728 1382 secundum
752 1337 860 1381 illud
883 1337 1004 1398 quod
1022 1355 1151 1399 supra
1169 1338 1301 1383 dixit:
1326 1360 1345 1382 «
1364 1342 1450 1385 Ne-

62 1427 81 1451 »
117 1426 202 1469 que
224 1410 339 1453 enim
367 1413 489 1453 Pater
505 1409 675 1469 judicat
697 1425 963 1470 quemquam
986 1414 1002 1437 2
1026 1426 1034 1452 ε
1061 1430 1080 1452 »
1101 1414 1158 1456 Et
1179 1419 1226 1455 ut
1247 1412 1449 1456 ostendat

57 1479 160 1540 quia
186 1479 241 1523 de
265 1480 578 1524 resurrectione
607 1495 839 1539 corporum
864 1481 946 1525 hoc
969 1480 1081 1525 dixit
1111 1501 1120 1526 :
1150 1501 1170 1523 «
1200 1482 1342 1526 Nolite
1366 1482 1450 1526 mi-

64 1568 84 1592 »
119 1549 203 1593 rari
228 1550 309 1594 hoe
326 1585 337 1605 ‚
362 1551 464 1611 quia
495 1551 615 1594 venit
649 1551 754 1595 hora
778 1552 810 1595 ³.
840 1570 859 1592 »
895 1553 990 1596 Non
1017 1571 1038 1594 «
1063 1554 1189 1598 Nunc
1211 1562 1304 1610 est3
1332 1571 1351 1594 »
1376 1553 1452 1597 sed

62 1622 182 1666 venit
200 1621 327 1676 hora,
356 1641 376 1663 «
409 1624 460 1665 In
482 1638 569 1682 qua
600 1637 750 1666 omnes
773 1622 848 1682 qui
870 1622 916 1666 in
938 1624 1231 1669 monumentis
1251 1634 1354 1669 sunt
1389 1644 1397 1670 :
1427 1643 1447 1666 »

56 1698 146 1750 jam
162 1693 245 1737 hoc
267 1702 310 1737 et
328 1693 530 1737 hesterno
548 1694 616 1737 die
640 1695 654 1719 ⁴
677 1694 945 1738 satiatissime
969 1695 1148 1740 audistis
1176 1716 1184 1741 :
1211 1716 1230 1738 «
1258 1696 1452 1741 Audient

66 1781 86 1805 »
121 1778 273 1808 vocem
309 1765 425 1823 ejus,
467 1774 510 1808 et
547 1764 800 1823 procedent.
839 1784 859 1806 »
896 1768 951 1810 Et
985 1767 1088 1810 ubi?
1127 1768 1172 1811 in
1205 1767 1452 1828 judicium?

68 1855 89 1878 «
123 1837 209 1890 Qui
234 1837 342 1880 bene
365 1834 586 1891 fecerunt,
611 1837 655 1880 in
686 1838 1044 1881 resurrectionem
1073 1839 1173 1882 vitae
1208 1859 1217 1884 :
1243 1840 1317 1899 qui
1342 1839 1452 1883 male

70 1925 91 1949 »
126 1917 331 1966 egerunt,
357 1907 401 1950 in
433 1909 791 1952 resurrectionem
810 1907 962 1968 judicii
988 1910 1001 1934 ⁵
1029 1928 1048 1950 n
1076 1912 1132 1954 Et
1155 1920 1203 1954 tu
1237 1911 1320 1955 hoc
1350 1910 1453 1954 facis

65 1976 206 2033 solus,
226 1978 327 2038 quia
355 1993 483 2022 omne
499 1977 714 2038 judicium
735 1978 844 2022 Filio
867 1982 992 2023 Pater
1009 1980 1146 2035 dedit,
1168 1991 1210 2025 et
1233 1980 1453 2040 nonjudi-

68 2043 450 2110 cet'quemquami'
474 2052 586 2107 Ego,
613 2049 778 2109 inquit,
804 2048 930 2095 facio.
970 2051 1054 2096 Sed
1077 2051 1300 2111 quomodo
1323 2051 1457 2096 facis?

75 2139 96 2162 «
128 2122 226 2165 Non
245 2135 417 2178 possum
440 2136 462 2164 a
481 2135 549 2163 me
566 2120 707 2164 facere
722 2121 965 2181 quidquam
988 2141 996 2166 :
1014 2123 1125 2167 sicut
1147 2123 1455 2184 audiojudi003

75 2210 96 2234 »
131 2201 174 2236 et
193 2191 399 2251 judicium
422 2207 568 2239 meum
586 2193 752 2251 justum
775 2202 837 2237 est
861 2194 892 2236 ⁶.
921 2211 941 2234 »
967 2195 1077 2238 Cum
1097 2204 1297 2253 ageretur
1317 2193 1372 2239 de
1394 2211 1458 2239 re-

73 2264 338 2309 surrectione
366 2264 631 2317 animarum,
669 2279 756 2308 non
784 2263 956 2308 dicebat
990 2284 998 2308 :
1039 2284 1058 2307 «
1105 2266 1274 2324 Audio3
1303 2284 1322 2308 η
1356 2266 1452 2322 sed,

80 2353 101 2377 «
135 2333 287 2378 Video.
318 2353 337 2375 »
359 2333 503 2378 Audio
523 2335 659 2387 enim,
685 2343 891 2394 tanquam
910 2335 1197 2395 praecipientis
1222 2339 1357 2382 Patris
1379 2337 1457 2382 im-

74 2406 260 2465 perium.
287 2408 384 2450 Jam
400 2421 503 2465 ergo
524 2405 635 2450 sicut
655 2405 802 2460 homo,
826 2405 938 2450 sicut
954 2422 1043 2467 quo
1061 2409 1196 2469 major
1217 2417 1281 2453 est
1306 2412 1456 2467 Pater3

125 2508 134 2525 ¹
155 2504 247 2536 Joan.
266 2513 298 2544 v,
315 2511 371 2544 27.
390 2519 430 2526 —
447 2509 459 2526 ²
478 2502 559 2536 lbid.
583 2511 636 2535 22.
657 2518 699 2524 —
718 2499 731 2525 ³
756 2501 837 2534 lbid.
857 2504 912 2536 28.
937 2517 979 2527 --
999 2501 1017 2534 4
1034 2503 1113 2537 Vide
1129 2504 1325 2548 superiorem
1350 2507 1454 2538 Trac-

80 2560 195 2591 tatum.
214 2573 253 2583 --
266 2556 281 2582 5
294 2560 386 2591 Joau.
410 2569 444 2601 v,
462 2566 516 2602 29.
534 2574 574 2581 —-
594 2555 609 2580 ⁶
624 2557 706 2592 lbid.
728 2557 781 2591 30.
