1825 3214
275 240 318 266 nv
351 236 525 266 JoAMvrs
556 237 837 266 EVANGELIUM
861 257 871 276 ,
906 237 1051 267 TriAc‘r.
1091 244 1209 269 xxiv.
1335 234 1417 271 273

41 302 163 348 Unde
190 304 304 347 enim
327 303 588 363 multiplicat
615 303 670 347 de
697 305 843 363 paucis
867 305 1008 362 granis
1039 317 1201 364 segetes
1219 344 1228 362 ,
1255 308 1355 352 inde
1376 311 1422 355 in

38 374 237 418 manibus
257 375 342 419 suis
373 373 676 434 multiplicavit
697 375 893 435 quinque
916 391 1062 434 panes.
1094 381 1283 423 Potestas
1306 381 1422 425 cuim

38 455 128 490 erat
150 446 195 490 in
211 447 412 490 manibus
429 446 586 491 Christi
621 466 629 490 ;
657 462 785 505 panes
809 455 954 490 autem
973 446 1034 490 illi
1058 448 1254 508 quinque
1271 487 1280 505 ,
1303 453 1425 512 quasi

37 518 197 562 semina
219 526 362 572 erant,
388 533 476 561 non
499 516 677 577 quidem
707 527 831 562 terrae
854 518 1084 573 mandata,
1105 519 1180 563 sed
1203 522 1256 564 ab
1281 537 1331 565 co
1350 524 1425 582 qui

39 597 193 632 terram
228 587 329 634 fecit
349 588 634 648 multiplicata
660 591 690 632 ¹.
717 592 809 634 Hoc
832 604 935 647 ergo
958 588 1183 634 adm‘otum
1205 601 1268 636 est
1290 595 1426 637 sensi-

38 659 134 712 bus,
155 675 244 718 quo
267 660 502 717 erigeretur
523 675 660 713 mens,
682 668 723 702 et
745 659 986 704 exhibitum
1010 661 1146 705 oeulis
1164 663 1240 706 ubi
1259 678 1427 708 exerce-

38 739 155 774 retur
177 731 444 786 intellectus,
471 740 520 775 ut
543 730 803 775 invisibilem
826 734 964 775 Deum
987 747 1063 791 per
1084 733 1267 778 visibilia
1295 750 1426 794 opera

37 802 315 858 miraremur,
351 813 402 847 et·
434 803 566 846 erecti
603 804 657 846 ad
693 801 825 846 fidem
860 813 903 847 et
939 806 1110 863 purgati
1148 821 1224 864 per
1264 807 1393 850 fidem
1413 843 1424 862 ,

37 874 166 918 etiam
187 874 327 933 ipsum
352 874 623 917 invisibiliter
644 873 791 918 videre
813 890 1094 934 cuperemus,
1120 891 1251 936 quem
1281 877 1335 922 de
1366 894 1427 922 re-

36 944 117 989 bus
135 944 375 989 visibilibus
393 944 651 989 invisibilem
676 961 966 990 nosceremus.

96 1019 153 1060 ΙΙ.
180 1019 268 1062 Nec
290 1026 434 1062 tamen
464 1017 624 1061 sullicit
647 1018 740 1061 haec
764 1018 921 1060 intueri
946 1019 989 1061 in
1014 1018 1230 1063 miraculis
1249 1021 1422 1065 Christi.

37 1089 360 1145 Interrogemus
397 1088 487 1146 ipsa
525 1086 749 1142 miracula,
790 1088 898 1147 quid
934 1088 1059 1132 nobis
1094 1088 1330 1149 loquantur
1373 1092 1427 1136 de

35 1157 205 1202 Christo
227 1177 236 1202 :
255 1158 422 1202 habent
438 1157 553 1201 enim
569 1157 601 1200 si
616 1156 933 1216 intelligantur,
951 1158 1144 1217 linguam
1160 1175 1297 1204 suam.
1320 1165 1426 1206 Nam

35 1229 134 1288 quia
169 1229 258 1288 ipse
291 1228 487 1273 Christus
514 1227 707 1271 Verbum
734 1228 809 1271 Dei
836 1237 923 1282 est,
949 1228 1080 1273 etiam
1108 1230 1273 1274 factum
1297 1233 1426 1276 Verbi

34 1298 216 1343 verbum
234 1299 360 1343 nobis
388 1307 466 1343 est.
493 1301 585 1342 Hoc
601 1313 704 1357 ergo
736 1297 1018 1353 miraculum,
1040 1300 1152 1344 sicut
1181 1302 1427 1348 audivimus

33 1385 165 1429 quam
177 1384 382 1428 magnum
400 1369 476 1423 sit,
493 1384 740 1428 quaeramus
754 1369 884 1413 etiam
899 1385 1031 1429 quam
1050 1370 1323 1430 profundum
1340 1375 1393 1418 sit
1414 1394 1422 1419 z

33 1454 124 1484 non
148 1449 318 1484 tantum
339 1440 430 1500 ejus
455 1439 683 1499 superficie
705 1438 999 1495 delectemur,
1026 1440 1101 1485 sed
1124 1441 1253 1486 etiam
1277 1444 1427 1489 altitu-

33 1510 179 1555 dinem
200 1519 539 1570 perscrutemur.
564 1510 707 1554 Habet
724 1511 840 1554 enim
863 1510 1028 1572 aliquid
1046 1511 1186 1567 intus,
1208 1514 1290 1559 hoc
1303 1517 1424 1575 quod

31 1581 237 1625 miramur
259 1580 377 1626 foris.
405 1580 620 1635 Vidimus,
646 1581 934 1640 spectavimus
958 1597 1164 1641 magnum
1188 1585 1417 1643 quiddam,

34 1651 289 1711 praeclarum
308 1651 518 1711 quiddam
533 1686 543 1705 ,
570 1660 613 1695 ct
635 1652 814 1696 omnino
835 1651 1032 1696 divinum
1050 1688 1060 1707 ,
1082 1653 1203 1713 quod
1225 1656 1318 1699 fieri
1339 1658 1420 1702 nisi

31 1738 54 1767 a
82 1727 172 1768 Deo
207 1739 295 1767 non
330 1723 464 1782 possit
493 1742 501 1766 :
532 1722 805 1767 laudavimus
839 1724 893 1767 de
931 1723 1044 1768 facto
1074 1723 1298 1771 factorem.
1334 1729 1419 1774 Sed

29 1792 400 1853 quemadmodum
423 1793 453 1836 si
478 1792 641 1836 litteras
659 1793 862 1852 pulchras
892 1794 1051 1838 alicubi
1074 1795 1386 1855 inspiceremus
1403 1835 1414 1854 ,

29 1879 117 1908 non
132 1864 255 1908 nobis
269 1865 487 1908 sufficeret
508 1863 687 1908 laudare
702 1864 920 1923 scriptoris
939 1865 1187 1922 articulum,
1209 1871 1416 1928 quoniam

29 1948 96 1979 eas
119 1934 274 1994 pariles
292 1969 302 1988 ,
336 1933 523 1994 aequales
551 1934 817 1994 decorasque
839 1934 940 1980 fecit
957 1970 968 1991 ,
994 1936 1076 1980 nisi
1099 1937 1226 1982 etiam
1249 1938 1417 1998 legere-

29 2019 123 2050 mus
145 2005 252 2065 quid
274 2005 398 2050 nobis
420 2021 497 2065 per
518 2005 610 2049 illas
638 2006 894 2050 indicaverit
923 2026 932 2051 ς
953 2007 1012 2051 ita
1036 2007 1200 2053 factum
1228 2011 1311 2055 hoc
1338 2013 1414 2073 qui

28 2083 195 2120 tantum
218 2076 404 2135 inspicit,
425 2075 666 2120 delectatur
687 2076 1015 2136 pulchritudine
1037 2077 1139 2123 facti
1162 2089 1211 2124 ut
1234 2082 1415 2127 admire-

30 2154 100 2191 tur
128 2147 359 2204 artificem,
393 2146 468 2206 qui
508 2156 654 2191 autem
691 2147 923 2207 intelligit,
962 2150 1084 2209 quasi
1122 2151 1239 2210 legit.
1276 2153 1415 2199 Aliter

31 2219 145 2263 enim
176 2217 351 2263 videtur
382 2218 576 2278 pictura,
603 2217 727 2263 aliter
752 2219 957 2265 videntur
987 2220 1157 2267 litterae.
1194 2225 1414 2271 Picturam

31 2303 129 2334 cum
147 2288 322 2344 videris,
347 2289 432 2334 hoc
454 2299 517 2334 est
539 2299 681 2334 totum
697 2289 866 2345 vidisse,
884 2291 1082 2336 laudasse
1103 2313 1111 2337 ε
1132 2293 1295 2340 litteras
1312 2313 1414 2343 cum

30 2358 201 2414 videris,
216 2375 306 2404 non
325 2360 410 2404 hoc
423 2369 487 2404 est
502 2368 662 2418 totum3
675 2361 882 2420 quoniam
898 2364 1186 2408 commoneris
1198 2367 1406 2426 etlegere.

31 2429 202 2473 Etenim
230 2429 336 2474 dicis
351 2465 362 2484 ,
388 2445 490 2474 cum
511 2429 669 2475 videris
689 2430 873 2485 litteras,
908 2432 941 2476 si
965 2432 1076 2478 forte
1098 2450 1187 2479 non
1211 2451 1280 2480 eas
1303 2440 1413 2482 nosti

0 2515 2 2554 5
33 2495 173 2558 legere
198 2518 207 2544 ε
226 2499 334 2560 quid
353 2509 557 2560 putamus
580 2516 671 2545 esse
690 2502 812 2561 quod
834 2502 903 2546 hic
920 2504 1129 2563 scriptum
1154 2509 1247 2550 est?
1275 2510 1416 2552 Inter-

82 2590 89 2606 ¹
109 2586 200 2618 Joan.
218 2595 261 2626 v1,
275 2596 308 2628 9.

162 2649 300 2679 cxxii.
1239 2645 1288 2685 18
