1825 3214
280 232 322 257 IN
357 228 533 258 sommus
565 226 875 264 EVANGEUUM,
910 228 1056 255 TtiAc'r.
1095 230 1170 255 tlt.
1409 219 1431 253 7

56 319 76 341 »
111 298 208 342 estis
230 297 379 342 lumen
401 295 553 340 muudi
573 299 580 319 ¹
603 314 611 339 :
633 294 737 337 »scd
753 294 875 337 aliter
893 292 965 337 illc
987 292 1146 352 dequo
1161 294 1324 338 dictum
1348 303 1433 339 est:

55 388 75 412 «
110 371 214 412 Erat
246 368 397 411 lumen
425 381 594 420 verum,
628 364 749 425 quod
784 362 1191 407 illuminatomncm
1216 364 1437 409 homiuem

55 458 75 482 »
109 440 354 484 venientem
382 440 425 482 in
444 439 561 482 hunc
584 435 846 481 mundum2.
878 453 897 476 »
924 435 992 480 Sic
1010 444 1053 479 et
1072 438 1220 493 Agnus
1241 436 1437 493 singula-

53 512 154 555 riter
169 546 179 566 ,
200 511 315 555 solus
332 511 423 555 sine
440 508 611 554 macula
627 543 638 563 ‚
662 508 753 552 sinc
781 516 961 567 peccato
978 526 986 552 z
1004 522 1093 552 nou
1112 508 1236 566 cujus
1256 509 1437 553 maculae

52 582 253 626 abstersae
283 582 394 636 sint,
425 580 499 625 sed
525 582 648 639 cujus
674 578 845 624 macula
867 578 987 624 nulla
1009 578 1157 624 fuerit.
1179 577 1292 632 Quid
1321 579 1437 623 enim

51 652 152 712 quia
176 651 350 696 dicebat
386 654 574 696 =loannes
600 650 655 694 dc
688 649 873 695 Domino
898 668 907 694 :
934 668 954 692 «
978 652 1092 695 Ecce
1116 664 1253 709 agnus
1283 649 1394 693 Dei?
1415 668 1435 691 »

54 726 148 782 lpse
170 725 358 767 Joanncs
386 738 473 767 non
497 732 588 767 erat
610 723 778 780 agnus?
806 736 896 766 non
921 731 1013 766 erat
1039 721 1104 767 vir
1125 722 1327 766 sanctus?
1350 736 1439 766 non

51 802 143 838 erat
172 794 334 838 amicus
356 794 533 853 spousi?
564 796 680 851 Ergo
697 791 972 852 singulariter
999 791 1088 847 ille,
1109 792 1180 837 hic
1203 801 1267 837 est
1288 794 1439 851 Agnus

52 865 128 908 Dei
149 886 160 922 3
187 864 287 925 quia
309 864 584 923 singulariter
603 864 733 923 hujus
754 863 867 922 Agni
890 863 1101 922 sanguine
1126 862 1217 908 solo
1241 863 1439 908 homines

56 934 208 979 redimi
230 943 486 993 potuerunt,

111 1008 187 1049 VI.
211 1008 381 1051 Fratres
410 1007 516 1059 mei,
541 1006 575 1050 si
605 1005 879 1063 agnoscimus
908 1005 1096 1064 pretium
1117 1014 1315 1051 nostrum
1338 1006 1440 1066 quia

52 1075 222 1134 sanguis
243 1085 307 1120 est
332 1076 466 1134 Agni,
491 1076 567 1135 qui
588 1084 690 1120 sunt
710 1074 773 1119 illi
794 1076 871 1135 qui
887 1075 1016 1120 hodie
1036 1075 1260 1120 celebrant
1276 1076 1441 1121 festivi-

53 1155 185 1191 tatem
212 1146 457 1204 sanguinis,
490 1145 635 1190 nescio
660 1146 785 1204 cujus
811 1144 1035 1190 mulieris?
1056 1155 1101 1191 et
1123 1161 1256 1207 quam
1286 1147 1442 1205 ingrati

53 1217 186 1261 sunt?
214 1218 407 1275 Raptum
429 1224 492 1260 est
517 1231 673 1260 aurum
691 1251 702 1271 ‚
738 1213 914 1271 dicunt,
941 1215 996 1261 de
1021 1231 1125 1262 aure
1147 1216 1340 1261 mulieris
1361 1252 1372 1273 ‚
1400 1227 1444 1262 et

52 1287 245 1331 cucurrit
264 1287 452 1344 sanguis,
472 1294 515 1330 et
538 1285 730 1346 positum
749 1294 813 1331 est
838 1301 993 1332 aurum
1014 1287 1060 1331 in
1085 1288 1248 1332 trutina
1265 1286 1335 1333 vel
1357 1296 1445 1333 sta-

54 1365 144 1400 tera
163 1391 173 1410 ‚
202 1364 245 1400 et
265 1355 615 1415 praeponderavit
645 1354 835 1400 multum
868 1356 923 1401 de
943 1358 1168 1416 sanguine.
1200 1358 1244 1403 Si
1271 1357 1444 1418 pondus

54 1426 108 1471 ad
135 1425 437 1471 inclinandum
472 1441 627 1471 aurum
666 1426 824 1472 habuit
858 1429 1031 1486 sanguis
1060 1427 1276 1484 mulieris,
1314 1429 1445 1490 quale

52 1497 225 1558 pondus
242 1497 376 1542 habet
394 1497 449 1542 ad
466 1496 770 1543 inclinandum
787 1498 1005 1544 mundum
1022 1502 1197 1560 sanguis
1218 1501 1348 1560 Agni,
1369 1516 1446 1560 per

53 1584 186 1630 quem
208 1568 348 1615 factus
372 1578 436 1614 est
465 1568 689 1614 mundus?
718 1571 775 1614 Et
808 1568 987 1629 quidem
1010 1570 1083 1614 ille
1106 1571 1280 1630 spiritus
1302 1571 1447 1616 nescio

54 1641 151 1701 quis
169 1675 181 1695 ‚
214 1649 264 1685 ut
301 1649 518 1700 premeret
546 1640 741 1700 pondus,
779 1640 974 1699 placatus
1002 1650 1067 1686 est
1097 1642 1322 1700 sanguine.
1358 1643 1447 1686 Im-

54 1710 209 1756 mundi
231 1711 407 1771 spiritus
425 1719 637 1756 noverant
658 1719 894 1755 venturum
916 1713 1066 1756 ,lesum
1090 1712 1313 1758 Christum
1328 1746 1340 1768 ,
1364 1727 1446 1757 au-

54 1783 226 1827 dierant
247 1783 302 1827 ab
325 1782 502 1841 Angelis
521 1816 532 1837 ,
556 1782 788 1827 audierant
809 1797 861 1826 ex
879 1783 1106 1842 Prophetis
1120 1818 1131 1839 ,
1152 1792 1196 1827 et
1216 1783 1447 1843 sperabant

55 1868 155 1898 eum
174 1863 426 1898 venturum.
440 1855 548 1897 Nam
566 1852 600 1897 si
621 1867 711 1897 non
723 1853 971 1911 sperabant,
989 1853 1108 1899 unde
1121 1853 1442 1901 clamaverunt:

60 1943 80 1966 t(
113 1925 229 1978 Quid
257 1924 382 1968 nobis
419 1932 462 1968 et
496 1923 576 1968 tibi
610 1924 703 1968 est?
730 1923 885 1968 venisti
920 1934 1021 1970 ante
1050 1934 1224 1984 'tempus
1263 1924 1446 1984 perdere

58 2013 79 2036 »
114 1995 222 2038 nos?
244 1995 404 2038 scimus
434 1995 509 2054 qui
547 1993 601 2037 sis
619 2028 629 2048 ,
664 1995 846 2038 Sanctus
875 1994 1034 2039 Dei3.»
1062 1997 1308 2040 Venturum
1336 1997 1446 2041 scie-

58 2066 179 2120 bant,
197 2064 273 2108 sed
294 2074 465 2125 tempus
487 2064 763 2123 ignorabant.
784 2062 869 2110 Sed
890 2063 997 2125 quid
1015 2063 1192 2111 audistis
1214 2065 1259 2110 in
1276 2065 1447 2111 Psalmo

57 2134 112 2180 de
131 2134 402 2180 Jerusalem?
433 2154 452 2177 «
478 2135 695 2188 Quoniam
719 2134 1041 2194 beneplacitum
1064 2135 1316 2182 habuerunt
1337 2138 1448 2183 servi

61 2225 80 2248 η
106 2206 170 2251 tui
187 2205 352 2266 lapides
375 2207 483 2268 ejus,
501 2215 544 2251 et
565 2205 756 2266 pulveris
778 2207 868 2266 ejus
890 2206 1238 2255 miserebuntur:
1261 2216 1309 2252 tu
1325 2223 1448 2253 exur-

62 2296 82 2319 »
104 2291 224 2336 gens,
238 2277 396 2338 inquit,
416 2275 685 2322 misereberis
705 2276 825 2333 Sion,
846 2277 1052 2338 quoniam
1074 2278 1193 2324 venit
1215 2288 1386 2339 tempus
1400 2289 1450 2324 ut

63 2365 83 2389 η
110 2347 345 2392 miserearis
366 2349 458 2408 ejus
477 2348 508 2392 4.
539 2365 559 2389 »
585 2346 771 2401 Quando
792 2348 911 2394 venit
925 2357 1096 2409 ternpus
1109 2359 1160 2395 ut
1177 2350 1453 2397 misereretur

61 2420 191 2472 Deus,
202 2419 321 2463 venit
333 2421 493 2479 Agnus.
510 2418 658 2472 Qualis
667 2421 832 2477 Agnus,
846 2434 979 2478 quem
994 2419 1087 2481 lupi
1104 2420 1260 2467 timent
1273 2423 1292 2466 Ρ
1304 2420 1451 2476 Qualis

63 2490 212 2545 Agnus
235 2497 321 2543 est,
348 2488 424 2548 qui
454 2487 625 2532 leonem
651 2488 817 2532 occisus
841 2488 1030 2535 occidit?
1064 2490 1213 2535 Dictus
1240 2500 1303 2535 est
1333 2491 1448 2535 enim

113 2572 248 2602 'Mamm
265 2582 296 2608 v,
323 2571 370 2611 ¹2.
399 2588 437 2593 —-
460 2578 470 2592 Ἰ
492 2574 582 2602 Joan.
606 2583 627 2609 ι,
646 2582 678 2613 9.
703 2586 743 2595 --·
763 2570 775 2594 3
794 2574 897 2605 Marc.
924 2584 946 2610 ι,
968 2573 1020 2614 24.
1044 2573 1114 2604 -k
1130 2574 1208 2607 Psal.
1231 2584 1272 2615 cl,
1291 2573 1405 2615 14-15.
