1825 3214
284 227 325 252 m
358 225 530 254 JoANle
562 224 874 263 numanum,
908 223 1054 252 TnAcT.
1092 226 1162 252 xi..
1330 211 1415 252 43⁷

37 312 57 334 »
91 292 193 352 quia
212 307 292 350 ego
305 308 401 336 sum
418 311 428 337 :
453 310 474 333 »
488 292 563 336 sed
578 301 621 336 et
636 295 762 336 Pater
775 301 854 345 est,
872 301 915 336 et
934 292 1116 350 Spiritus
1139 300 1311 336 sanctus
1332 301 1411 336 est.

35 363 102 409 Ad
125 364 267 422 ipsum
295 378 385 407 esse.
405 363 594 421 pertinet
623 372 710 406 tota
736 362 934 405 Trinitas,
962 363 1045 405 Sed
1077 363 1175 422 quia
1208 362 1417 405 Dominus

34 435 144 479 sieut
164 433 298 478 Filius
318 433 602 492 loquebatur,
628 449 682 476 ne
706 432 817 477 sorte
835 433 879 475 in
896 432 1082 491 eoquod
1102 433 1231 486 dixit,
1254 452 1272 472 «
1296 435 1418 477 Tunc

38 524 59 546 »
94 505 359 562 cognoscetis
387 505 488 564 quia
521 519 599 562 ego
622 519 741 557 sum,
771 521 791 543 »
817 503 1082 547 subintraret
1109 518 1228 546 error
1265 504 1418 548 Sabel-

34 575 248 620 lianorum
262 610 273 627 ‚
292 576 374 619 hoc
395 584 459 619 est
483 575 893 634 Patripassianorum
907 609 917 627 ‚
935 588 1064 634 quem
1084 573 1206 616 vobis
1228 589 1417 617 errorem

35 646 338 691 commendavi
363 661 448 688 non
476 645 735 698 tenendum,
762 643 836 688 sed
855 644 1095 688 cavendum
1114 679 1124 693 ,
1159 658 1310 687 eorum
1336 645 1419 688 sei-

34 717 136 761 licet
167 718 243 776 qui
272 717 501 770 dixerunt,
531 719 626 775 lpse
660 725 722 759 est
753 718 900 769 Pater,
925 715 1014 774 ipse
1049 724 1112 758 est
1136 713 1300 772 Filius;
1331 714 1420 759 duo

35 797 137 832 sunt
158 787 349 838 nomina,
364 787 439 830 sed
462 802 526 830 res
552 802 638 831 una
666 806 673 830 z
700 796 876 845 propter
897 786 1027 830 istum
1050 801 1152 844 ergo
1175 784 1420 829 cavendum

36 873 225 904 errorem
248 873 348 902 eum
377 857 550 901 dixisset
574 858 782 901 Dominus
799 892 809 910 ‚
839 875 856 898 «
882 859 1004 900 Tunc
1026 856 1289 914 cognoscetis
1316 857 1420 916 quia

38 948 58 970 »
94 945 176 988 ego
197 944 291 972 sum
319 947 327 972 ε
352 947 370 969 »
399 944 451 972 ne
475 929 563 987 ipse
581 926 896 986 intelligeretur
918 929 1067 980 Pater,
1087 927 1296 971 continuo
1320 927 1424 970 sub-

31 1000 190 1060 junxit,
210 1018 230 1041 «
248 1001 303 1042 Et
326 1015 347 1042 a
372 1013 441 1042 me
463 999 556 1057 ipso
580 997 690 1043 facio
708 998 832 1052 nihil,
858 997 933 1042 sed
954 998 1065 1041 sicut
1080 997 1230 1042 docuit
1250 1013 1318 1041 me
1340 1001 1422 1042 Pa-

39 1090 58 1112 »
94 1079 159 1114 ter
179 1105 189 1125 ‚
215 1070 308 1114 haee
332 1069 502 1129 loquor.
527 1079 546 1109 ›·›
571 1072 667 1113 Jam
687 1067 874 1126 gaudere
902 1079 1094 1128 coeperat
1114 1068 1383 1113 sabellianus
1404 1105 1416 1126 ,

36 1141 190 1186 erroris
207 1142 271 1184 sui
291 1140 515 1184 occasione
537 1148 758 1198 comperta
784 1159 793 1183 ε
819 1140 965 1182 statim
986 1149 1036 1182 ut
1068 1154 1112 1182 se
1143 1148 1352 1199 tanquam
1376 1140 1422 1183 in

36 1213 222 1257 obscuro
251 1210 430 1262 extulit,
455 1211 674 1270 sequentis
711 1210 936 1253 sententiae
968 1211 1066 1254 luce
1100 1209 1307 1254 confusus
1340 1220 1418 1254 est.

40 1287 268 1326 Putaveras
292 1297 390 1325 eum
426 1296 515 1325 esse
551 1285 750 1334 Patrem,
776 1280 877 1339 quia
909 1280 1044 1323 dixit.-
1073 1300 1092 1321 «
1129 1283 1222 1338 Ego
1242 1296 1336 1324 sum
1361 1300 1368 1324 :
1397 1298 1417 1321 ))

38 1354 139 1398 audi
161 1353 263 1413 quia
286 1352 420 1395 Filius
433 1362 512 1404 est,
532 1371 551 1393 «
580 1354 670 1395 Eta
689 1366 758 1394 me
775 1352 867 1409 ipso
884 1350 992 1394 facio
1010 1350 1133 1394 nibil.
1163 1370 1182 1392 »
1205 1351 1319 1404 Quid
1340 1360 1418 1406 est,

41 1444 60 1467 «
86 1441 106 1468 a
131 1439 199 1468 me
216 1425 308 1482 ipso
323 1422 434 1467 facio
453 1422 590 1466 nihil?
611 1441 630 1463 »
652 1425 688 1466 A
708 1437 775 1465 me
797 1422 890 1480 ipso
911 1437 999 1465 non
1018 1437 1128 1465 sum.
1146 1422 1280 1466 Filius
1303 1422 1421 1466 enim

37 1494 91 1539 de
107 1498 231 1539 Patre
247 1503 309 1537 est
323 1497 432 1537 Deus
446 1515 456 1550 3
474 1497 598 1537 Pater
611 1501 755 1536 autem
770 1507 857 1536 non
871 1501 933 1535 est
946 1492 1000 1536 de
1014 1492 1124 1536 Filio
1138 1495 1251 1536 Deus
1265 1512 1272 1536 :
1286 1492 1422 1537 Filius

37 1575 101 1610 est
116 1570 228 1610 Deus
242 1565 296 1610 de
311 1569 423 1622 Deo3
444 1569 568 1609 Pater
584 1574 727 1608 autem
742 1567 872 1618 Deus,
888 1563 1065 1608 sednon
1080 1563 1134 1607 de
1153 1567 1241 1609 Deo
1260 1584 1267 1608 :
1287 1564 1422 1609 Filius

38 1646 101 1681 θεῖ
123 1637 273 1680 lumen
307 1636 361 1680 de
382 1635 576 1691 lumine3
604 1639 730 1679 Pater
761 1644 905 1678 autem
929 1634 1101 1688 lumen,
1139 1634 1213 1678 sed
1246 1650 1334 1678 non
1369 1635 1424 1679 de

37 1707 205 1751 lumine
229 1727 237 1751 :
264 1707 398 1751 Filius
421 1716 506 1757 θεῖ,
528 1707 602 1750 sed
627 1715 691 1750 est
714 1705 768 1749 de
791 1720 880 1765 quo
897 1714 986 1761 θεῖς
1012 1708 1139 1748 Pater
1161 1715 1306 1749 autem
1329 1714 1420 1760 est,

37 1779 112 1823 sed
132 1793 221 1822 non
242 1786 305 1821 est
327 1778 382 1821 de
404 1793 493 1837 quo
514 1786 592 1821 est.

99 1851 173 1892 IV.
192 1847 322 1900 Quod
339 1863 441 1906 ergo
458 1847 640 1900 addidit,
662 1866 681 1888 «
704 1847 824 1891 Sicut
842 1846 993 1890 docuit
1006 1861 1076 1890 me
1095 1849 1238 1901 Pater,
1254 1847 1349 1891 haee
1362 1846 1425 1891 lo-

40 1937 61 1960 »
82 1934 216 1978 quor:
233 1937 252 1957 »
266 1918 427 1962 nemini
439 1927 631 1961 vestrum
646 1917 828 1976 obrepat
842 1916 1046 1973 cogitatio
1058 1916 1258 1972 earnalis,
1274 1916 1424 1961 fratres

40 1989 138 2032 mei.
152 1991 247 2032 Non
263 1988 379 2031 euim
393 1996 534 2046 potest
549 1988 739 2030 humana
752 1986 980 2029 infirmitas
992 1986 1196 2043 cogitare,
1213 1988 1292 2029 nisi
1304 1988 1426 2046 quod

40 2058 265 2103 consuevit
279 2057 422 2102 facere
434 2056 503 2100 vel
516 2056 680 2100 audire.
691 2055 835 2101 Nolite
847 2071 948 2113 ergo
957 2056 1077 2100 vobis
1091 2057 1213 2116 quasi
1227 2057 1336 2101 duos
1351 2058 1427 2102 ho-

40 2132 176 2175 mines
196 2139 295 2173 ante
311 2128 459 2173 oculos
476 2143 639 2187 ponere
656 2163 666 2182 ‚
685 2144 822 2172 unum
842 2137 1011 2187 patrem
1027 2163 1037 2182 ‚
1055 2128 1238 2172 alterum
1263 2128 1421 2186 filium,

42 2210 85 2246 et
99 2200 349 2259 loquentem
366 2208 533 2258 patrem
547 2198 600 2241 ad
615 2198 751 2242 filium
769 2218 778 2243 z
794 2198 1018 2243 sieutfacis
1035 2208 1083 2242 tu
1103 2199 1282 2258 quando
1294 2201 1426 2245 verba

41 2272 184 2332 aliqua
208 2271 313 2316 dicis
331 2271 419 2314 filio
437 2279 514 2314 tuo
530 2305 541 2324 ‚
568 2285 749 2314 monens
772 2284 875 2314 eum
885 2280 928 2314 et
949 2271 1166 2315 instruens
1189 2286 1289 2314 eum
1311 2288 1427 2331 quo-

43 2342 174 2387 modo
195 2342 423 2402 loquatur,
443 2350 493 2385 ut
510 2355 798 2400 quaecumque
821 2340 987 2385 audivit
1003 2357 1026 2385 a
1050 2351 1093 2385 te
1109 2377 1120 2397 ,
1147 2341 1427 2386 commendet

43 2414 286 2468 memoriae3
326 2427 426 2456 cum
464 2410 833 2455 commendaverit
876 2411 1096 2456 memoriae
1110 2447 1121 2463 ,
1160 2411 1351 2472 proferat
1384 2421 1429 2456 et

45 2484 193 2543 lingua
208 2519 223 2538 ,
248 2483 484 2542 distinguat
505 2498 583 2542 per
596 2498 722 2528 sonos
738 2519 748 2535 ,
770 2481 928 2527 inferat
950 2484 1126 2527 auribus
1149 2483 1297 2527 alienis
1311 2481 1430 2542 quod

95 2578 101 2591 τ
125 2572 216 2600 Joan.
236 2579 307 2608 vni,
328 2570 381 2599 28.
