<?xml version="1.0" encoding="UTF-8"?>
<!DOCTYPE html PUBLIC "-//W3C//DTD XHTML 1.0 Transitional//EN"
    "http://www.w3.org/TR/xhtml1/DTD/xhtml1-transitional.dtd">
<html xmlns="http://www.w3.org/1999/xhtml" xml:lang="en" lang="en">
 <head>
  <title>
</title>
<meta http-equiv="Content-Type" content="text/html;charset=utf-8" />
  <meta name='ocr-system' content='tesseract 3.04.00' />
  <meta name='ocr-capabilities' content='ocr_page ocr_carea ocr_par ocr_line ocrx_word'/>
</head>
<body>
  <div class='ocr_page' id='page_1' title='image "./operaomniaaccura15auguuoft_0214.png"; bbox 0 0 1809 3173; ppageno 0'>
   <div class='ocr_carea' id='block_1_1' title="bbox 339 192 1287 231">
    <p class='ocr_par' dir='ltr' id='par_1_1' title="bbox 339 192 1287 231">
     <span class='ocr_line' id='line_1_1' title="bbox 339 192 1287 231; baseline -0.004 -1"><span class='ocrx_word' id='word_1_1' title='bbox 339 192 422 231; x_wconf 68' lang='lat'>202</span> <span class='ocrx_word' id='word_1_2' title='bbox 773 198 808 228; x_wconf 73' lang='lat' dir='ltr'>S·</span> <span class='ocrx_word' id='word_1_3' title='bbox 844 198 1073 228; x_wconf 61' lang='lat' dir='ltr'><strong>AUGUSTINI</strong></span> <span class='ocrx_word' id='word_1_4' title='bbox 1107 200 1287 227; x_wconf 73' lang='lat' dir='ltr'>Emscom</span> 
     </span>
    </p>
   </div>
   <div class='ocr_carea' id='block_1_2' title="bbox 334 262 1723 817">
    <p class='ocr_par' dir='ltr' id='par_1_2' title="bbox 334 262 1723 817">
     <span class='ocr_line' id='line_1_2' title="bbox 338 262 1721 326; baseline -0.004 -14"><span class='ocrx_word' id='word_1_5' title='bbox 338 269 457 312; x_wconf 82' lang='lat' dir='ltr'>tiam.</span> <span class='ocrx_word' id='word_1_6' title='bbox 492 264 634 309; x_wconf 82' lang='lat' dir='ltr'><strong>Habet</strong></span> <span class='ocrx_word' id='word_1_7' title='bbox 656 266 771 310; x_wconf 86' lang='lat' dir='ltr'>enirn</span> <span class='ocrx_word' id='word_1_8' title='bbox 798 274 840 310; x_wconf 85' lang='lat' dir='ltr'>et</span> <span class='ocrx_word' id='word_1_9' title='bbox 867 281 997 326; x_wconf 83' lang='lat' dir='ltr'>pecus</span> <span class='ocrx_word' id='word_1_10' title='bbox 1025 265 1212 309; x_wconf 85' lang='lat' dir='ltr'>animam</span> <span class='ocrx_word' id='word_1_11' title='bbox 1238 283 1245 308; x_wconf 92' lang='lat'>:</span> <span class='ocrx_word' id='word_1_12' title='bbox 1273 262 1345 307; x_wconf 89' lang='lat' dir='ltr'>sed</span> <span class='ocrx_word' id='word_1_13' title='bbox 1377 263 1542 322; x_wconf 86' lang='lat' dir='ltr'>pecoris</span> <span class='ocrx_word' id='word_1_14' title='bbox 1579 263 1721 307; x_wconf 85' lang='lat' dir='ltr'>anima</span> 
     </span>
     <span class='ocr_line' id='line_1_3' title="bbox 337 335 1721 397; baseline -0.001 -15"><span class='ocrx_word' id='word_1_15' title='bbox 337 353 425 382; x_wconf 88' lang='lat' dir='ltr'>non</span> <span class='ocrx_word' id='word_1_16' title='bbox 447 345 588 397; x_wconf 86' lang='lat' dir='ltr'>potest</span> <span class='ocrx_word' id='word_1_17' title='bbox 621 337 777 381; x_wconf 87' lang='lat' dir='ltr'>sentire</span> <span class='ocrx_word' id='word_1_18' title='bbox 807 338 1076 396; x_wconf 71' lang='lat' dir='ltr'>sapientiam.</span> <span class='ocrx_word' id='word_1_19' title='bbox 1106 340 1221 393; x_wconf 83' lang='lat' dir='ltr'>Ergo</span> <span class='ocrx_word' id='word_1_20' title='bbox 1248 335 1390 378; x_wconf 87' lang='lat' dir='ltr'>anima</span> <span class='ocrx_word' id='word_1_21' title='bbox 1417 335 1605 378; x_wconf 87' lang='lat' dir='ltr'>humana</span> <span class='ocrx_word' id='word_1_22' title='bbox 1639 350 1721 393; x_wconf 90' lang='lat' dir='ltr'>po-</span> 
     </span>
     <span class='ocr_line' id='line_1_4' title="bbox 338 405 1721 467; baseline -0.001 -15"><span class='ocrx_word' id='word_1_23' title='bbox 338 418 419 452; x_wconf 80' lang='lat' dir='ltr'>test</span> <span class='ocrx_word' id='word_1_24' title='bbox 435 408 591 452; x_wconf 89' lang='lat' dir='ltr'>sentire</span> <span class='ocrx_word' id='word_1_25' title='bbox 611 407 734 451; x_wconf 86' lang='lat' dir='ltr'>istam</span> <span class='ocrx_word' id='word_1_26' title='bbox 757 407 908 462; x_wconf 89' lang='lat' dir='ltr'>vitam,</span> <span class='ocrx_word' id='word_1_27' title='bbox 929 422 1061 467; x_wconf 87' lang='lat' dir='ltr'>quam</span> <span class='ocrx_word' id='word_1_28' title='bbox 1091 406 1222 449; x_wconf 86' lang='lat' dir='ltr'>habet</span> <span class='ocrx_word' id='word_1_29' title='bbox 1245 409 1370 449; x_wconf 86' lang='lat' dir='ltr'>Pater</span> <span class='ocrx_word' id='word_1_30' title='bbox 1396 405 1440 448; x_wconf 93' lang='lat' dir='ltr'>in</span> <span class='ocrx_word' id='word_1_31' title='bbox 1473 406 1721 465; x_wconf 76' lang='lat' dir='ltr'>semetips03</span> 
     </span>
     <span class='ocr_line' id='line_1_5' title="bbox 336 475 1722 536; baseline -0.001 -13"><span class='ocrx_word' id='word_1_32' title='bbox 336 489 379 523; x_wconf 88' lang='lat' dir='ltr'>et</span> <span class='ocrx_word' id='word_1_33' title='bbox 399 478 521 522; x_wconf 82' lang='lat' dir='ltr'>dedit</span> <span class='ocrx_word' id='word_1_34' title='bbox 543 478 653 522; x_wconf 88' lang='lat' dir='ltr'>Filio</span> <span class='ocrx_word' id='word_1_35' title='bbox 683 479 815 523; x_wconf 87' lang='lat' dir='ltr'>vitam</span> <span class='ocrx_word' id='word_1_36' title='bbox 852 479 1011 522; x_wconf 82' lang='lat' dir='ltr'>habere</span> <span class='ocrx_word' id='word_1_37' title='bbox 1034 478 1079 520; x_wconf 89' lang='lat' dir='ltr'>in</span> <span class='ocrx_word' id='word_1_38' title='bbox 1116 477 1344 534; x_wconf 78' lang='lat' dir='ltr'>semetipso</span> <span class='ocrx_word' id='word_1_39' title='bbox 1371 476 1500 536; x_wconf 87' lang='lat' dir='ltr'>:quia</span> <span class='ocrx_word' id='word_1_40' title='bbox 1528 475 1637 520; x_wconf 91' lang='lat' dir='ltr'>illud</span> <span class='ocrx_word' id='word_1_41' title='bbox 1659 487 1722 522; x_wconf 87' lang='lat' dir='ltr'>est</span> 
     </span>
     <span class='ocr_line' id='line_1_6' title="bbox 335 548 1723 608; baseline -0.001 -15"><span class='ocrx_word' id='word_1_42' title='bbox 335 565 489 594; x_wconf 85' lang='lat' dir='ltr'>verum</span> <span class='ocrx_word' id='word_1_43' title='bbox 506 549 655 592; x_wconf 86' lang='lat' dir='ltr'>lumen</span> <span class='ocrx_word' id='word_1_44' title='bbox 678 548 798 608; x_wconf 85' lang='lat' dir='ltr'>quod</span> <span class='ocrx_word' id='word_1_45' title='bbox 820 548 1053 602; x_wconf 86' lang='lat' dir='ltr'>illuminat,</span> <span class='ocrx_word' id='word_1_46' title='bbox 1080 548 1169 591; x_wconf 78' lang='lat' dir='ltr'>no&#39;n</span> <span class='ocrx_word' id='word_1_47' title='bbox 1192 561 1367 590; x_wconf 90' lang='lat' dir='ltr'>omnem</span> <span class='ocrx_word' id='word_1_48' title='bbox 1400 548 1584 590; x_wconf 84' lang='lat' dir='ltr'>animam</span> <span class='ocrx_word' id='word_1_49' title='bbox 1603 581 1614 602; x_wconf 80' lang='lat'>‚</span> <span class='ocrx_word' id='word_1_50' title='bbox 1647 548 1723 591; x_wconf 88' lang='lat' dir='ltr'>sed</span> 
     </span>
     <span class='ocr_line' id='line_1_7' title="bbox 336 615 1722 677; baseline -0.001 -13"><span class='ocrx_word' id='word_1_51' title='bbox 336 635 511 665; x_wconf 89' lang='lat' dir='ltr'>omnem</span> <span class='ocrx_word' id='word_1_52' title='bbox 530 620 752 663; x_wconf 89' lang='lat' dir='ltr'>hominem</span> <span class='ocrx_word' id='word_1_53' title='bbox 775 619 1022 661; x_wconf 86' lang='lat' dir='ltr'>venientem</span> <span class='ocrx_word' id='word_1_54' title='bbox 1044 617 1088 660; x_wconf 89' lang='lat' dir='ltr'>in</span> <span class='ocrx_word' id='word_1_55' title='bbox 1110 617 1229 660; x_wconf 87' lang='lat' dir='ltr'>hunc</span> <span class='ocrx_word' id='word_1_56' title='bbox 1242 615 1472 660; x_wconf 88' lang='lat' dir='ltr'>mundum.</span> <span class='ocrx_word' id='word_1_57' title='bbox 1490 619 1602 661; x_wconf 89' lang='lat' dir='ltr'>Cum</span> <span class='ocrx_word' id='word_1_58' title='bbox 1620 633 1722 677; x_wconf 83' lang='lat' dir='ltr'>ergo</span> 
     </span>
     <span class='ocr_line' id='line_1_8' title="bbox 334 685 1534 750; baseline -0.004 -15"><span class='ocrx_word' id='word_1_59' title='bbox 334 690 414 750; x_wconf 90' lang='lat' dir='ltr'>ipsi</span> <span class='ocrx_word' id='word_1_60' title='bbox 432 689 566 733; x_wconf 88' lang='lat' dir='ltr'>menti</span> <span class='ocrx_word' id='word_1_61' title='bbox 588 688 760 748; x_wconf 83' lang='lat' dir='ltr'>loquor,</span> <span class='ocrx_word' id='word_1_62' title='bbox 780 686 943 742; x_wconf 86' lang='lat' dir='ltr'>audiat,</span> <span class='ocrx_word' id='word_1_63' title='bbox 964 687 1006 730; x_wconf 94' lang='lat' dir='ltr'>id</span> <span class='ocrx_word' id='word_1_64' title='bbox 1023 696 1102 742; x_wconf 85' lang='lat' dir='ltr'>est,</span> <span class='ocrx_word' id='word_1_65' title='bbox 1127 685 1318 741; x_wconf 83' lang='lat' dir='ltr'>obediat,</span> <span class='ocrx_word' id='word_1_66' title='bbox 1339 695 1382 730; x_wconf 92' lang='lat' dir='ltr'>et</span> <span class='ocrx_word' id='word_1_67' title='bbox 1403 687 1534 731; x_wconf 84' lang='lat' dir='ltr'>vivat.</span> 
     </span>
     <span class='ocr_line' id='line_1_9' title="bbox 394 756 1720 817; baseline -0.002 -13"><span class='ocrx_word' id='word_1_68' title='bbox 394 759 596 804; x_wconf 83' lang='lat' dir='ltr'>XV.Noli</span> <span class='ocrx_word' id='word_1_69' title='bbox 615 758 763 817; x_wconf 88' lang='lat' dir='ltr'>itaque</span> <span class='ocrx_word' id='word_1_70' title='bbox 787 758 969 802; x_wconf 85' lang='lat' dir='ltr'>Domine</span> <span class='ocrx_word' id='word_1_71' title='bbox 990 766 1130 801; x_wconf 86' lang='lat' dir='ltr'>tacere</span> <span class='ocrx_word' id='word_1_72' title='bbox 1149 756 1204 801; x_wconf 90' lang='lat' dir='ltr'>de</span> <span class='ocrx_word' id='word_1_73' title='bbox 1226 757 1538 801; x_wconf 87' lang='lat' dir='ltr'>resurrectione</span> <span class='ocrx_word' id='word_1_74' title='bbox 1553 758 1720 807; x_wconf 87' lang='lat' dir='ltr'>carnis;</span> 
     </span>
    </p>
   </div>
   <div class='ocr_carea' id='block_1_3' title="bbox 336 827 1739 887">
    <p class='ocr_par' dir='ltr' id='par_1_3' title="bbox 336 817 1809 887">
     <span class='ocr_line' id='line_1_10' title="bbox 336 827 1739 887; baseline -0.001 -13"><span class='ocrx_word' id='word_1_75' title='bbox 336 846 392 874; x_wconf 75' lang='lat' dir='ltr'>ne</span> <span class='ocrx_word' id='word_1_76' title='bbox 421 845 509 874; x_wconf 86' lang='lat' dir='ltr'>non</span> <span class='ocrx_word' id='word_1_77' title='bbox 531 844 625 873; x_wconf 76' lang='lat' dir='ltr'>eam</span> <span class='ocrx_word' id='word_1_78' title='bbox 656 827 837 873; x_wconf 70' lang='lat' dir='ltr'>Credant</span> <span class='ocrx_word' id='word_1_79' title='bbox 865 828 1083 883; x_wconf 76' lang='lat' dir='ltr'>hominGS,</span> <span class='ocrx_word' id='word_1_80' title='bbox 1105 837 1149 872; x_wconf 69' lang='grc' dir='ltr'>Εἴ</span> <span class='ocrx_word' id='word_1_81' title='bbox 1172 843 1469 871; x_wconf 72' lang='lat' dir='ltr'>remaneamus</span> <span class='ocrx_word' id='word_1_82' title='bbox 1491 843 1569 871; x_wconf 78' lang='lat' dir='ltr'>nOS</span> <span class='ocrx_word' id='word_1_83' title='bbox 1590 843 1739 887; x_wconf 64' lang='lat' dir='ltr'>argu·v</span> 
     </span>
    </p>
   </div>
   <div class='ocr_carea' id='block_1_4' title="bbox 332 898 1724 2511">
    <p class='ocr_par' dir='ltr' id='par_1_4' title="bbox 332 898 1724 2511">
     <span class='ocr_line' id='line_1_11' title="bbox 335 898 1723 957; baseline -0.002 -13"><span class='ocrx_word' id='word_1_84' title='bbox 335 909 597 944; x_wconf 87' lang='lat' dir='ltr'>mentatores</span> <span class='ocrx_word' id='word_1_85' title='bbox 614 933 625 953; x_wconf 89' lang='lat'>,</span> <span class='ocrx_word' id='word_1_86' title='bbox 652 914 741 942; x_wconf 90' lang='lat' dir='ltr'>non</span> <span class='ocrx_word' id='word_1_87' title='bbox 763 898 1084 957; x_wconf 81' lang='lat' dir='ltr'>praedicatores.</span> <span class='ocrx_word' id='word_1_88' title='bbox 1116 901 1232 957; x_wconf 81' lang='lat' dir='ltr'>Ergo</span> <span class='ocrx_word' id='word_1_89' title='bbox 1260 917 1280 939; x_wconf 90' lang='lat'>«</span> <span class='ocrx_word' id='word_1_90' title='bbox 1303 898 1423 943; x_wconf 85' lang='lat' dir='ltr'>Sicut</span> <span class='ocrx_word' id='word_1_91' title='bbox 1446 898 1577 941; x_wconf 87' lang='lat' dir='ltr'>habet</span> <span class='ocrx_word' id='word_1_92' title='bbox 1597 901 1723 942; x_wconf 87' lang='lat' dir='ltr'>Pater</span> 
     </span>
     <span class='ocr_line' id='line_1_12' title="bbox 337 969 1723 1029; baseline 0 -16"><span class='ocrx_word' id='word_1_93' title='bbox 337 990 358 1015; x_wconf 74' lang='lat' dir='ltr'>n</span> <span class='ocrx_word' id='word_1_94' title='bbox 394 971 526 1016; x_wconf 81' lang='lat' dir='ltr'>vitam</span> <span class='ocrx_word' id='word_1_95' title='bbox 552 971 597 1014; x_wconf 86' lang='lat' dir='ltr'>in</span> <span class='ocrx_word' id='word_1_96' title='bbox 622 971 851 1029; x_wconf 88' lang='lat' dir='ltr'>semetipso</span> <span class='ocrx_word' id='word_1_97' title='bbox 866 1004 877 1025; x_wconf 83' lang='lat'><strong><em>‚</em></strong></span> <span class='ocrx_word' id='word_1_98' title='bbox 902 970 962 1014; x_wconf 88' lang='lat' dir='ltr'>sic</span> <span class='ocrx_word' id='word_1_99' title='bbox 985 969 1106 1014; x_wconf 82' lang='lat' dir='ltr'>dedit</span> <span class='ocrx_word' id='word_1_100' title='bbox 1129 978 1173 1013; x_wconf 85' lang='lat' dir='ltr'>et</span> <span class='ocrx_word' id='word_1_101' title='bbox 1195 969 1305 1013; x_wconf 87' lang='lat' dir='ltr'>Filio</span> <span class='ocrx_word' id='word_1_102' title='bbox 1333 970 1494 1013; x_wconf 87' lang='lat' dir='ltr'>habere</span> <span class='ocrx_word' id='word_1_103' title='bbox 1513 969 1648 1014; x_wconf 89' lang='lat' dir='ltr'>vitam</span> <span class='ocrx_word' id='word_1_104' title='bbox 1678 970 1723 1013; x_wconf 89' lang='lat' dir='ltr'>in</span> 
     </span>
     <span class='ocr_line' id='line_1_13' title="bbox 337 1039 1723 1099; baseline 0 -16"><span class='ocrx_word' id='word_1_105' title='bbox 337 1060 358 1083; x_wconf 88' lang='lat'>»</span> <span class='ocrx_word' id='word_1_106' title='bbox 393 1041 639 1099; x_wconf 86' lang='lat' dir='ltr'>semetipso.</span> <span class='ocrx_word' id='word_1_107' title='bbox 669 1058 689 1081; x_wconf 75' lang='grc' dir='ltr'><strong>υ</strong></span> <span class='ocrx_word' id='word_1_108' title='bbox 715 1039 968 1099; x_wconf 83' lang='lat' dir='ltr'>Intelligant</span> <span class='ocrx_word' id='word_1_109' title='bbox 989 1040 1065 1099; x_wconf 89' lang='lat' dir='ltr'>qui</span> <span class='ocrx_word' id='word_1_110' title='bbox 1087 1039 1293 1094; x_wconf 88' lang='lat' dir='ltr'>audiunt,</span> <span class='ocrx_word' id='word_1_111' title='bbox 1319 1039 1500 1083; x_wconf 86' lang='lat' dir='ltr'>credant</span> <span class='ocrx_word' id='word_1_112' title='bbox 1521 1048 1571 1083; x_wconf 91' lang='lat' dir='ltr'>ut</span> <span class='ocrx_word' id='word_1_113' title='bbox 1590 1039 1723 1083; x_wconf 89' lang='lat' dir='ltr'>intel-</span> 
     </span>
     <span class='ocr_line' id='line_1_14' title="bbox 336 1110 1723 1171; baseline -0.002 -15"><span class='ocrx_word' id='word_1_114' title='bbox 336 1112 474 1171; x_wconf 85' lang='lat' dir='ltr'>ligant</span> <span class='ocrx_word' id='word_1_115' title='bbox 491 1145 502 1166; x_wconf 87' lang='lat'><strong><em>,</em></strong></span> <span class='ocrx_word' id='word_1_116' title='bbox 528 1110 737 1155; x_wconf 85' lang='lat' dir='ltr'>obediant</span> <span class='ocrx_word' id='word_1_117' title='bbox 764 1120 813 1155; x_wconf 91' lang='lat' dir='ltr'>ut</span> <span class='ocrx_word' id='word_1_118' title='bbox 837 1111 1001 1155; x_wconf 87' lang='lat' dir='ltr'>vivant.</span> <span class='ocrx_word' id='word_1_119' title='bbox 1028 1110 1221 1154; x_wconf 84' lang='lat' dir='ltr'>Audiant</span> <span class='ocrx_word' id='word_1_120' title='bbox 1244 1110 1388 1154; x_wconf 84' lang='lat' dir='ltr'>adhuc</span> <span class='ocrx_word' id='word_1_121' title='bbox 1411 1110 1545 1165; x_wconf 83' lang='lat' dir='ltr'>aliud,</span> <span class='ocrx_word' id='word_1_122' title='bbox 1576 1125 1630 1153; x_wconf 88' lang='lat' dir='ltr'>ne</span> <span class='ocrx_word' id='word_1_123' title='bbox 1652 1110 1723 1154; x_wconf 87' lang='lat' dir='ltr'>hie</span> 
     </span>
     <span class='ocr_line' id='line_1_15' title="bbox 336 1180 1723 1241; baseline -0.001 -15"><span class='ocrx_word' id='word_1_124' title='bbox 336 1183 504 1226; x_wconf 85' lang='lat' dir='ltr'>finitam</span> <span class='ocrx_word' id='word_1_125' title='bbox 523 1197 612 1226; x_wconf 88' lang='lat' dir='ltr'>esse</span> <span class='ocrx_word' id='word_1_126' title='bbox 634 1182 992 1226; x_wconf 82' lang='lat' dir='ltr'>resurrectionem</span> <span class='ocrx_word' id='word_1_127' title='bbox 1013 1190 1182 1241; x_wconf 85' lang='lat' dir='ltr'>putent.</span> <span class='ocrx_word' id='word_1_128' title='bbox 1216 1201 1236 1223; x_wconf 85' lang='lat'>«</span> <span class='ocrx_word' id='word_1_129' title='bbox 1256 1185 1313 1225; x_wconf 90' lang='lat' dir='ltr'>Et</span> <span class='ocrx_word' id='word_1_130' title='bbox 1334 1180 1455 1225; x_wconf 79' lang='lat' dir='ltr'>dedit</span> <span class='ocrx_word' id='word_1_131' title='bbox 1473 1181 1511 1224; x_wconf 89' lang='lat' dir='ltr'>ei</span> <span class='ocrx_word' id='word_1_132' title='bbox 1533 1190 1723 1239; x_wconf 84' lang='lat' dir='ltr'>potesta-</span> 
     </span>
     <span class='ocr_line' id='line_1_16' title="bbox 339 1250 1719 1312; baseline 0.001 -18"><span class='ocrx_word' id='word_1_133' title='bbox 339 1271 360 1295; x_wconf 88' lang='lat'>»</span> <span class='ocrx_word' id='word_1_134' title='bbox 397 1264 480 1297; x_wconf 84' lang='lat' dir='ltr'>tem</span> <span class='ocrx_word' id='word_1_135' title='bbox 502 1261 544 1297; x_wconf 88' lang='lat' dir='ltr'>et</span> <span class='ocrx_word' id='word_1_136' title='bbox 556 1251 768 1312; x_wconf 83' lang='lat' dir='ltr'>judicium</span> <span class='ocrx_word' id='word_1_137' title='bbox 793 1251 933 1296; x_wconf 83' lang='lat' dir='ltr'>faeere</span> <span class='ocrx_word' id='word_1_138' title='bbox 954 1254 983 1295; x_wconf 86' lang='lat'>¹.</span> <span class='ocrx_word' id='word_1_139' title='bbox 1006 1252 1137 1305; x_wconf 77' lang='lat' dir='ltr'>Quis?</span> <span class='ocrx_word' id='word_1_140' title='bbox 1157 1255 1295 1295; x_wconf 83' lang='lat' dir='ltr'>Pater.</span> <span class='ocrx_word' id='word_1_141' title='bbox 1321 1250 1572 1296; x_wconf 77' lang='lat' dir='ltr'>Cui-dedit?</span> <span class='ocrx_word' id='word_1_142' title='bbox 1592 1251 1719 1296; x_wconf 91' lang='lat' dir='ltr'>Filio.</span> 
     </span>
     <span class='ocr_line' id='line_1_17' title="bbox 335 1322 1723 1380; baseline -0.001 -13"><span class='ocrx_word' id='word_1_143' title='bbox 335 1323 418 1369; x_wconf 92' lang='lat' dir='ltr'>Cui</span> <span class='ocrx_word' id='word_1_144' title='bbox 450 1323 566 1367; x_wconf 89' lang='lat' dir='ltr'>enim</span> <span class='ocrx_word' id='word_1_145' title='bbox 597 1322 719 1367; x_wconf 81' lang='lat' dir='ltr'>dedit</span> <span class='ocrx_word' id='word_1_146' title='bbox 752 1322 913 1366; x_wconf 87' lang='lat' dir='ltr'>habere</span> <span class='ocrx_word' id='word_1_147' title='bbox 945 1322 1078 1366; x_wconf 89' lang='lat' dir='ltr'>vitam</span> <span class='ocrx_word' id='word_1_148' title='bbox 1110 1322 1156 1365; x_wconf 92' lang='lat' dir='ltr'>in</span> <span class='ocrx_word' id='word_1_149' title='bbox 1183 1322 1442 1380; x_wconf 76' lang='lat' dir='ltr'>semetip50‚</span> <span class='ocrx_word' id='word_1_150' title='bbox 1467 1329 1723 1380; x_wconf 86' lang='lat' dir='ltr'>potestatem</span> 
     </span>
     <span class='ocr_line' id='line_1_18' title="bbox 335 1392 1719 1453; baseline -0.002 -15"><span class='ocrx_word' id='word_1_151' title='bbox 335 1393 456 1439; x_wconf 87' lang='lat' dir='ltr'>dedit</span> <span class='ocrx_word' id='word_1_152' title='bbox 482 1395 521 1437; x_wconf 90' lang='lat' dir='ltr'>ei</span> <span class='ocrx_word' id='word_1_153' title='bbox 548 1403 592 1438; x_wconf 92' lang='lat' dir='ltr'>et</span> <span class='ocrx_word' id='word_1_154' title='bbox 618 1393 834 1453; x_wconf 84' lang='lat' dir='ltr'>judicium</span> <span class='ocrx_word' id='word_1_155' title='bbox 864 1392 1020 1437; x_wconf 87' lang='lat' dir='ltr'>facere.</span> <span class='ocrx_word' id='word_1_156' title='bbox 1051 1411 1070 1435; x_wconf 93' lang='lat'>«</span> <span class='ocrx_word' id='word_1_157' title='bbox 1092 1393 1200 1447; x_wconf 82' lang='lat' dir='ltr'>Quia</span> <span class='ocrx_word' id='word_1_158' title='bbox 1234 1392 1369 1436; x_wconf 79' lang='lat' dir='ltr'>Filius</span> <span class='ocrx_word' id='word_1_159' title='bbox 1391 1392 1579 1436; x_wconf 90' lang='lat' dir='ltr'>hominis</span> <span class='ocrx_word' id='word_1_160' title='bbox 1595 1402 1673 1436; x_wconf 88' lang='lat' dir='ltr'>est.</span> <span class='ocrx_word' id='word_1_161' title='bbox 1699 1411 1719 1433; x_wconf 91' lang='lat'>»</span> 
     </span>
     <span class='ocr_line' id='line_1_19' title="bbox 336 1461 1724 1519; baseline -0.001 -11"><span class='ocrx_word' id='word_1_162' title='bbox 336 1467 422 1508; x_wconf 87' lang='lat' dir='ltr'>Iste</span> <span class='ocrx_word' id='word_1_163' title='bbox 437 1464 554 1508; x_wconf 90' lang='lat' dir='ltr'>enim</span> <span class='ocrx_word' id='word_1_164' title='bbox 571 1465 766 1509; x_wconf 87' lang='lat' dir='ltr'>Christus</span> <span class='ocrx_word' id='word_1_165' title='bbox 785 1499 795 1519; x_wconf 86' lang='lat'><strong>‚</strong></span> <span class='ocrx_word' id='word_1_166' title='bbox 816 1473 860 1508; x_wconf 91' lang='lat' dir='ltr'>et</span> <span class='ocrx_word' id='word_1_167' title='bbox 877 1464 1012 1508; x_wconf 86' lang='lat' dir='ltr'>Filius</span> <span class='ocrx_word' id='word_1_168' title='bbox 1033 1464 1109 1508; x_wconf 89' lang='lat' dir='ltr'>Dei</span> <span class='ocrx_word' id='word_1_169' title='bbox 1132 1472 1174 1507; x_wconf 90' lang='lat' dir='ltr'>et</span> <span class='ocrx_word' id='word_1_170' title='bbox 1192 1461 1305 1506; x_wconf 90' lang='lat' dir='ltr'>filius</span> <span class='ocrx_word' id='word_1_171' title='bbox 1320 1463 1508 1506; x_wconf 90' lang='lat' dir='ltr'>hominis</span> <span class='ocrx_word' id='word_1_172' title='bbox 1525 1472 1604 1506; x_wconf 90' lang='lat' dir='ltr'>est.</span> <span class='ocrx_word' id='word_1_173' title='bbox 1629 1482 1650 1505; x_wconf 88' lang='lat'>«</span> <span class='ocrx_word' id='word_1_174' title='bbox 1671 1465 1724 1507; x_wconf 88' lang='lat' dir='ltr'>In</span> 
     </span>
     <span class='ocr_line' id='line_1_20' title="bbox 338 1530 1720 1594; baseline 0.001 -18"><span class='ocrx_word' id='word_1_175' title='bbox 338 1554 358 1577; x_wconf 88' lang='lat'>»</span> <span class='ocrx_word' id='word_1_176' title='bbox 394 1530 606 1594; x_wconf 84' lang='lat' dir='ltr'>principio</span> <span class='ocrx_word' id='word_1_177' title='bbox 637 1545 730 1580; x_wconf 89' lang='lat' dir='ltr'>erat</span> <span class='ocrx_word' id='word_1_178' title='bbox 752 1535 968 1590; x_wconf 81' lang='lat' dir='ltr'>Verbum,</span> <span class='ocrx_word' id='word_1_179' title='bbox 1001 1544 1045 1579; x_wconf 86' lang='lat' dir='ltr'>et</span> <span class='ocrx_word' id='word_1_180' title='bbox 1067 1534 1261 1579; x_wconf 88' lang='lat' dir='ltr'>Verbum</span> <span class='ocrx_word' id='word_1_181' title='bbox 1292 1542 1382 1577; x_wconf 88' lang='lat' dir='ltr'>erat</span> <span class='ocrx_word' id='word_1_182' title='bbox 1409 1533 1525 1593; x_wconf 84' lang='lat' dir='ltr'>apud</span> <span class='ocrx_word' id='word_1_183' title='bbox 1557 1537 1720 1590; x_wconf 89' lang='lat' dir='ltr'>Deum,</span> 
     </span>
     <span class='ocr_line' id='line_1_21' title="bbox 338 1603 1723 1663; baseline 0.001 -17"><span class='ocrx_word' id='word_1_184' title='bbox 338 1623 359 1646; x_wconf 90' lang='lat'>»</span> <span class='ocrx_word' id='word_1_185' title='bbox 393 1614 436 1648; x_wconf 85' lang='lat' dir='ltr'>et</span> <span class='ocrx_word' id='word_1_186' title='bbox 476 1608 588 1649; x_wconf 88' lang='lat' dir='ltr'>Deus</span> <span class='ocrx_word' id='word_1_187' title='bbox 630 1615 721 1649; x_wconf 90' lang='lat' dir='ltr'>erat</span> <span class='ocrx_word' id='word_1_188' title='bbox 762 1606 979 1660; x_wconf 83' lang='lat' dir='ltr'>Verbum,</span> <span class='ocrx_word' id='word_1_189' title='bbox 1021 1605 1105 1648; x_wconf 87' lang='lat' dir='ltr'>hoc</span> <span class='ocrx_word' id='word_1_190' title='bbox 1142 1613 1234 1647; x_wconf 89' lang='lat' dir='ltr'>erat</span> <span class='ocrx_word' id='word_1_191' title='bbox 1273 1605 1318 1648; x_wconf 88' lang='lat' dir='ltr'>in</span> <span class='ocrx_word' id='word_1_192' title='bbox 1355 1603 1569 1663; x_wconf 87' lang='lat' dir='ltr'>principio</span> <span class='ocrx_word' id='word_1_193' title='bbox 1606 1604 1723 1662; x_wconf 89' lang='lat' dir='ltr'>apud</span> 
     </span>
     <span class='ocr_line' id='line_1_22' title="bbox 339 1673 1723 1736; baseline 0 -19"><span class='ocrx_word' id='word_1_194' title='bbox 339 1693 359 1717; x_wconf 90' lang='lat'>»</span> <span class='ocrx_word' id='word_1_195' title='bbox 395 1678 533 1719; x_wconf 89' lang='lat' dir='ltr'>Deum</span> <span class='ocrx_word' id='word_1_196' title='bbox 549 1677 580 1718; x_wconf 77' lang='lat'>².</span> <span class='ocrx_word' id='word_1_197' title='bbox 602 1678 713 1720; x_wconf 86' lang='lat' dir='ltr'>Ecce</span> <span class='ocrx_word' id='word_1_198' title='bbox 734 1675 957 1736; x_wconf 86' lang='lat' dir='ltr'>quomodo</span> <span class='ocrx_word' id='word_1_199' title='bbox 974 1674 1096 1719; x_wconf 88' lang='lat' dir='ltr'>dedit</span> <span class='ocrx_word' id='word_1_200' title='bbox 1114 1675 1152 1718; x_wconf 93' lang='lat' dir='ltr'>ei</span> <span class='ocrx_word' id='word_1_201' title='bbox 1169 1676 1304 1719; x_wconf 77' lang='lat' dir='ltr'>vitam</span> <span class='ocrx_word' id='word_1_202' title='bbox 1325 1674 1486 1718; x_wconf 88' lang='lat' dir='ltr'>habere</span> <span class='ocrx_word' id='word_1_203' title='bbox 1507 1673 1552 1717; x_wconf 90' lang='lat' dir='ltr'>in</span> <span class='ocrx_word' id='word_1_204' title='bbox 1566 1683 1723 1718; x_wconf 87' lang='lat' dir='ltr'>semet-</span> 
     </span>
     <span class='ocr_line' id='line_1_23' title="bbox 334 1744 1723 1805; baseline -0.001 -15"><span class='ocrx_word' id='word_1_205' title='bbox 334 1746 441 1805; x_wconf 78' lang='lat' dir='ltr'>ipso.</span> <span class='ocrx_word' id='word_1_206' title='bbox 475 1745 557 1790; x_wconf 88' lang='lat' dir='ltr'>Sed</span> <span class='ocrx_word' id='word_1_207' title='bbox 580 1746 681 1805; x_wconf 82' lang='lat' dir='ltr'>quia</span> <span class='ocrx_word' id='word_1_208' title='bbox 706 1746 899 1790; x_wconf 87' lang='lat' dir='ltr'>Verbum</span> <span class='ocrx_word' id='word_1_209' title='bbox 923 1761 1022 1790; x_wconf 85' lang='lat' dir='ltr'>caro</span> <span class='ocrx_word' id='word_1_210' title='bbox 1053 1744 1217 1790; x_wconf 69' lang='lat' dir='ltr'>factum</span> <span class='ocrx_word' id='word_1_211' title='bbox 1245 1754 1333 1799; x_wconf 83' lang='lat' dir='ltr'>est,</span> <span class='ocrx_word' id='word_1_212' title='bbox 1368 1754 1410 1788; x_wconf 93' lang='lat' dir='ltr'>et</span> <span class='ocrx_word' id='word_1_213' title='bbox 1435 1745 1651 1789; x_wconf 80' lang='lat' dir='ltr'>habitavit</span> <span class='ocrx_word' id='word_1_214' title='bbox 1677 1745 1723 1788; x_wconf 93' lang='lat' dir='ltr'>in</span> 
     </span>
     <span class='ocr_line' id='line_1_24' title="bbox 334 1815 1718 1873; baseline -0.001 -13"><span class='ocrx_word' id='word_1_215' title='bbox 334 1815 460 1861; x_wconf 89' lang='lat' dir='ltr'>nobis</span> <span class='ocrx_word' id='word_1_216' title='bbox 476 1849 487 1870; x_wconf 84' lang='lat'><em>‚</em></span> <span class='ocrx_word' id='word_1_217' title='bbox 517 1831 567 1859; x_wconf 83' lang='lat' dir='ltr'>ex</span> <span class='ocrx_word' id='word_1_218' title='bbox 589 1816 752 1873; x_wconf 83' lang='lat' dir='ltr'>virgine</span> <span class='ocrx_word' id='word_1_219' title='bbox 782 1817 916 1861; x_wconf 83' lang='lat' dir='ltr'>Maria</span> <span class='ocrx_word' id='word_1_220' title='bbox 946 1816 1078 1860; x_wconf 90' lang='lat' dir='ltr'>homo</span> <span class='ocrx_word' id='word_1_221' title='bbox 1099 1815 1238 1860; x_wconf 85' lang='lat' dir='ltr'>factus</span> <span class='ocrx_word' id='word_1_222' title='bbox 1254 1850 1265 1871; x_wconf 89' lang='lat'>‚</span> <span class='ocrx_word' id='word_1_223' title='bbox 1296 1815 1410 1859; x_wconf 91' lang='lat' dir='ltr'>filius</span> <span class='ocrx_word' id='word_1_224' title='bbox 1433 1815 1618 1859; x_wconf 87' lang='lat' dir='ltr'>hominis</span> <span class='ocrx_word' id='word_1_225' title='bbox 1641 1824 1718 1859; x_wconf 85' lang='lat' dir='ltr'>est.</span> 
     </span>
     <span class='ocr_line' id='line_1_25' title="bbox 337 1885 1722 1946; baseline -0.001 -16"><span class='ocrx_word' id='word_1_226' title='bbox 337 1885 523 1931; x_wconf 83' lang='lat' dir='ltr'>Proinde</span> <span class='ocrx_word' id='word_1_227' title='bbox 551 1887 657 1946; x_wconf 81' lang='lat' dir='ltr'>quia</span> <span class='ocrx_word' id='word_1_228' title='bbox 677 1886 791 1930; x_wconf 88' lang='lat' dir='ltr'>filius</span> <span class='ocrx_word' id='word_1_229' title='bbox 812 1885 1000 1930; x_wconf 89' lang='lat' dir='ltr'>hominis</span> <span class='ocrx_word' id='word_1_230' title='bbox 1021 1895 1099 1940; x_wconf 77' lang='lat' dir='ltr'>est,</span> <span class='ocrx_word' id='word_1_231' title='bbox 1120 1885 1228 1945; x_wconf 86' lang='lat' dir='ltr'>quid</span> <span class='ocrx_word' id='word_1_232' title='bbox 1247 1886 1442 1944; x_wconf 79' lang='lat' dir='ltr'>aceepit?</span> <span class='ocrx_word' id='word_1_233' title='bbox 1465 1893 1722 1944; x_wconf 88' lang='lat' dir='ltr'>potestatem</span> 
     </span>
     <span class='ocr_line' id='line_1_26' title="bbox 335 1954 1722 2017; baseline -0.002 -16"><span class='ocrx_word' id='word_1_234' title='bbox 335 1966 377 2001; x_wconf 88' lang='lat' dir='ltr'>et</span> <span class='ocrx_word' id='word_1_235' title='bbox 393 1957 608 2017; x_wconf 81' lang='lat' dir='ltr'>judicium</span> <span class='ocrx_word' id='word_1_236' title='bbox 632 1956 787 2001; x_wconf 87' lang='lat' dir='ltr'>facere.</span> <span class='ocrx_word' id='word_1_237' title='bbox 812 1955 941 2009; x_wconf 88' lang='lat' dir='ltr'>Quod</span> <span class='ocrx_word' id='word_1_238' title='bbox 957 1956 1200 2016; x_wconf 75' lang='lat' dir='ltr'>judicium?</span> <span class='ocrx_word' id='word_1_239' title='bbox 1222 1956 1267 1998; x_wconf 89' lang='lat' dir='ltr'>in</span> <span class='ocrx_word' id='word_1_240' title='bbox 1290 1955 1375 1999; x_wconf 87' lang='lat' dir='ltr'>fine</span> <span class='ocrx_word' id='word_1_241' title='bbox 1397 1954 1544 1999; x_wconf 84' lang='lat' dir='ltr'>saeculi</span> <span class='ocrx_word' id='word_1_242' title='bbox 1565 1974 1574 1999; x_wconf 71' lang='grc' dir='ltr'>ς</span> <span class='ocrx_word' id='word_1_243' title='bbox 1598 1964 1641 1999; x_wconf 88' lang='lat' dir='ltr'>et</span> <span class='ocrx_word' id='word_1_244' title='bbox 1662 1955 1722 1999; x_wconf 91' lang='lat' dir='ltr'>ibi</span> 
     </span>
     <span class='ocr_line' id='line_1_27' title="bbox 335 2020 1722 2085; baseline -0.001 -14"><span class='ocrx_word' id='word_1_245' title='bbox 335 2027 416 2072; x_wconf 90' lang='lat' dir='ltr'>erit</span> <span class='ocrx_word' id='word_1_246' title='bbox 440 2027 695 2071; x_wconf 86' lang='lat' dir='ltr'>resurreetio</span> <span class='ocrx_word' id='word_1_247' title='bbox 722 2023 994 2071; x_wconf 84' lang='lat' dir='ltr'>mortuorum</span> <span class='ocrx_word' id='word_1_248' title='bbox 1015 2060 1025 2080; x_wconf 90' lang='lat'>‚</span> <span class='ocrx_word' id='word_1_249' title='bbox 1051 2020 1125 2070; x_wconf 74' lang='lat' dir='ltr'>se‘d</span> <span class='ocrx_word' id='word_1_250' title='bbox 1149 2041 1397 2085; x_wconf 87' lang='lat' dir='ltr'>corporum.</span> <span class='ocrx_word' id='word_1_251' title='bbox 1422 2026 1597 2070; x_wconf 83' lang='lat' dir='ltr'>Animas</span> <span class='ocrx_word' id='word_1_252' title='bbox 1619 2041 1722 2084; x_wconf 87' lang='lat' dir='ltr'>ergo</span> 
     </span>
     <span class='ocr_line' id='line_1_28' title="bbox 334 2086 1722 2156; baseline -0.002 -14"><span class='ocrx_word' id='word_1_253' title='bbox 334 2098 512 2142; x_wconf 85' lang='lat' dir='ltr'>suscitat</span> <span class='ocrx_word' id='word_1_254' title='bbox 529 2100 642 2142; x_wconf 86' lang='lat' dir='ltr'>Deus</span> <span class='ocrx_word' id='word_1_255' title='bbox 655 2132 669 2153; x_wconf 92' lang='lat'><em>,</em></span> <span class='ocrx_word' id='word_1_256' title='bbox 690 2112 767 2156; x_wconf 89' lang='lat' dir='ltr'>per</span> <span class='ocrx_word' id='word_1_257' title='bbox 788 2096 1011 2141; x_wconf 86' lang='lat' dir='ltr'>Christum</span> <span class='ocrx_word' id='word_1_258' title='bbox 1036 2096 1195 2140; x_wconf 80' lang='lat' dir='ltr'>Filium</span> <span class='ocrx_word' id='word_1_259' title='bbox 1216 2096 1288 2140; x_wconf 90' lang='lat' dir='ltr'>Dei</span> <span class='ocrx_word' id='word_1_260' title='bbox 1311 2115 1319 2140; x_wconf 91' lang='lat'>:</span> <span class='ocrx_word' id='word_1_261' title='bbox 1342 2111 1523 2155; x_wconf 86' lang='lat' dir='ltr'>corpora</span> <span class='ocrx_word' id='word_1_262' title='bbox 1545 2086 1722 2139; x_wconf 72' lang='lat' dir='ltr'>suscitat</span> 
     </span>
     <span class='ocr_line' id='line_1_29' title="bbox 334 2166 1722 2228; baseline -0.003 -15"><span class='ocrx_word' id='word_1_263' title='bbox 334 2172 474 2223; x_wconf 82' lang='lat' dir='ltr'>Deus,</span> <span class='ocrx_word' id='word_1_264' title='bbox 507 2184 583 2228; x_wconf 86' lang='lat' dir='ltr'>per</span> <span class='ocrx_word' id='word_1_265' title='bbox 613 2168 816 2212; x_wconf 87' lang='lat' dir='ltr'>eumdem</span> <span class='ocrx_word' id='word_1_266' title='bbox 847 2168 1068 2213; x_wconf 81' lang='lat' dir='ltr'>Christum</span> <span class='ocrx_word' id='word_1_267' title='bbox 1095 2167 1234 2212; x_wconf 89' lang='lat' dir='ltr'>filium</span> <span class='ocrx_word' id='word_1_268' title='bbox 1266 2167 1467 2211; x_wconf 85' lang='lat' dir='ltr'>hominis.</span> <span class='ocrx_word' id='word_1_269' title='bbox 1493 2166 1660 2211; x_wconf 88' lang='lat' dir='ltr'>«Dedit</span> <span class='ocrx_word' id='word_1_270' title='bbox 1683 2166 1722 2209; x_wconf 91' lang='lat' dir='ltr'>ei</span> 
     </span>
     <span class='ocr_line' id='line_1_30' title="bbox 337 2235 1719 2298; baseline -0.001 -17"><span class='ocrx_word' id='word_1_271' title='bbox 337 2256 358 2281; x_wconf 86' lang='lat'>»</span> <span class='ocrx_word' id='word_1_272' title='bbox 392 2248 669 2298; x_wconf 85' lang='lat' dir='ltr'>potestatem.</span> <span class='ocrx_word' id='word_1_273' title='bbox 698 2257 717 2280; x_wconf 77' lang='lat'>&gt;›</span> <span class='ocrx_word' id='word_1_274' title='bbox 746 2241 867 2282; x_wconf 87' lang='lat' dir='ltr'>Hane</span> <span class='ocrx_word' id='word_1_275' title='bbox 900 2247 1157 2297; x_wconf 84' lang='lat' dir='ltr'>potestatem</span> <span class='ocrx_word' id='word_1_276' title='bbox 1184 2235 1273 2282; x_wconf 75' lang='lat' dir='ltr'>non</span> <span class='ocrx_word' id='word_1_277' title='bbox 1301 2237 1481 2281; x_wconf 86' lang='lat' dir='ltr'>haberet</span> <span class='ocrx_word' id='word_1_278' title='bbox 1503 2237 1584 2280; x_wconf 89' lang='lat' dir='ltr'>nisi</span> <span class='ocrx_word' id='word_1_279' title='bbox 1605 2236 1719 2281; x_wconf 84' lang='lat' dir='ltr'>aeci-</span> 
     </span>
     <span class='ocr_line' id='line_1_31' title="bbox 332 2307 1720 2370; baseline -0.001 -16"><span class='ocrx_word' id='word_1_280' title='bbox 332 2320 475 2370; x_wconf 79' lang='lat' dir='ltr'>peret,</span> <span class='ocrx_word' id='word_1_281' title='bbox 501 2319 544 2353; x_wconf 86' lang='lat' dir='ltr'>et</span> <span class='ocrx_word' id='word_1_282' title='bbox 566 2319 675 2353; x_wconf 86' lang='lat' dir='ltr'>esset</span> <span class='ocrx_word' id='word_1_283' title='bbox 691 2311 823 2353; x_wconf 72' lang='lat' dir='ltr'>homo</span> <span class='ocrx_word' id='word_1_284' title='bbox 840 2310 931 2353; x_wconf 88' lang='lat' dir='ltr'>sine</span> <span class='ocrx_word' id='word_1_285' title='bbox 954 2318 1179 2367; x_wconf 86' lang='lat' dir='ltr'>potestate.</span> <span class='ocrx_word' id='word_1_286' title='bbox 1204 2308 1289 2353; x_wconf 89' lang='lat' dir='ltr'>Sed</span> <span class='ocrx_word' id='word_1_287' title='bbox 1310 2309 1400 2367; x_wconf 90' lang='lat' dir='ltr'>ipse</span> <span class='ocrx_word' id='word_1_288' title='bbox 1422 2317 1486 2352; x_wconf 90' lang='lat' dir='ltr'>est</span> <span class='ocrx_word' id='word_1_289' title='bbox 1508 2307 1622 2352; x_wconf 83' lang='lat' dir='ltr'>filius</span> <span class='ocrx_word' id='word_1_290' title='bbox 1640 2308 1720 2352; x_wconf 92' lang='lat' dir='ltr'>ho-</span> 
     </span>
     <span class='ocr_line' id='line_1_32' title="bbox 333 2379 1720 2441; baseline -0.002 -16"><span class='ocrx_word' id='word_1_291' title='bbox 333 2383 480 2436; x_wconf 87' lang='lat' dir='ltr'>minis,</span> <span class='ocrx_word' id='word_1_292' title='bbox 502 2383 575 2441; x_wconf 89' lang='lat' dir='ltr'>qui</span> <span class='ocrx_word' id='word_1_293' title='bbox 600 2390 642 2425; x_wconf 89' lang='lat' dir='ltr'>et</span> <span class='ocrx_word' id='word_1_294' title='bbox 660 2380 794 2425; x_wconf 89' lang='lat' dir='ltr'>Filius</span> <span class='ocrx_word' id='word_1_295' title='bbox 817 2381 908 2424; x_wconf 90' lang='lat' dir='ltr'>Dei.</span> <span class='ocrx_word' id='word_1_296' title='bbox 932 2381 1148 2425; x_wconf 83' lang='lat' dir='ltr'>Haerendo</span> <span class='ocrx_word' id='word_1_297' title='bbox 1170 2380 1285 2424; x_wconf 87' lang='lat' dir='ltr'>enim</span> <span class='ocrx_word' id='word_1_298' title='bbox 1307 2379 1362 2423; x_wconf 86' lang='lat' dir='ltr'>ad</span> <span class='ocrx_word' id='word_1_299' title='bbox 1383 2379 1593 2423; x_wconf 86' lang='lat' dir='ltr'>unitatem</span> <span class='ocrx_word' id='word_1_300' title='bbox 1618 2394 1720 2438; x_wconf 89' lang='lat' dir='ltr'>per—</span> 
     </span>
     <span class='ocr_line' id='line_1_33' title="bbox 332 2451 1723 2511; baseline -0.003 -13"><span class='ocrx_word' id='word_1_301' title='bbox 332 2468 452 2498; x_wconf 83' lang='lat' dir='ltr'>sonae</span> <span class='ocrx_word' id='word_1_302' title='bbox 479 2452 592 2497; x_wconf 87' lang='lat' dir='ltr'>filius</span> <span class='ocrx_word' id='word_1_303' title='bbox 618 2453 803 2497; x_wconf 87' lang='lat' dir='ltr'>hominis</span> <span class='ocrx_word' id='word_1_304' title='bbox 827 2451 938 2496; x_wconf 85' lang='lat' dir='ltr'>Filio</span> <span class='ocrx_word' id='word_1_305' title='bbox 961 2453 1064 2508; x_wconf 87' lang='lat' dir='ltr'>Dei,</span> <span class='ocrx_word' id='word_1_306' title='bbox 1086 2451 1199 2497; x_wconf 83' lang='lat' dir='ltr'>facta</span> <span class='ocrx_word' id='word_1_307' title='bbox 1222 2459 1286 2496; x_wconf 87' lang='lat' dir='ltr'>est</span> <span class='ocrx_word' id='word_1_308' title='bbox 1307 2466 1394 2495; x_wconf 84' lang='lat' dir='ltr'>una</span> <span class='ocrx_word' id='word_1_309' title='bbox 1416 2465 1623 2511; x_wconf 87' lang='lat' dir='ltr'>persona,</span> <span class='ocrx_word' id='word_1_310' title='bbox 1649 2466 1723 2494; x_wconf 87' lang='lat' dir='ltr'>ea-</span> 
     </span>
    </p>
   </div>
   <div class='ocr_carea' id='block_1_5' title="bbox 384 2538 972 2579">
    <p class='ocr_par' dir='ltr' id='par_1_5' title="bbox 384 2538 972 2579">
     <span class='ocr_line' id='line_1_34' title="bbox 384 2538 972 2579; baseline -0.002 -9"><span class='ocrx_word' id='word_1_311' title='bbox 384 2539 508 2570; x_wconf 84' lang='lat' dir='ltr'>¹Joan.</span> <span class='ocrx_word' id='word_1_312' title='bbox 529 2548 564 2579; x_wconf 84' lang='lat' dir='ltr'>v,</span> <span class='ocrx_word' id='word_1_313' title='bbox 588 2546 643 2579; x_wconf 83' lang='lat'>27.</span> <span class='ocrx_word' id='word_1_314' title='bbox 661 2554 698 2560; x_wconf 88' lang='lat'>—</span> <span class='ocrx_word' id='word_1_315' title='bbox 724 2544 735 2560; x_wconf 86' lang='lat'><strong>²</strong></span> <span class='ocrx_word' id='word_1_316' title='bbox 750 2538 797 2570; x_wconf 89' lang='lat' dir='ltr'>Id.</span> <span class='ocrx_word' id='word_1_317' title='bbox 817 2548 840 2578; x_wconf 87' lang='lat'>1,</span> <span class='ocrx_word' id='word_1_318' title='bbox 863 2549 892 2579; x_wconf 89' lang='lat'>1,</span> <span class='ocrx_word' id='word_1_319' title='bbox 908 2541 972 2569; x_wconf 86' lang='lat' dir='ltr'>etc.</span> 
     </span>
    </p>
   </div>
  </div>
 </body>
</html>
