1809 3173
387 164 434 200 18
793 169 825 196 s.
864 168 1092 196 Accus'nm
1127 169 1305 196 flrlseom

377 257 397 280 »ι
433 246 599 291 tentes,
636 251 725 281 non
758 235 886 280 multi
915 234 1113 280 nobiles:
1140 234 1216 279 sed
1247 235 1417 278 infirma
1453 233 1606 277 mundi
1628 234 1757 292 elegit

377 326 399 352 »
434 311 547 352 Deus
567 341 578 363 ,
603 315 654 351 ut
674 305 919 352 confundat
941 304 1069 350 fortia
1090 327 1101 364 3
1124 314 1167 349 et
1188 304 1393 363 ignobilia
1418 303 1568 348 mundi
1591 312 1634 347 et
1653 319 1758 348 con-

375 397 396 420 »
432 376 693 437 temptibilia
714 376 845 436 elegit
871 379 986 420 Dcus
1002 410 1013 431 ,
1045 384 1088 419 et
1110 390 1160 420 ea
1177 390 1276 435 quae
1294 390 1383 420 non
1405 383 1529 429 sunt,
1550 383 1758 434 tanquam

376 466 397 490 »
431 463 532 509 quae
554 455 683 503 sunt,
706 456 757 492 ut
785 462 885 507 quae
906 454 1008 490 sunt
1041 453 1306 490 evacuentur
1322 447 1353 489 1.
1384 462 1404 485 »
1432 445 1475 489 Si
1498 445 1654 488 doctus
1677 443 1758 487 eli-

373 528 568 579 geretur,
592 517 771 564 fortasse
797 517 896 562 ideo
918 532 962 561 se
993 515 1154 561 diceret
1176 515 1364 560 electum
1380 550 1391 571 ,
1427 515 1529 575 quia
1561 514 1759 559 doctrina

373 591 463 650 ejus
485 588 645 633 meruit
673 587 790 647 eligi.
827 587 1038 632 Dominus
1067 595 1212 631 noster
1235 588 1358 630 Jesus
1393 586 1590 631 Christus
1612 584 1760 629 volens

373 661 663 720 superborum
686 658 883 717 frangere
904 658 1106 712 cervices,
1122 672 1211 701 non
1229 656 1429 717 quaesivit
1451 672 1527 716 per
1545 665 1761 701 oratorem

374 733 631 792 piscatorem
652 752 664 789 3
688 729 765 775 sed
786 730 840 774 de
872 731 1083 789 piscatore
1115 728 1309 772 lucratus
1344 737 1406 772 est
1436 729 1757 787 imperatorem.

376 805 560 861 Magnus
577 802 823 861 Cyprianus
845 810 990 850 orator
1004 835 1015 855 ,
1035 799 1111 843 sed
1134 799 1250 857 prior
1274 802 1426 843 Petrus
1448 800 1635 858 piscator
1651 834 1662 855 ,
1688 814 1763 858 per

373 888 503 933 quem
522 881 671 932 postea
694 872 890 915 crederet
912 885 1000 914 non
1021 878 1192 913 tantum
1214 878 1360 914 orator
1377 904 1387 923 ,
1406 869 1482 914 sed
1504 879 1547 914 et
1570 870 1760 929 impera-

373 950 455 986 tor.
478 941 632 987 Nullus
647 939 804 985 nobilis
820 941 961 999 primo
979 938 1142 983 electus
1161 948 1224 983 est
1238 974 1249 995 ,
1275 939 1423 983 nullus
1446 939 1600 984 doctus
1622 961 1632 998 3
1659 940 1762 999 quia

373 1012 545 1057 infirma
567 1011 721 1056 mundi
746 1011 877 1071 elegit
910 1014 1048 1065 Deus,
1084 1020 1133 1054 ut
1163 1009 1453 1055 confunderet
1485 1011 1631 1055 fortia.
1659 1014 1765 1055 Erat

374 1098 478 1142 ergo
501 1083 581 1127 iste
603 1097 786 1142 magnus
809 1091 852 1126 et
874 1082 968 1126 sine'
993 1081 1096 1126 dolo
1123 1101 1131 1126 :
1157 1083 1240 1126 hoc
1269 1082 1359 1126 solo
1384 1098 1472 1126 non
1495 1083 1657 1127 electus
1674 1118 1684 1136 ,
1710 1097 1765 1126 ne

328 1160 330 1162 ’
376 1154 583 1214 cuiquam
615 1153 838 1199 videretur
866 1153 1076 1197 Dominus
1110 1151 1261 1196 doctos
1295 1152 1484 1210 elegisse.
1520 1156 1577 1196 Et
1604 1169 1654 1196 ex
1675 1153 1766 1212 ipsa

375 1223 573 1269 doctrina
589 1223 714 1283 Legis
725 1224 941 1277 veniebat,
959 1221 1079 1283 quod
1091 1238 1192 1266 cum
1207 1222 1393 1266 audisset
1412 1226 1483 1268 «A
1494 1224 1704 1268 Nazareth
1718 1242 1726 1267 :
1740 1241 1760 1265 »

374 1300 617 1351 (scrutatus
639 1295 755 1338 enim
778 1303 870 1338 erat
894 1295 1159 1353 Scripturas,
1186 1302 1228 1337 et
1250 1294 1412 1337 sciebat
1435 1294 1537 1353 quia
1560 1295 1661 1338 inde
1675 1303 1766 1338 erat

374 1366 665 1426 expectandus
691 1365 901 1420 Salvator,
917 1364 1038 1425 quod
1061 1380 1150 1409 non
1167 1364 1295 1408 facile
1314 1364 1385 1409 alii
1404 1365 1565 1409 Scribae
1590 1374 1633 1409 et
1652 1366 1766 1410 Pha—

375 1438 484 1482 risaei
507 1446 719 1483 noverant
740 1444 779 1492 2)
802 1437 881 1481 iste
903 1452 1006 1495 ergo
1029 1436 1301 1480 doctissimus
1324 1437 1473 1495 Legis,
1500 1452 1600 1481 cum
1625 1435 1766 1481 audis-

375 1517 439 1552 set
478 1507 730 1567 Philippum
768 1507 986 1551 dicentem
1021 1526 1030 1552 :
1068 1525 1088 1548 «
1128 1506 1379 1550 Invenimus
1417 1509 1565 1550 Jesum
1586 1542 1596 1562 ,
1637 1522 1767 1566 quern

379 1596 399 1620 »
435 1578 603 1637 scripsit
642 1579 813 1634 Moyses
843 1577 888 1620 in
922 1580 1058 1635 Lege,
1085 1585 1128 1619 et
1165 1577 1422 1636 Prophetae,
1455 1579 1491 1621 A
1525 1578 1764 1633 Nazareth,

378 1669 399 1692 »
435 1649 575 1694 filium
604 1649 797 1708 Joseph‘2
818 1667 827 1693 z
859 1666 878 1689 n
903 1647 976 1691 ille
998 1649 1075 1708 qui
1106 1648 1269 1706 optime
1294 1648 1535 1707 Scripturas
1558 1658 1764 1704 noverat,

379 1719 529 1764 audito
550 1719 727 1763 nomine
748 1737 768 1760 «
788 1718 1016 1772 Nazareth,
1032 1735 1052 1760 n
1068 1726 1234 1762 erectus
1256 1726 1320 1761 est
1340 1718 1385 1761 in
1403 1733 1544 1778 spem,
1571 1728 1615 1763 et
1631 1718 1739 1763 dixit
1756 1737 1766 1763 ε

383 1810 404 1835 ι(
437 1794 476 1837 Α
492 1791 707 1837 Nazareth
730 1798 872 1849 potest
892 1788 1059 1849 aliquid
1081 1788 1186 1833 boni
1209 1805 1297 1833 esse
1311 1792 1341 1833 3.
1373 1808 1393 1832 »
1790 1842 1793 1845 ι

435 1864 602 1906 XVIII.
629 1863 727 1906 Jam
759 1868 914 1905 caetera
939 1860 993 1904 de
1016 1859 1110 1919 ipso
1132 1858 1372 1904 videamus.
1408 1879 1428 1902 «
1454 1862 1568 1904 Ecce
1590 1875 1689 1905 vere
1711 1863 1771 1905 Is-

383 1952 403 1975 »
439 1933 588 1978 raelita
606 1968 617 1989 ,
641 1933 687 1976 in
712 1947 800 1992 quo
832 1930 960 1976 dolus
991 1946 1080 1975 non
1108 1939 1173 1974 est
1189 1931 1219 1974 4,
1245 1949 1265 1972 »
1299 1930 1412 1984 Quid
1442 1940 1530 1987 est,
1560 1951 1580 1973 «
1608 1934 1659 1975 In
1681 1947 1770 1992 quo

383 2023 404 2046 »
439 2004 566 2050 dolus
595 2020 683 2049 non
706 2005 802 2048 est?
828 2021 847 2044 »
873 2006 1003 2047 Forte
1038 2018 1125 2046 non
1161 2001 1354 2046 habebat
1375 2005 1635 2062 peccatum?
1657 2003 1771 2047 forte

381 2091 471 2121 non
491 2085 582 2120 erat
610 2077 751 2133 aeger?
784 2074 896 2119 forte
925 2074 989 2119 illi
1012 2073 1206 2118 medicus
1230 2089 1318 2117 non
1348 2083 1439 2118 erat
1478 2074 1771 2119 necessarius?

381 2147 507 2191 absit.
532 2149 670 2192 Nemo
691 2145 761 2189 hic
795 2145 854 2189 sic
882 2154 1009 2190 natus
1031 2153 1117 2199 est,
1138 2153 1188 2195 ut
1211 2143 1286 2188 illo
1303 2143 1474 2189 medico
1496 2160 1586 2189 non
1609 2153 1767 2203 egeret.

383 2216 500 2270 Quid
522 2217 602 2262 sibi
621 2231 722 2275 ergo
742 2216 839 2261 vult
856 2251 867 2271 ,
897 2235 916 2257 ιι
944 2219 994 2263 In
1016 2230 1105 2275 quo
1120 2213 1247 2258 dolus
1266 2229 1353 2258 non
1377 2217 1472 2259 est?
1493 2234 1511 2256 »
1535 2213 1771 2275 Aliquanto

382 2287 592 2332 intentius
613 2301 859 2348 quaeramus
875 2321 886 2341 ,
913 2284 1138 2345 apparebit
1159 2285 1290 2329 modo
1314 2285 1357 2328 in
1382 2286 1557 2329 nomine
1582 2284 1768 2329 Domini.

384 2358 544 2404 Dolum
564 2358 669 2403 dicit
694 2357 903 2403 Dominus
929 2376 938 2402 2
970 2366 1014 2401 et
1035 2357 1175 2402 omnis
1198 2356 1275 2416 qui
1298 2356 1432 2400 verba
1454 2356 1589 2400 latina
1612 2354 1773 2400 intelli-

386 2430 447 2488 git
466 2465 476 2485 ,
501 2430 581 2474 scit
601 2429 703 2489 quia
731 2428 857 2473 dolus
881 2436 943 2472 est
962 2462 972 2483 ,
1005 2442 1107 2472 cum
1129 2426 1247 2471 aliud
1272 2426 1416 2485 agitur
1439 2435 1483 2470 et
1504 2426 1623 2470 aliud
1646 2426 1773 2485 fingi-

437 2521 476 2547 ¹1
499 2517 569 2547 Cor.
590 2526 614 2555 1,
634 2514 765 2555 26,etc.
784 2531 825 2536 —
852 2520 864 2536 ²
879 2515 969 2545 Joan.
994 2524 1015 2553 ι,
1032 2511 1085 2553 45.
1105 2529 1144 2534 -
1166 2509 1179 2534 ³
1200 2511 1355 2551 1ὺί(ὶ,46.
1376 2528 1414 2534 —
1437 2510 1549 2543 (sumt.
1574 2511 1625 2553 47.
