1825 3214
291 240 332 266 ru
367 237 540 265 JoANms
572 234 877 272 numm-um,
911 235 1057 261 Tittler.
1094 233 1236 260 xxxv1.
1375 222 1458 261 393

80 323 101 347 »
136 319 235 348 cum
255 304 380 348 sicuti
398 313 460 347 est
477 305 505 345 ¹.
522 320 540 341 »
567 301 714 346 Sentio
742 308 902 343 vestros
929 300 1111 343 all'cctus
1129 297 1267 343 attolli
1287 314 1460 343 mecum

76 376 121 419 in
144 390 330 434 superna
362 393 371 418 z
400 372 475 416 sed
498 386 654 430 corpus
674 369 794 430 quod
814 371 1108 428 corrumpitur
1135 379 1340 427 aggravat
1365 370 1460 413 aui-

76 461 215 501 mam,
241 455 283 489 ct
308 444 511 503 deprimit
536 452 702 486 terrena
721 441 978 485 inhabitatio
1002 456 1174 483 sensum
1196 440 1330 484 multa
1349 442 1463 500 cogi-

76 526 240 561 tantem
253 518 285 559 2.
314 515 593 574 Depositurus
618 528 713 557 sum
735 522 777 556 et
796 527 875 570 ego
894 511 1087 556 codicem
1116 512 1243 554 istum
1264 546 1274 564 ‚
1302 511 1462 555 disces-

75 587 163 632 suri
190 587 289 631 estis
314 596 356 630 et
383 602 455 630 vos
482 586 668 645 quisque
693 583 746 628 ad
776 599 867 628 sua.
901 586 1011 626 Bene
1038 582 1161 626 nobis
1187 582 1270 625 fuit
1296 583 1340 625 in
1367 582 1464 627 luce

75 659 297 703 communi
310 693 320 710 ,
338 658 449 701 bene
471 656 602 714 gavisi
627 671 774 699 sumus
790 691 799 708 ‚
822 655 932 698 benc
949 652 1257 697 exultavimus:
1275 652 1348 697 scd
1363 670 1463 698 cum

76 730 131 774 ab
158 730 343 773 invicem
367 728 633 781 recedimus,
666 727 720 771 ab
742 726 817 770 illo
846 741 932 771 non
957 724 1224 770 recedamus.

419 1001 826 1048 TRAC'J‘ATUS
862 1001 1060 1047 XXXVI
1075 998 1105 1045 ³.

73 1152 143 1196 Ab
165 1167 217 1196 eo
239 1152 359 1212 quod
381 1153 590 1211 scriptum
614 1162 676 1196 est
701 1172 710 1196 :
745 1151 850 1197 Vos
879 1148 1138 1196 secundm
1167 1165 1363 1194 Carnem
1384 1150 1467 1211 ju-

132 1221 329 1277 dicatis,
361 1238 448 1283 ego
472 1238 565 1267 non
599 1221 759 1278 J'mlico
787 1237 1108 1280 quemquam:
1138 1236 1277 1280 usque
1307 1220 1362 1264 ad
1395 1220 1463 1274 id,

132 1292 245 1355 Ego
275 1309 378 1337 sum
396 1294 479 1350 qui
500 1293 819 1337 testimoniam
835 1291 1066 1353 perhibeo
1084 1290 1144 1336 de
1166 1307 1241 1335 me
1263 1291 1392 1350 ipso,
1421 1299 1467 1335 et

135 1365 455 1408 testimonium
467 1362 687 1423 perhibet
711 1362 770 1407 cle
793 1379 889 1418 me,
910 1363 990 1422 qui
1007 1363 1134 1407 misit
1154 1378 1232 1406 me
1251 1362 1423 1407 Pater.

148 1503 183 1544 I.
238 1503 288 1544 In
318 1509 506 1560 quatuor
538 1498 812 1558 Ewmgeliis,
846 1498 917 1543 vel
949 1498 1092 1558 potius
1125 1507 1314 1558 quatuor
1342 1497 1462 1542 libris

72 1572 204 1616 unius
235 1570 462 1630 Evangelii
494 1580 666 1614 sanctus
697 1573 886 1615 Joannes
916 1568 1158 1629 apostolus,
1192 1585 1281 1614 non
1312 1570 1466 1613 imme-

72 1642 157 1686 rito
181 1640 422 1685 secundum
445 1640 778 1700 intelligentiam
800 1639 1037 1699 spiritalem
1061 1639 1218 1699 aquilae
1236 1655 1464 1698 compara-

72 1723 164 1768 tus,
185 1711 312 1757 altius
335 1712 564 1772 multoque
583 1712 813 1756 sublimius
833 1711 924 1755 aliis
947 1712 1085 1755 tribus
1108 1712 1242 1755 erexit
1259 1710 1466 1769 praedica-

70 1784 235 1828 tionem
277 1798 400 1827 suam
429 1802 438 1827 :
469 1791 513 1826 et
544 1783 588 1825 in
623 1784 713 1842 ejus
752 1783 969 1827 erectione
1003 1783 1132 1826 etiam
1167 1781 1298 1825 corda
1320 1790 1466 1826 nostra

71 1855 178 1913 erigi
198 1853 353 1898 voluit.
389 1855 497 1899 Nam
517 1854 661 1897 caeteri
685 1862 768 1897 tres
787 1853 1076 1911 Evangelistae
1094 1888 1105 1905 ,
1130 1862 1340 1912 tanquam
1365 1868 1466 1897 cum

69 1924 251 1970 homine
284 1924 470 1968 Domino
492 1924 536 1966 in
571 1933 681 1967 terra
703 1923 990 1966 ambulabant
1008 1958 1018 1976 ‚
1051 1922 1106 1966 de
1127 1923 1352 1967 divinitate
1375 1924 1466 1982 ejus

70 2010 205 2055 pauca
233 1995 435 2039 dixerunt
458 2014 466 2038 :
493 1994 622 2037 istum
641 2002 789 2036 autem
813 1993 935 2052 quasi
958 1993 1143 2051 piguerit
1162 1993 1207 2036 in
1230 2002 1342 2036 terra
1369 2008 1465 2036 am-

70 2065 222 2110 bulare
240 2100 251 2120 ‚
287 2065 399 2109 sicut
419 2064 512 2123 ipso
547 2063 724 2107 exordio
761 2064 826 2107 sui
848 2063 1056 2107 sermonis
1092 2063 1306 2117 intonuit,
1333 2064 1466 2107 erexit

70 2152 143 2190 se,
167 2151 258 2181 non
279 2135 421 2180 solum
459 2150 587 2194 super
626 2144 783 2178 terram
806 2143 849 2178 et
878 2149 1007 2193 super
1040 2149 1212 2178 omnem
1245 2134 1460 2178 ambitum

71 2210 179 2252 aeris
203 2217 246 2252 et
262 2207 388 2262 coeli,
415 2207 491 2251 sed
513 2221 643 2265 super
660 2221 833 2250 omnem
855 2206 983 2251 etiam
1006 2205 1244 2249 exercitum
1267 2204 1461 2264 Angelo-

70 2295 166 2323 rum
183 2314 195 2333 ,
216 2293 480 2338 omnemque
502 2277 858 2322 constitutionem
877 2277 1158 2321 invisibilium
1178 2286 1457 2336 potestatum,

70 2359 114 2394 et
130 2349 327 2409 pervenit
349 2349 403 2393 ad
421 2365 521 2394 eum
538 2365 615 2409 per
637 2364 768 2410 quem
793 2347 904 2393 sacta
925 2358 1028 2394 sunt
1050 2348 1217 2403 omnia,
1243 2347 1424 2393 dicendo
1446 2366 1456 2392 ι

75 2438 92 2461 α
129 2423 182 2464 In
204 2420 418 2479 principio
435 2430 526 2464 erat
542 2421 752 2476 Verbum,
771 2429 814 2465 et
827 2421 1023 2465 Verbum
1046 2429 1137 2464 erat
1161 2420 1279 2479 apud
1299 2422 1455 2474 Deum,

117 2521 127 2538 ¹
151 2526 163 2547 1
185 2517 277 2548 Joan.
300 2527 348 2557 111,
362 2525 394 2550 2.
412 2534 453 2541 -
472 2524 485 2540 ²
505 2519 578 2559 Sap.
603 2528 649 2558 rx,
672 2517 723 2549 15.
743 2534 784 2540 —
805 2515 818 2541 3
839 2516 972 2551 Habitus
985 2518 1037 2550 die
1054 2517 1198 2560 proximo
1216 2520 1288 2560 post
1305 2515 1452 2559 superio-

72 2581 139 2603 rem
156 2573 349 2604 Tractatum.
