1809 3173
360 187 414 226 64
791 195 823 223 S.
861 194 1089 225 Aucnsnm
1124 197 1303 225 EPlSCOPl

359 263 413 307 dc
438 266 562 307 Patre
584 281 592 307 2
622 281 641 304 «
664 264 842 318 Factus,
866 262 1029 323 inquit,
1053 262 1258 307 obediens
1286 277 1424 322 usque
1446 263 1500 307 ad
1524 272 1704 307 mortem
1725 298 1735 318 ,

361 353 380 376 »
416 343 602 378 mortem
632 343 776 378 autem
799 334 961 378 crucis¹
989 353 997 377 2
1027 352 1046 375 »
1077 343 1253 393 propter
1274 334 1393 394 quod
1422 344 1464 378 ct
1488 338 1600 379 Deus
1617 333 1741 378 illum

357 405 556 451 excitavit
578 422 600 450 a
635 405 818 450 mortuis
838 441 848 461 ,
884 414 927 449 et
954 404 1073 449 dedit
1094 405 1132 449 ci
1155 420 1315 449 nomen
1351 406 1472 466 quod
1510 414 1574 449 est
1612 421 1742 464 super

356 492 485 522 omne
504 491 679 522 nomen.
701 476 996 520 Resuscitatus
1018 484 1061 520 et
1082 475 1292 520 exaltatus
1316 486 1379 520 est
1402 477 1626 521 Dominus.
1652 479 1741 520 Re-

354 548 574 593 suscitavit
588 562 703 592 eum.
721 546 856 600 Quis?
870 549 1011 601 Pater,
1029 561 1129 590 cum
1151 545 1258 590 dixit
1279 547 1323 590 in
1342 546 1540 592 Psalmis:
1557 566 1577 589 «
1592 547 1741 592 Excita

357 637 378 661 »
413 634 504 675 me,
536 628 579 663 et
600 617 780 662 reddam
808 616 934 661 illis2.
968 635 988 658 η
1021 619 1136 675 Ergo
1166 620 1292 661 Pater
1313 612 1423 661 “eum
1452 618 1734 662 resuscitavit.

353 693 451 737 Non
467 705 511 734 se
529 690 643 750 ipse?
657 687 775 742 Quid
797 696 940 732 autem
959 687 1063 731 facit
1082 691 1207 731 Pater
1228 687 1320 731 sine
1343 688 1519 732 Verbo?
1541 687 1657 742 Quid
1679 687 1741 732 fa-
1789 727 1796 732 .

352 762 411 806 cit
444 765 570 806 Pater
597 760 688 804 sine
722 759 859 803 Unico
891 759 1001 802 suo?
1032 760 1141 802 Nam
1179 757 1281 801 audi
1315 758 1415 818 quia
1449 767 1491 803 et
1512 759 1603 818 ipse
1625 762 1739 804 Deus

353 842 446 877 erat
473 851 482 877 :
510 851 530 874 «
562 831 724 877 Solvite
743 828 957 888 templum
975 828 1075 882 hoc,
1091 836 1133 871 et
1156 828 1198 871 in
1218 828 1356 872 tribus
1373 827 1524 873 diebus
1541 829 1738 874 excitabo

355 921 376 945 »
401 903 527 948 illud.
556 921 576 945 »
598 901 823 961 Numquid
840 900 947 944 dixit
968 918 977 944 ε
1005 898 1165 944 Solvite
1188 899 1398 960 templum
1418 936 1429 955 ,
1454 900 1576 961 quod
1592 900 1738 947 triduo

352 978 478 1019 Pater
500 973 751 1018 resuscitet?
771 971 854 1017 Sed
871 970 1094 1031 quomodo
1115 986 1216 1015 cum
1240 975 1366 1016 Pater
1382 972 1574 1028 suscitat,
1596 981 1639 1017 et
1661 973 1736 1017 Fi·-

348 1045 432 1089 lius
453 1045 631 1090 suscitat
651 1061 662 1091 ;
686 1044 745 1088 sic
773 1057 874 1088 cum
899 1041 1033 1086 Filius
1063 1043 1262 1097 suscitat,
1293 1051 1336 1086 et
1373 1046 1498 1087 Pater
1526 1043 1732 1089 suscitat:

350 1116 453 1177 quia
477 1115 611 1160 Filius
630 1114 737 1159 dixit
762 1133 771 1159 ι
801 1133 822 1155 «
844 1115 937 1172 Ego
955 1122 997 1158 et
1016 1116 1142 1157 Pater
1163 1127 1303 1157 unum
1324 1129 1472 1158 sumus
1489 1115 1520 1158 3.
1551 1133 1571 1156 »

406 1189 509 1231 XII.
548 1185 664 1240 Quid
687 1199 788 1243 ergo
810 1184 890 1228 sibi
918 1184 1014 1228 vult
1044 1199 1251 1229 numerus
1273 1183 1642 1245 quadragenarius
1665 1200 1734 1230 se-

347 1258 523 1302 narius?
544 1257 723 1301 Interim
751 1256 841 1315 ipse
863 1254 1003 1299 Adam
1026 1255 1128 1314 quia
1151 1270 1227 1314 per
1257 1264 1399 1299 totum
1422 1256 1573 1299 orbem
1596 1264 1733 1301 terra-

347 1344 445 1373 rum
469 1339 544 1383 est,
561 1326 735 1372 audistis
751 1327 842 1386 jam
862 1325 1064 1370 hesterno
1087 1326 1157 1369 die
1179 1325 1224 1369 in
1241 1334 1431 1386 quatuor
1453 1325 1606 1370 litteris
1625 1342 1734 1386 gree-

345 1399 404 1444 cis
426 1408 617 1460 quatuor
637 1397 871 1443 verborum
891 1411 1148 1454 graecorum.
1171 1396 1214 1441 Si
1237 1397 1352 1440 enim
1367 1397 1447 1441 ista
1469 1397 1602 1442 verba
1623 1414 1733 1458 qua-

345 1480 445 1515 tuor
459 1470 620 1514 scribas
637 1467 719 1513 sub
736 1467 943 1522 invicem,
968 1467 1013 1510 id
1032 1475 1110 1522 est,
1136 1467 1313 1511 nomina
1332 1477 1520 1527 quatuor
1543 1468 1732 1527 partium

344 1541 499 1585 mundi
517 1575 529 1593 ‚
567 1539 756 1584 Orientis
775 1572 786 1594 ,
826 1537 1095 1592 Occidentis,
1134 1537 1363 1597 Aquilonis
1401 1547 1445 1582 et
1477 1537 1727 1593 Meridiani,

342 1613 462 1673 quod
481 1621 544 1657 est
559 1621 676 1657 totus
693 1610 808 1655 orbis
824 1629 836 1667 ,
853 1609 971 1653 unde
988 1608 1093 1653 dicit
1109 1610 1319 1654 Dominus
1341 1626 1364 1653 a
1386 1619 1574 1670 quatuor
1590 1611 1730 1654 ventis

341 1684 629 1729 collecturum
646 1698 690 1727 se
713 1682 870 1726 electos
892 1697 1006 1736 suoS,
1025 1696 1125 1725 cum
1146 1680 1314 1726 venerit
1336 1680 1390 1724 ad
1405 1681 1646 1742 judicium4
1665 1700 1673 1725 :
1695 1681 1729 1725 si

341 1756 454 1799 enim
490 1754 620 1800 facias
652 1755 731 1798 ista
764 1761 921 1812 quator
950 1752 1124 1796 nomina
1147 1767 1306 1810 graeca,
1332 1759 1496 1808 ἀνατολὴ,
1524 1751 1644 1813 quod
1665 1762 1729 1797 est

340 1828 492 1872 Oriens
511 1848 522 1885 3
542 1832 651 1882 δύσις,
676 1825 794 1885 quod
819 1833 882 1868 est
903 1823 1137 1878 Occidens,
1163 1830 1270 1875 ἄρκτος
1286 1859 1296 1878 ,
1322 1824 1443 1883 quod
1464 1833 1526 1868 est
1545 1827 1729 1883 Septen-

342 1901 449 1957 trio3
470 1905 671 1952 μεσημβρία,
698 1895 819 1957 quod
841 1904 902 1939 est
919 1894 1120 1939 Meridies
1140 1913 1148 1938 :
1167 1893 1374 1949 Anatole,
1397 1894 1535 1952 dysis,
1559 1904 1721 1951 arctOS,
1752 1940 1755 1941 γ

338 1969 596 2015 mesembria
613 2004 624 2024 ,
664 1968 804 2028 capita
835 1966 1069 2012 verborum
1106 1964 1245 2010 Adam
1277 1966 1454 2009 habent.
1494 1966 1723 2019 Quomodo

338 2057 441 2102 ergo
472 2041 533 2085 ibi
565 2039 809 2085 invenimus
845 2047 887 2083 et
909 2036 1297 2098 quadragenarium
1324 2036 1541 2080 senarium
1568 2052 1725 2081 nume-

338 2115 462 2157 rum?
484 2113 585 2172 quia
607 2127 706 2157 caro
723 2109 882 2156 Christi
898 2108 952 2153 de
974 2109 1114 2153 Adam
1132 2117 1237 2152 erat.
1256 2107 1325 2152 Ad
1340 2107 1504 2152 litteras
1522 2123 1724 2154 numeros

337 2192 596 2244 computant
627 2181 779 2227 Graeci.
807 2180 936 2234 Quod
957 2195 1035 2225 nos
1059 2179 1240 2224 facimus
1262 2196 1295 2223 α
1311 2179 1500 2223 litteram
1514 2214 1525 2234 ,
1547 2179 1625 2239 ipsi
1640 2179 1725 2224 lin-

340 2271 424 2316 gua
447 2271 523 2300 sua
550 2263 723 2315 ponunt
747 2252 878 2313 alpha
900 2269 921 2291 α
936 2285 948 2307 ,
972 2260 1016 2295 et
1042 2259 1223 2295 vocatur
1255 2249 1383 2310 alpha
1407 2269 1427 2290 α
1458 2266 1612 2294 unum.
1640 2251 1724 2295 Ubi

342 2337 489 2373 autem
520 2328 565 2372 in
587 2326 777 2371 numeris
800 2324 996 2370 scribunt
1020 2323 1120 2366 beta
1145 2333 1194 2381 β,
1220 2320 1340 2381 quod
1363 2331 1426 2365 est
1453 2319 1480 2365 b
1501 2322 1692 2380 ipsorum
1708 2357 1720 2377 ,

338 2409 520 2445 vocatur
541 2400 586 2443 in
602 2398 794 2443 numeris
811 2396 915 2440 duo.
939 2394 1022 2439 Ubi
1040 2394 1235 2438 scribunt
1256 2408 1446 2451 gamma,
1470 2411 1492 2445 γ
1507 2428 1518 2449 ,
1542 2403 1724 2438 vocatur

339 2472 383 2516 in
411 2470 603 2516 numeris
620 2470 812 2530 ipsorum
835 2467 931 2512 tria.
958 2466 1041 2511 Ubi
1061 2465 1256 2510 scribunt
1278 2463 1393 2508 delta
1417 2467 1460 2520 δ,
1483 2474 1664 2509 vocatur
1679 2464 1725 2508 in

387 2566 396 2583 ¹
417 2558 530 2601 Philip.
546 2569 557 2590 ι
593 2555 638 2595 ,8.
655 2572 697 2580 -·
717 2561 729 2580 ²
745 2554 825 2587 Psal.
842 2565 893 2596 ιι,
908 2564 959 2586 11.
973 2569 1014 2577 -—
1034 2549 1047 2576 3
1061 2554 1153 2585 Joan.
1174 2562 1207 2593 x,
1227 2551 1280 2584 30.
1297 2567 1338 2574 -
1352 2548 1369 2580 4
1385 2549 1499 2583 Matth.
1519 2560 1589 2591 xm,
1608 2558 1661 2591 27.
