1809 3173
343 188 425 227 452
772 199 804 224 s.
842 196 1069 226 AUGUSTINI
1104 200 1283 227 EPISCOPI

342 266 406 308 nit
424 263 539 306 enim
562 263 606 304 in
635 277 785 316 carne,
811 262 893 306 hoc
915 272 978 307 est
998 263 1042 306 in
1065 263 1345 308 similitudine
1368 265 1505 308 carnis
1523 265 1711 324 peccati,

341 350 431 378 non
457 343 599 378 tamen
617 333 660 376 in
683 348 810 377 carne
832 335 996 392 peccati
1017 338 1026 358 ¹
1048 369 1059 389 ⁷
1085 350 1172 379 non
1195 336 1359 379 habens
1381 334 1520 379 ullum
1539 336 1717 380 omnino

339 414 564 464 peccatum
593 423 601 447 :
634 412 676 447 et
698 403 796 448 ideo
819 403 957 449 factus
979 414 1042 448 est
1063 420 1210 449 verum
1236 406 1492 450 sacrificium
1516 421 1593 464 pro
1611 420 1716 464 pec-

338 483 435 519 cato
452 509 463 529 ‚
489 474 592 534 quia
613 472 782 517 nullum
807 474 996 518 habebat
1017 474 1106 532 ipse
1129 484 1370 532 peccatum.

398 547 474 589 VI.
498 545 581 590 Sed
602 544 714 588 forte
736 544 791 588 de
814 559 941 588 sensu
964 559 1060 588 meo
1080 544 1189 599 dixi,
1215 546 1316 604 quia
1338 555 1565 604 peccatum
1584 545 1716 589 sacri-

338 616 486 660 ficium
508 624 573 660 est
589 630 668 675 pro
689 623 881 674 peccato.
899 615 984 667 Qui
1005 614 1222 674 legerunt,
1246 626 1481 675 agnoscant
1502 638 1513 674 3
1532 618 1607 677 qui
1628 632 1717 660 non

337 687 538 747 legerunt
552 721 564 742 ,
584 702 674 731 non
695 686 780 730 sint
801 686 908 745 pigri
936 705 944 731 :
965 701 1052 731 non
1075 687 1161 730 sint
1180 721 1192 742 ‚
1217 687 1396 746 inquam
1412 722 1424 743 ,
1448 688 1559 747 pigri
1580 687 1635 732 ad
1654 687 1717 731 le-

339 757 557 817 gendum,
590 766 640 800 ut
660 771 831 801 veraces
853 756 939 800 sint
964 756 1019 800 ad
1031 755 1333 817 judicandum.
1359 759 1470 802 Cum
1491 757 1546 801 de
1565 758 1718 801 sacrifi-

337 829 412 874 ciis
430 829 547 873 enim
565 828 818 888 praeciperet
839 831 952 872 Deus
970 828 1203 872 offerendis
1226 844 1304 887 pro
1327 837 1502 887 peccato
1523 862 1533 883 ,
1559 828 1603 871 in
1626 829 1718 888 qui-

337 899 553 944 sacrificiis
575 915 665 945 non
687 908 778 944 erat
799 899 983 958 expiatio
1000 908 1293 958 peccatorum,
1319 898 1394 943 sed
1416 900 1571 943 umbra
1593 898 1717 943 futu-

335 986 500 1026 rorum,
522 971 673 1015 eadem
690 970 781 1030 ipsa
798 970 1019 1025 sacrificia,
1036 969 1205 1014 easdem
1229 970 1339 1029 ipsas
1356 971 1531 1025 hostias,
1546 970 1717 1014 easdem

334 1042 446 1102 ipsas
474 1042 669 1087 victimas
690 1076 700 1097 ,
726 1040 876 1085 eadem
898 1042 989 1101 ipsa
1011 1040 1211 1085 animalia
1241 1057 1340 1101 quae
1373 1041 1718 1085 admovebantur

339 1113 568 1157 mactanda
591 1128 670 1173 pro
698 1112 884 1172 peccatis
902 1147 913 1167 ‚
939 1113 983 1156 in
1005 1128 1192 1172 quorum
1221 1112 1430 1170 sanguine
1451 1112 1623 1170 sanguis
1644 1111 1717 1155 ille

336 1185 606 1242 figurabatur
625 1219 636 1239 ,
658 1193 833 1243 peccata
854 1187 939 1227 Lex
958 1183 1147 1243 appellat
1172 1203 1180 1227 :
1207 1198 1344 1244 usque
1366 1182 1473 1227 adeo
1491 1192 1539 1226 ut
1561 1183 1606 1226 in
1623 1183 1718 1242 qui-

338 1253 524 1299 busdam
558 1254 662 1299 locis
694 1255 903 1313 scriptum
932 1255 985 1298 sit
1012 1255 1098 1309 ita,
1130 1263 1179 1297 ut
1198 1252 1438 1297 sacerdotes
1453 1252 1718 1297 immolaturi

335 1333 551 1385 ponerent
576 1340 728 1368 manus
749 1339 845 1368 suas
867 1340 994 1383 super
1022 1334 1154 1383 caput
1175 1324 1339 1382 peccati
1355 1358 1366 1378 ‚
1398 1322 1443 1366 id
1481 1331 1564 1378 est,
1590 1337 1718 1382 super

288 1421 294 1425 «
334 1403 467 1454 caput
486 1394 672 1439 victimae
699 1393 976 1438 immolandae
998 1410 1076 1453 pro
1103 1403 1294 1453 peccato.
1324 1393 1425 1437 Tale
1447 1408 1548 1452 ergo
1570 1408 1718 1452 pecca-

336 1475 432 1510 tum
449 1499 460 1520 ‚
485 1463 530 1507 id
546 1472 607 1507 est
624 1499 635 1519 ,
661 1463 918 1508 sacrificium
942 1479 1020 1522 pro
1038 1474 1215 1523 peccato
1236 1499 1246 1519 ,
1267 1464 1407 1508 factus
1426 1474 1486 1508 est
1510 1464 1718 1508 Dominus

335 1546 482 1582 noster
499 1539 522 1580 J
527 1552 621 1580 esus
643 1536 839 1580 Christus
854 1571 867 1591 ,
886 1536 962 1596 qui
981 1551 1069 1581 non
1092 1546 1270 1581 noverat
1291 1546 1533 1596 peccatum.

395 1610 496 1652 Vll.
517 1609 673 1653 Merito
696 1609 851 1653 liberat
868 1610 923 1653 ab
948 1610 1028 1653 hac
1052 1611 1256 1654 servitute
1278 1610 1440 1669 peccati
1459 1609 1532 1653 ille
1553 1609 1629 1668 qui
1651 1607 1719 1651 di-

337 1678 396 1723 cit
415 1679 460 1722 in
482 1680 661 1725 Psalmis
688 1700 697 1725 :
726 1700 744 1721 «
768 1684 925 1725 Factus
947 1697 1041 1725 sum
1057 1692 1264 1742 tanquam
1287 1683 1418 1727 homo
1439 1682 1530 1726 sine
1552 1680 1719 1739 adjuto-

339 1768 360 1791 »
397 1750 482 1804 rio,
508 1750 618 1793 inter
639 1758 831 1794 mortuos
852 1751 1009 1793 liber2.
1039 1769 1058 1790 »
1083 1753 1206 1795 Solus
1223 1754 1338 1793 enim
1359 1754 1484 1806 liber,
1511 1754 1612 1811 quia
1630 1770 1719 1798 non

336 1821 529 1865 habebat
561 1830 801 1879 peccatum.
826 1823 921 1879 Ipse
946 1821 1062 1864 enim
1084 1820 1189 1865 dicit
1205 1822 1250 1864 in
1273 1821 1508 1880 Evangelio
1530 1841 1539 1867 ι
1569 1842 1587 1865 «
1608 1826 1719 1867 Ecce

340 1909 361 1933 ὐ
396 1892 516 1937 venit
536 1892 730 1950 princeps
753 1891 881 1950 hujus
904 1890 1083 1945 mundi,
1108 1891 1331 1935 diabolum
1353 1893 1598 1950 significans
1620 1909 1719 1937 vcn-

340 1980 361 2003 »
398 1972 547 2006 turum
570 1962 614 2005 in
637 1964 661 2005 J
666 1961 800 2004 udaeis
819 1961 1168 2020 persecutoribus
1183 1962 1197 1986 3
1221 1980 1229 2005 :
1254 1979 1273 2001 »
1300 1977 1399 2005 ecce
1416 1997 1426 2016 ,
1451 1963 1620 2022 inquit,
1641 1979 1717 2007 ve-

336 2033 427 2088 nit,
462 2042 506 2076 et
529 2033 573 2076 in
591 2047 660 2076 me
695 2031 803 2075 nihil
825 2032 1041 2076 inveniet..
1067 2033 1162 2076 Non
1190 2032 1414 2091 quomodo
1445 2032 1490 2075 in
1522 2034 1580 2077 eis
1611 2049 1719 2093 quos

337 2102 497 2148 occidit
520 2103 648 2147 etiam
674 2104 837 2163 justos,
862 2103 1028 2146 invenit
1050 2102 1370 2162 qualecumque
1388 2112 1613 2163 peccatum
1635 2140 1646 2159 ‚
1673 2107 1718 2148 in

336 2190 407 2218 me
428 2174 537 2218 nihil
558 2173 763 2219 inveniet.
791 2175 846 2217 Et
866 2182 1073 2232 tanquam
1097 2174 1134 2216 ei
1152 2173 1368 2217 diceretur
1383 2209 1394 2229 ‚
1422 2174 1456 2217 si
1478 2174 1586 2218 nihil
1603 2174 1648 2219 in
1675 2184 1718 2219 te

337 2244 531 2290 inveniet
550 2279 561 2299 ‚
598 2259 732 2303 quare
763 2252 805 2286 te
833 2242 1031 2286 occidet?
1065 2243 1279 2302 Subjecst,
1309 2253 1353 2287 et
1375 2244 1434 2288 ait
1467 2263 1476 2289 :
1506 2263 1526 2287 «
1562 2245 1645 2290 Sed
1667 2255 1717 2290 ut

339 2333 361 2356 »
396 2314 533 2359 sciant
550 2329 698 2358 omnes
713 2313 814 2373 quia
829 2312 1096 2357 voluntatem
1114 2313 1248 2357 Patris
1269 2314 1353 2357 mei
1375 2313 1509 2369 facio,
1529 2316 1712 2373 Surgite‚

340 2404 360 2426 »
396 2400 543 2429 eamus
565 2384 681 2428 hinc.
703 2403 722 2425 »
740 2386 853 2437 Non,
874 2384 1016 2443 inquit
1033 2419 1043 2438 ,
1071 2394 1253 2428 mortem
1281 2385 1365 2428 mei
1389 2386 1552 2444 peccati
1575 2402 1715 2429 ncces-

336 2456 459 2499 sitate
482 2453 695 2514 persolvo,
720 2453 794 2497 sed
813 2453 858 2496 in
881 2469 930 2498 eo
952 2453 1071 2513 quod
1094 2455 1268 2509 morior,
1292 2455 1560 2501 voluntatem
1579 2457 1715 2501 Patris

388 2546 398 2560 ¹
420 2541 509 2572 Rom.
530 2548 599 2580 m,
623 2538 652 2570 3.
672 2555 712 2560 —-
733 2544 745 2559 ²
762 2537 839 2569 Psal.
855 2548 997 2578 Lxxxvu,
1016 2537 1049 2579 5,
1066 2537 1097 2570 6.
1118 2555 1158 2561 —
1180 2536 1193 2561 3
1215 2541 1305 2570 Joan.
1328 2549 1398 2581 xiv,
1418 2540 1470 2572 30.
