1825 3214
307 254 347 279 ιΝ
383 252 556 280 somnis
589 252 894 290 m'ANGRLwM,
929 254 1074 281 ΤιιΛοῚκ
1113 255 1228 281 xtiv.
1369 242 1451 281 489

70 336 89 359 »
126 317 268 375 ignom
307 327 548 371 mertuum,
584 320 659 377 qui
689 329 863 377 paratus
891 331 953 364 ost
996 320 1172 364 diabolo
1206 329 1248 363 et
1290 320 1452 378 angelis

68 405 89 429 »
123 390 238 447 ejus¹
264 409 273 434 ι
299 408 316 430 υ
338 389 395 432 ibi
419 389 497 431 erit
520 404 603 432 nt».
628 389 702 431 ubi
723 405 850 433 nemo
867 400 1005 449 potest
1023 392 1190 449 operari
1209 426 1219 445 ,
1243 391 1317 434 sed
1340 392 1452 434 reci—

66 475 167 518 pere
201 460 321 519 quod
355 469 556 518 operatus
593 470 670 504 est.
710 460 840 505 Aliud
866 471 929 504 est
962 472 1130 520 teinpus
1163 463 1450 521 operationis,

64 528 182 573 aliud
224 530 481 588 receptionis
517 550 525 574 ε
564 550 582 571 «
624 530 776 575 reddet
813 532 926 574 enim
965 533 1172 575 Dominus
1216 533 1452 592 unicuique

67 618 87 642 »
122 599 362 644 secundum
400 616 528 659 opera
562 616 636 644 sua
651 605 682 644 ¹².
718 603 872 646 »Cum
907 601 1034 655 vivis,
1074 601 1139 644 sae
1161 637 1171 656 ,
1197 603 1229 645 si
1260 602 1454 646 facturus

64 686 107 714 es
137 690 146 715 :
169 671 250 714 erit
273 672 388 714 enim
407 680 509 716 tune
528 687 612 716 nox
635 671 776 716 valida
794 708 804 726 ‚
830 688 930 732 quae
952 671 1144 717 involvat
1167 673 1337 732 impios.
1369 673 1453 718 sed

64 750 107 784 ct
128 740 260 786 modo
287 741 427 786 omnis
451 741 661 795 infidelis,
688 742 867 802 quando
890 744 1097 797 moritur,
1115 742 1186 787 illa
1211 752 1338 786 nocte
1358 758 1453 786 sus-

64 811 224 870 cipitur
259 831 267 856 :
301 828 390 856 non
416 822 479 856 est
513 822 561 856 ut
596 812 684 857 illic
717 813 879 873 aliquid
905 824 1122 873 operetur.
1152 817 1202 858 In
1225 813 1297 858 illa
1326 824 1453 858 nocte

64 882 182 927 dives
200 881 408 937 ardebat,
435 893 478 927 et
501 883 658 927 stillam
679 900 805 945 aquae
828 885 883 928 de
916 885 1053 944 digito
1077 887 1276 945 pauperis
1309 885 1455 945 requi-

65 954 187 998 rebat
214 973 222 998 :
248 953 447 1009 dolebat,
471 955 729 1014 angebatur,
754 955 997 1011 fatebatur,
1014 972 1094 1001 nee
1111 957 1148 999 ei
1163 956 1454 1000 subvenieba-

65 1034 162 1080 tur3
186 1034 230 1068 et
253 1035 435 1069 conatus
464 1035 527 1070 est
551 1026 819 1071 benefacere.
853 1028 925 1071 Ait
947 1029 1062 1071 enim
1086 1029 1274 1072 Abrahae
1290 1063 1300 1081 ‚
1330 1031 1455 1071 Pater

63 1096 282 1139 Abraham
301 1131 311 1150 ,
338 1096 459 1140 mitte
494 1100 701 1141 Lazarum
725 1098 780 1141 ad
811 1098 962 1142 fratres
984 1113 1124 1153 meos,
1146 1107 1195 1141 nt
1228 1098 1344 1142 dicat
1371 1097 1454 1142 illis

63 1165 169 1226 quid
187 1167 257 1210 hic
275 1176 444 1226 agatur,
461 1182 515 1211 ne
533 1177 575 1212 et
597 1169 675 1228 ipsi
696 1170 872 1213 veniant
891 1170 933 1212 in
956 1171 1073 1214 hunc
1095 1170 1239 1214 locum
1261 1179 1454 1213 tormen-

62 1239 253 1282 torum³.
279 1240 316 1282 O
347 1237 524 1291 infelix,
566 1240 743 1298 quando
777 1240 972 1293 vivebas,
1015 1250 1119 1284 tunc
1162 1250 1252 1284 erat
1282 1249 1454 1299 tempus

63 1309 274 1367 operandi
307 1328 315 1353 :
350 1308 480 1353 modo
507 1311 595 1369 jam
624 1310 667 1353 in
701 1319 830 1354 nocte
858 1326 930 1365 es,
959 1310 1003 1354 in
1037 1327 1122 1371 qua
1156 1325 1285 1354 nemo
1320 1310 1455 1369 possit

62 1380 247 1439 operari.

122 1452 219 1493 vn.
250 1469 269 1490 «
305 1452 408 1493 Haee
443 1465 543 1494 cum
576 1450 776 1505 dixisset,
803 1452 950 1510 expuit
984 1452 1029 1495 in
1064 1460 1250 1505 terram,
1277 1460 1320 1495 et
1352 1450 1454 1495 fecit

64 1538 84 1561 »
119 1520 262 1564 lutum
286 1536 336 1564 ex
357 1530 508 1579 sputo,
535 1530 577 1564 et
598 1521 739 1565 linivit
762 1521 902 1565 lutum
940 1537 1070 1581 super
1100 1521 1249 1565 oculos
1271 1523 1385 1581 ejus,
1411 1530 1454 1566 et

64 1609 84 1632 »
121 1591 227 1634 dixit
241 1590 278 1633 ei
295 1625 306 1645 ,
335 1591 482 1644 Vade,
510 1601 552 1634 et
575 1591 667 1634 lava
697 1592 742 1634 in
770 1593 982 1636 natatoria
1009 1591 1146 1646 Siloe',
1173 1593 1292 1652 quod
1316 1593 1452 1636 inter-

66 1681 84 1702 »
121 1670 316 1720 pretatur
338 1662 506 1705 missus.
527 1662 777 1720 Abiitergo,
807 1672 844 1706 et
874 1662 992 1717 lavit,
1012 1673 1055 1707 et·
1075 1664 1197 1707 venit
1212 1663 1364 1707 videns
1381 1664 1412 1707 4.
1429 1681 1449 1704 »

63 1735 166 1776 Haec
187 1733 289 1792 quia
310 1732 532 1775 manifesta
556 1742 677 1786 sunt,
704 1742 988 1777 transeamus.

123 1805 243 1847 vlu.
271 1822 289 1843 «
318 1806 469 1862 ltaque
505 1804 660 1856 vicini,
688 1804 824 1862 etqui
846 1804 1054 1847 videbant
1077 1819 1176 1847 eum
1203 1804 1323 1863 prius
1349 1804 1453 1863 quia

63 1892 83 1914 n
121 1873 346 1917 mendicus
370 1884 482 1928 erat,
509 1875 738 1927 dicebant,
764 1878 918 1919 Nonne
950 1875 1020 1918 hic
1049 1884 1113 1918 est
1133 1875 1210 1935 qui
1239 1875 1419 1919 sedebat
1437 1909 1448 1929 ,

63 1961 83 1986 »
119 1952 162 1986 et
184 1943 490 1986 mendicabat?
514 1944 596 1986 Atii
622 1943 827 1987 dicebant
844 1979 855 1998 ,
882 1945 991 1997 Quia
1024 1945 1095 1988 hic
1119 1954 1183 1988 est
1204 1964 1211 1988 :
1240 1944 1310 1987 alii
1331 1979 1340 1993 ‚
1365 1947 1451 1989 Ne-

64 2031 84 2056 »
120 2028 249 2073 quam
267 2048 277 2067 ,
302 2013 375 2057 sed
395 2013 544 2057 similis
560 2023 621 2057 est
645 2015 735 2073 ejus
751 2017 782 2057 ⁵.
807 2033 826 2056 »
849 2015 997 2073 Aperti
1020 2015 1134 2059 oculi
1159 2014 1330 2058 vultum
1353 2030 1452 2059 mu—

60 2092 273 2128 taverant.
304 2102 322 2124 «
358 2083 436 2127 Ille
458 2083 650 2137 dicebat,
680 2085 792 2136 Quia
826 2100 904 2142 ego
931 2100 1025 2128 snm
1045 2120 1055 2139 ‚
1085 2103 1105 2125 »
1132 2087 1224 2128 Vox
1248 2094 1367 2143 grata
1394 2101 1450 2128 ne

61 2153 342 2197 damnaretur
357 2154 540 2211 ingrata.
572 2173 590 2195 «
615 2154 824 2198 Dicebant
851 2170 954 2213 ergo
979 2157 1044 2210 ei,
1068 2155 1290 2215 quomodo
1313 2156 1449 2214 aperti

65 2244 84 2266 n
120 2234 222 2269 sunt
243 2223 358 2268 oculi
381 2224 444 2268 tui
463 2227 480 2268 Ξ)
499 2224 762 2283 Respondit,
784 2225 862 2269 Ille
882 2226 1014 2269 homo
1035 2227 1111 2286 qui
1129 2225 1289 2270 dicitur
1306 2229 1445 2281 Jesus,

64 2313 83 2336 »
120 2294 260 2338 lutum
282 2293 382 2337 fecit
397 2329 408 2347 ,
429 2303 473 2338 et
495 2294 621 2337 unxit
640 2293 788 2338 oeulos
810 2310 948 2349 meos,
971 2306 1013 2339 et
1043 2296 1149 2340 dixit
1172 2297 1277 2339 mihi
1292 2331 1302 2350 ,
1329 2296 1449 2339 Vade

64 2383 84 2405 »
120 2365 175 2408 ad
194 2365 450 2408 natatoriam
473 2364 600 2419 Silo‘e,
626 2374 668 2408 et
686 2364 793 2409 lava.
817 2368 872 2409 Et
889 2366 996 2420 abii,
1022 2376 1064 2410 et
1088 2367 1186 2421 lavi,
1205 2377 1248 2410 et
1268 2366 1404 2410 vidiss.
1425 2384 1445 2406 »

62 2437 175 2479 Eece
208 2436 490 2480 annuntiator
525 2435 664 2479 factus
696 2444 760 2479 est
790 2436 938 2495 gratiae
976 2456 984 2481 :
1020 2452 1120 2481 ecce
1152 2436 1445 2495 evangelizat,

125 2536 133 2552 ¹
157 2531 278 2562 Matth.
299 2541 376 2564 xxv.
396 2530 450 2572 34,
471 2535 535 2562 etc.
557 2547 596 2552 —-
624 2537 635 2551 ²
656 2531 703 2563 Id.
731 2542 800 2571 xvi,
820 2540 874 2569 ΞΤ.
892 2548 932 2553 ·-
956 2530 968 2555 3
991 2534 1067 2564 Luc.
1090 2544 1156 2573 xvn,
1184 2541 1238 2573 27.
1259 2531 1330 2561 —li
1348 2535 1440 2564 Joan.

60 2594 107 2625 ix,
131 2586 167 2627 6,
187 2597 219 2627 7.
237 2603 272 2609 —
295 2585 400 2620 51bid.
425 2589 459 2626 8,
473 2597 507 2627 9.
533 2602 571 2608 -—
597 2583 611 2609 6
636 2586 717 2618 thid.
742 2597 794 2625 10,
820 2597 868 2617 11.
