1809 3173
375 179 460 219 346
801 188 836 220 S·
873 188 1105 220 AUGUSTINI
1137 191 1318 219 Erlscom

373 265 579 317 putemus
610 254 694 300 hoc
717 256 842 300 nobis
865 271 952 301 non
975 255 1072 301 ideo
1107 256 1298 311 dictum,
1324 254 1427 315 quia
1455 264 1560 301 tunc
1582 256 1643 300 ibi
1665 272 1753 302 non

373 328 550 371 luimus.
589 327 805 386 Scriptum
834 336 918 382 est,
954 327 1142 386 legitur,
1175 344 1276 372 cum
1308 329 1559 372 recitaretur
1587 328 1754 373 audivi—

375 415 501 456 mus3
534 398 609 442 sed
634 408 841 459 tanquam
867 399 1029 443 Judaeis
1057 398 1223 442 dictum
1243 400 1488 445 audivimus
1516 418 1525 443 z
1557 415 1645 444 non
1677 415 1755 444 nos

375 485 587 530 ponamus
623 478 720 529 post
749 485 846 523 nOS,
881 479 923 512 et
951 468 1073 528 quasi
1103 469 1352 514 intueamur
1379 470 1576 514 inimicos
1608 484 1756 529 repre·

375 539 566 584 bendere
585 575 597 595 ,
638 549 682 583 et
714 540 795 598 ipsi
830 554 908 583 nos
950 537 1157 582 faciamus
1199 539 1320 598 quod
1351 540 1398 582 in
1437 540 1563 584 nobis
1601 541 1757 585 veritas

375 613 466 671 ipsa
512 610 815 670 reprehendat.
863 612 885 653 J
893 608 1005 653 udaei
1043 608 1222 670 quidem
1268 609 1549 669 personaliter
1587 610 1759 670 judica-

377 684 507 737 bant,
540 683 614 726 sed
643 680 744 725 ideo
767 695 857 725 non
881 681 1100 740 pertinent
1122 681 1176 726 ad
1206 684 1378 727 Novum
1408 684 1755 738 Testamentum,

377 754 475 798 ideo
502 769 592 797 non
618 754 782 797 habent
804 752 850 796 in
872 753 1046 798 Christo
1074 768 1258 812 regnum
1285 752 1525 808 coelorum,
1550 752 1649 797 ideo
1670 768 1760 797 non

372 826 621 884 junguntur
643 832 890 868 sanctorum
913 823 1105 867 societati
1123 822 1389 881 Angelorum
1411 842 1419 868 :
1444 832 1613 867 terrena
1636 839 1760 883 quae-

378 894 531 937 rebant
553 910 576 937 a
614 894 829 938 Domino:
866 902 977 937 terra
1006 894 1121 937 enim
1149 893 1469 953 promissionis,
1504 893 1682 938 victoria
1705 893 1759 937 ab

377 963 561 1008 inimicis
579 999 590 1021 ,
631 963 896 1008 foecunditas
930 963 1151 1023 pariendi,
1197 963 1502 1023 multiplicatio
1541 963 1732 1008 filiorum
1746 998 1758 1019 ,

377 1034 647 1078 abundantia
663 1033 902 1079 fructuum.
916 1036 1023 1087 Quae
1040 1034 1124 1078 illis
1141 1034 1287 1078 omnia
1309 1050 1333 1078 a
1355 1037 1445 1078 Deo
1463 1032 1643 1094 quidem
1659 1049 1761 1079 vero

378 1114 421 1149 et
446 1105 564 1149 bono
579 1140 590 1161 ,
617 1114 763 1150 tamen
784 1114 834 1149 ut
855 1105 1101 1149 carnalibus
1124 1104 1331 1164 promissa
1353 1113 1478 1158 sunt,
1503 1104 1648 1148 omnia
1668 1105 1762 1149 haec

377 1174 577 1220 fecerunt
595 1176 678 1220 illis
697 1179 831 1220 Vetus
867 1179 1208 1220 Testamentum.
1235 1174 1351 1228 Quid
1373 1184 1436 1218 est
1457 1177 1592 1219 Vetus
1616 1177 1763 1220 Testa-

376 1256 577 1291 mentum
588 1248 604 1288 ?
619 1246 741 1306 quasi
762 1246 989 1290 haereditas
1004 1246 1224 1305 pertinens
1243 1245 1298 1289 ad
1314 1244 1537 1289 hominem
1554 1253 1758 1289 veterem.

376 1320 462 1363 Nos
483 1318 677 1362 innovati
699 1333 864 1372 sumus,
879 1318 1012 1361 homo
1034 1332 1173 1361 novus
1190 1315 1292 1360 facti
1314 1330 1462 1360 sumus
1480 1316 1609 1376 ,quia
1631 1325 1674 1360 et
1689 1315 1762 1360 ille

376 1388 508 1432 homo
531 1403 670 1432 novus
697 1388 832 1432 venit.
859 1387 970 1440 Quid
1000 1396 1088 1430 tam
1109 1401 1274 1431 novum
1296 1401 1427 1445 quam
1459 1387 1576 1430 nasci
1597 1386 1652 1430 de
1673 1387 1762 1430 vir-

312 1448 317 1452 ’
378 1459 512 1517 gine?
534 1459 643 1512 Quia
673 1474 776 1517 ergo
799 1473 889 1501 non
912 1466 1003 1501 erat
1025 1456 1133 1517 quid
1154 1458 1199 1500 in
1218 1456 1293 1502 illo
1318 1458 1548 1501 innovaret
1568 1472 1763 1516 praecep-

377 1539 494 1584 tum,
535 1530 637 1589 quia
672 1529 844 1573 nullum
866 1528 1054 1573 habebat
1086 1537 1339 1587 peccatum,
1365 1543 1503 1572 novus
1531 1537 1678 1587 partus
1700 1538 1764 1573 est

377 1600 519 1646 datus.
547 1604 599 1645 In
619 1600 694 1645 illo
718 1610 867 1660 partus
894 1615 1033 1644 novus
1050 1635 1061 1654 ,
1086 1600 1130 1644 in
1162 1599 1287 1644 nobis
1308 1600 1442 1643 homo
1467 1614 1620 1643 novus.
1646 1599 1763 1652 Quid

376 1683 440 1718 est
461 1674 593 1718 homo
616 1675 781 1718 novus?
803 1689 826 1716 a
844 1680 1060 1717 vetustate
1082 1672 1328 1715 innovatus.
1355 1670 1424 1715 Ad
1441 1686 1573 1730 quam
1590 1685 1681 1714 rem
1698 1671 1762 1714 in-

376 1746 589 1788 novatus?
608 1743 663 1788 ad
680 1742 965 1787 desideranda
983 1740 1193 1796 coelestia,
1211 1740 1267 1785 ad
1288 1741 1636 1800 concupiscenda
1651 1755 1763 1784 sem-

377 1815 567 1875 piterna,
589 1813 644 1858 ad
667 1814 849 1873 patriam
872 1828 971 1872 quae
987 1827 1157 1856 sursum
1179 1821 1242 1856 est
1257 1821 1300 1856 et
1321 1812 1488 1856 hostem
1512 1827 1602 1855 non
1620 1811 1759 1865 timet,

377 1883 706 1929 desiderandam
723 1919 733 1938 ,
754 1883 833 1926 ubi
854 1898 944 1926 non
973 1882 1194 1941 perdimus
1216 1882 1427 1936 amicum,
1452 1897 1540 1925 non
1560 1882 1762 1925 timemus

377 1955 632 2012 inimicum,
657 1954 733 1998 ubi
756 1953 941 1998 vivimus
963 1967 1064 1996 cum
1096 1951 1213 1995 bono
1237 1951 1397 1994 affectu
1414 1985 1428 2005 ,
1457 1951 1548 1994 sine
1567 1950 1659 1995 ullo
1685 1951 1763 1995 de-

376 2027 522 2085 fectu,
547 2027 624 2071 ubi
640 2041 770 2070 nemo
793 2025 1006 2078 nascitur,
1032 2024 1134 2083 quia
1158 2038 1286 2066 nemo
1304 2022 1514 2079 moritur,
1534 2022 1612 2065 ubi
1633 2037 1763 2068 nemo

371 2099 462 2157 jam
490 2098 686 2157 proficit,
717 2106 759 2140 et
788 2110 917 2140 nemo
939 2094 1114 2149 deficit,
1139 2093 1214 2137 ubi
1252 2108 1342 2137 non
1363 2093 1573 2147 esuritur,
1607 2101 1651 2137 et
1673 2108 1763 2137 non

378 2169 521 2212 sititur
538 2204 549 2224 ,
569 2169 645 2213 sed
667 2169 837 2212 satietas
854 2175 918 2210 est
934 2163 1256 2218 immortalitas,
1277 2172 1320 2206 et
1338 2163 1459 2206 cibus
1476 2162 1647 2207 veritas.
1661 2165 1763 2207 Haec

378 2239 586 2283 habentes
605 2239 838 2298 promissa,
863 2245 906 2280 et
926 2235 980 2279 ad
994 2238 1166 2280 Novum
1191 2236 1516 2277 Testamentum
1539 2233 1764 2291 pertinen--

380 2318 464 2364 tes,
495 2319 537 2353 et
563 2320 686 2353 novae
714 2306 977 2352 haereditatis
1000 2304 1102 2349 facti
1129 2304 1323 2348 haeredes
1340 2338 1351 2358 ,
1376 2312 1419 2347 et
1439 2303 1571 2362 ipsius
1588 2303 1762 2347 Domini

380 2379 652 2434 cohaeredes,
689 2378 814 2422 aliam
850 2392 970 2436 spem
993 2374 1119 2419 valde
1143 2374 1351 2417 habemus
1377 2392 1386 2418 :
1415 2389 1505 2418 non
1526 2373 1762 2432 personali-

380 2459 445 2494 ter
462 2449 730 2509 judicemus,
756 2446 832 2492 sed
854 2456 1021 2490 rectum
1038 2444 1254 2505 judicium
1273 2452 1512 2488 teneamus.

440 2522 565 2564 VIII.
583 2518 687 2572 Quis
707 2527 773 2562 est
799 2516 875 2577 qui
900 2531 986 2560 non
1002 2514 1170 2575 judicat
1188 2512 1498 2574 personaliter?
1522 2513 1598 2573 qui
1623 2511 1763 2571 diligit
