1825 3214
292 227 333 251 m
367 224 538 252 somnis
572 223 879 259 eunomium,
915 223 1060 250 '1'ltAC'r-
1100 225 1190 250 xix.
1348 213 1431 250 205

42 292 283 350 justorum,
320 305 399 333 nec
433 289 697 349 iniquorum.
727 288 839 331 ,lusti
875 287 1016 330 anima
1053 289 1093 330 iu
1122 288 1219 331 sinu
1247 287 1435 331 Abrahae

48 359 156 414 fuit,
190 360 326 420 iniqui
361 360 501 404 anima
531 358 647 419 apud
675 357 833 402 inferos
866 356 1178 416 torquebatur:
1208 358 1250 401 in
1280 373 1438 401 monu-

48 442 224 485 mento,
256 447 334 475 nec
364 431 457 484 illa,
484 447 562 475 nec
596 429 682 473 illa.
721 430 926 488 Superius
955 428 1133 488 quando
1163 428 1244 481 ait,
1268 448 1287 469 «
1311 429 1439 473 Venit

52 521 71 543 »
108 503 211 546 hora
235 511 277 545 et
302 518 418 546 nune
433 511 521 545 est:
545 520 563 542 »
586 501 782 554 obsecro,
799 499 1026 543 intendite.
1054 499 1211 551 Nostis,
1243 501 1408 542 Fratres
1425 534 1435 553 ‚

50 574 151 634 quia
181 572 235 617 ad
270 589 425 632 panem
455 574 616 618 ventris
648 587 746 616 cum
778 571 927 616 labore
962 571 1239 630 pervenitur,
1275 579 1440 628 quanto

50 644 184 702 magis
214 643 268 687 ad
296 659 451 703 panem
486 644 667 688 mentis?
689 644 800 687 Cum
830 641 979 686 labore
1012 641 1152 695 statis,
1181 649 1225 684 et
1252 640 1439 698 auditis3

51 714 122 758 sed
146 730 222 759 nos
250 730 350 758 eum
387 715 546 773 majore
575 723 760 768 stamus,
787 721 830 757 et
854 711 1090 772 loquimur.
1126 711 1168 756 Si
1196 709 1443 756 laboramus

51 795 227 845 propter
250 801 344 840 vos,
366 785 630 830 collaborare
652 800 741 829 non
763 783 930 828 debetis
949 792 1124 843 propter
1147 782 1321 827 eosdem
1340 784 1444 827 vos?

54 857 259 916 Superius
282 872 384 915 ergo
416 871 515 900 cum
550 856 712 900 diceret
728 891 738 909 ,
768 874 786 896 «
809 855 938 898 Venit
961 855 1092 909 hora,
1121 872 1141 895 »
1163 863 1206 898 et
1235 852 1441 908 adderet,

58 947 75 969 »
111 936 154 971 et
178 942 295 970 nune
316 937 401 980 est,
429 947 445 966 ι)
474 927 583 985 quid
605 927 820 986 subjecit?
842 945 861 967 «
884 925 1060 986 quando
1083 925 1240 969 mortui
1267 925 1446 969 audient

56 1017 76 1039 »
112 1013 261 1042 vocem
295 997 393 1041 Filii
417 997 516 1047 Dei,
538 1007 581 1042 et
609 998 685 1057 qui
715 998 932 1041 audierint
966 998 1127 1041 vivent.
1150 1016 1169 1038 »
1192 999 1289 1041 Non
1313 996 1443 1051 dixit,

53 1071 214 1113 Omnes
237 1069 397 1112 mortui
421 1069 620 1122 audient,
647 1078 689 1112 et
711 1068 787 1127 qui
811 1067 1028 1111 audierint
1049 1068 1198 1111 vivent
1220 1087 1227 1110 :
1249 1076 1446 1111 mortuos

55 1141 169 1183 enim
197 1139 367 1198 iniquos
395 1137 789 1196 volebat-intelligi.
818 1140 872 1181 Et
902 1137 1118 1196 numquid
1141 1152 1290 1181 omnes
1311 1137 1447 1196 iniqui

55 1209 299 1256 obaudiunt
323 1209 586 1267 Evangelio?
614 1213 774 1268 Aperte
796 1207 902 1252 dicit
926 1207 1157 1267 Apostolus
1172 1243 1182 1262 ,
1207 1226 1227 1249 «
1251 1207 1335 1252 Sed
1358 1223 1448 1251 non

60 1299 80 1322 »
117 1296 267 1325 omnes
299 1279 544 1323 obaudiunt
573 1278 811 1337 Evangelio
832 1281 860 1321 ¹.
887 1281 1089 1322 »Tamen
1121 1279 1197 1338 qui
1234 1278 1446 1333 audiunt,

57 1352 205 1395 vivent
227 1371 235 1395 ;
257 1351 358 1411 quia
387 1366 536 1395 omnes
568 1351 644 1411 qui
678 1350 923 1395 obaudiunt
946 1350 1211 1408 Evangelio,
1238 1350 1449 1393 transient

58 1421 113 1466 ad
144 1422 273 1465 vitam
299 1431 506 1465 aeternam
536 1436 612 1480 per
647 1422 778 1465 fidem
802 1436 920 1465 :non
950 1431 1096 1464 tamen
1126 1436 1275 1465 omnes
1310 1421 1450 1465 obau-

58 1491 207 1546 diunt,
229 1501 271 1536 et
295 1493 377 1537 hoe
399 1507 516 1536 nunc
539 1501 615 1535 est.
643 1495 699 1536 At
720 1507 823 1536 vero
842 1493 888 1534 in
906 1491 992 1534 fine
1008 1526 1018 1545 ,
1044 1510 1064 1533 «
1085 1506 1234 1536 omnes
1254 1492 1329 1549 qui
1346 1499 1450 1534 sunt

62 1583 82 1606 »
118 1565 162 1607 in
181 1563 497 1618 monumentis,
521 1580 540 1603 η
563 1563 646 1607 hoc
668 1572 731 1606 est
750 1563 854 1622 justi
878 1571 921 1605 et
939 1562 1085 1620 injusti
1103 1597 1113 1616 ‚
1139 1581 1157 1602 «
1179 1562 1358 1605 audient
1370 1576 1449 1606 vo-

61 1653 82 1677 »
118 1650 212 1679 cem
247 1636 362 1695 ejus,
401 1643 443 1678 et
475 1633 713 1693 procedent
731 1636 762 1676 ².
787 1652 806 1673 η
843 1632 1074 1685 Quomodo
1109 1632 1250 1677 noluit
1277 1633 1445 1688 dicere,

63 1722 83 1746 »
119 1714 162 1748 et
190 1705 368 1749 vivent?
390 1706 550 1747 Omnes
572 1705 688 1747 enim
712 1705 970 1762 procedent,
997 1704 1071 1747 sed
1094 1719 1183 1747 non
1206 1719 1355 1748 omnes
1384 1704 1450 1747 vi-

60 1784 178 1819 vent.
205 1777 254 1818 In
279 1789 330 1817 eo
352 1774 514 1834 quippe
543 1773 663 1834 quod
692 1789 821 1832 supra
847 1773 975 1829 dixit,
1005 1793 1022 1814 «
1048 1776 1104 1818 Et
1125 1774 1199 1834 qui
1231 1773 1449 1818 audierint

65 1863 85 1885 »
120 1845 295 1888 vivent:
320 1862 339 1884 »
363 1844 408 1887 in
436 1845 525 1903 ipsa
555 1843 837 1887 obauditione
867 1844 1001 1887 vitam
1029 1852 1235 1886 aeternam
1264 1842 1450 1901 intelligi

62 1915 203 1960 voluit
223 1925 266 1959 et
288 1917 455 1958 beatam
473 1950 483 1969 ,
509 1930 641 1974 quam
664 1929 751 1958 non
775 1929 925 1959 omnes
948 1914 1176 1958 habebunt
1196 1915 1271 1974 qui
1290 1914 1344 1958 de
1360 1929 1450 1958 mo-

63 1985 282 2030 numentis
310 1984 561 2044 procedent.
589 1987 685 2028 Jam
714 1999 815 2043 ergo
844 1993 887 2028 et
914 1985 1325 2029 commemoratione
1353 1999 1450 2029 mo-

63 2065 404 2111 numentorum,
429 2065 472 2099 et
494 2055 764 2115 expressione
797 2056 1078 2116 processionis
1112 2055 1166 2100 de
1189 2071 1451 2101 monumen-

0 2182 7 2185 α
65 2127 118 2172 tis
136 2162 146 2181 ,
173 2136 319 2185 aperte
340 2126 621 2184 intelligimus
643 2142 873 2186 corporum
897 2127 1270 2171 resurrectionem.

124 2200 290 2243 XVIII.
320 2218 340 2240 «
366 2198 559 2242 Audient
587 2213 736 2242 omnes
755 2213 907 2243 vocem
931 2199 1044 2258 ejus,
1071 2207 1114 2242 ct
1145 2198 1398 2258 procedent.
1429 2216 1450 2240 »

68 2272 124 2313 Et
144 2268 218 2312 ubi
233 2268 447 2328 judicium
464 2304 475 2323 ,
501 2269 535 2313 si
555 2283 704 2313 omnes
726 2268 906 2313 audient
923 2304 933 2324 ,
959 2279 1001 2313 et
1023 2283 1173 2313 omnes
1195 2268 1455 2328 procedent?

69 2340 198 2392 Quasi
223 2349 365 2384 totum
394 2338 625 2385 confusum
651 2348 741 2394 est,
768 2339 876 2384 nihil
897 2339 1024 2384 video
1052 2338 1300 2384 discretum.
1327 2342 1454 2385 Certe

75 2411 280 2469 accepisti
312 2419 568 2470 potestatem
588 2409 842 2469 judicandi,
873 2411 975 2469 quia
1007 2410 1121 2454 filius
1156 2411 1342 2455 hominis
1376 2426 1449 2454 es:

71 2496 170 2526 ecce
193 2481 329 2526 aderis
350 2482 394 2526 in
411 2481 575 2542 judicio
592 2516 602 2536 ,
629 2490 854 2540 resurgent
875 2497 1082 2542 corpora:
1104 2481 1158 2526 de
1179 2483 1272 2542 ipso
1287 2481 1456 2542 judicio

119 2577 129 2595 ¹
147 2570 236 2601 Rom.
256 2578 289 2609 x,
307 2578 417 2601 10.—
438 2574 450 2590 ²
469 2569 560 2600 Joan.
582 2578 615 2608 v,
637 2576 689 2608 29.
