1825 3214
284 204 326 230 lN
360 201 534 232 JOANNIS
569 203 876 246 EvANGELurM,
912 210 1058 237 Timor.
1100 215 1186 239 xxi.
1361 205 1442 242 225

57 267 183 310 Patre
206 274 256 309 ut
278 267 406 312 faciat
429 277 472 313 et
502 269 627 329 ipsc?
656 271 818 315 Possim
844 272 956 316 forte
985 274 1154 332 dicere,
1180 276 1252 320 soil
1286 278 1346 321 da‘
1367 281 1442 338 qui

51 336 184 395 possit
201 352 354 397 capere
380 358 387 384 ;
414 338 617 384 autfortc
639 342 796 401 possim
819 344 1024 402 cogitare,
1052 361 1131 388 nec
1167 346 1330 405 dicere,
1368 359 1443 393 aut

50 407 163 452 forte
181 424 260 454 nec
277 411 483 469 cogitare.
503 412 684 458 Excedit
701 415 815 458 enim
832 430 909 459 nos
933 415 1002 459 illa
1020 415 1220 461 divinitas
1240 428 1439 479 tauquam

50 480 164 522 Deus
201 480 414 537 homines,
454 491 662 543 tanquam
698 484 954 530 immortalis
976 486 1195 542 mortales,
1236 498 1441 549 tanquam

48 558 236 594 retornus
256 552 527 612 temporales.
558 555 742 614 Inspirct
764 565 807 599 et
833 556 983 610 donet,
1009 556 1064 601 de
1092 555 1214 602 sonte
1246 558 1320 603 illo
1343 562 1443 605 vitre

47 634 166 664 nunc
188 620 353 682 aliquid
375 623 558 668 irrorare
590 624 796 683 dignetur
826 639 868 670 ct
889 627 1097 672 distillare
1119 630 1162 672 in
1195 630 1308 673 sitim
1342 646 1443 676 nos-

47 697 173 742 tram,
199 707 254 735 ne
275 693 319 735 in
343 693 422 738 hac
447 709 593 739 eremo
622 711 880 741 arescamus.
919 698 1118 744 Dicamus
1150 700 1204 755 ci,
1241 702 1439 758 Domine,

45 760 117 805 cui
141 760 371 807 didicimus
393 763 552 819 dicere,
570 768 711 809 Pater.
729 767 955 813 Audemus
973 770 1090 814 enim
1115 771 1213 826 hoc,
1229 773 1331 832 quia
1355 773 1442 832 ipsc

33 831 184 876 'voluit
202 841 252 877 ut
271 834 529 879 auderemus
554 855 562 880 :
589 836 622 879 si
646 846 793 881 tamen
811 839 869 883 sic
892 840 1102 896 vivamus,
1129 851 1177 885 ut
1206 858 1295 887 non
1318 844 1442 889 nobis

45 900 192 947 dicat:
224 923 243 945 «
272 904 314 949 Si
338 907 464 949 Pater
484 922 596 961 sum,
624 908 700 951 ubi
729 918 792 953 est
825 909 966 954 honor
988 926 1139 970 meus,
1165 913 1196 956 si
1231 915 1442 960 Dominus

44 988 68 1014 i)
103 988 224 1029 sum,
254 975 328 1019 ubi
351 984 414 1020 est
448 976 576 1021 timor
594 993 715 1022 meus
733 981 742 1004 ¹
763 981 781 1023 P
805 998 823 1020 »
851 981 1053 1026 Dicamus
1081 998 1183 1041 ergo
1204 983 1287 1039 illi,
1318 989 1441 1030 Pater

44 1052 205 1088 noster.
232 1045 314 1090 Cui
333 1046 532 1102 dicimus,
550 1051 677 1093 Pater
699 1053 876 1094 noster?
897 1054 1012 1096 Patri
1031 1055 1206 1098 Christi.
1234 1057 1314 1108 Qui
1339 1072 1440 1115 ergo

45 1115 159 1158 Patri
183 1116 340 1160 Christi
373 1118 494 1172 dicit,
523 1122 649 1163 Pater
671 1130 832 1177 noster,
865 1123 971 1182 quid
1004 1123 1111 1168 dicit
1143 1125 1316 1170 Christo
1339 1129 1434 1183 nisi,

44 1190 189 1229 Frater
210 1189 386 1231 noster?
407 1190 505 1233 Non
528 1198 673 1234 tamen
695 1191 806 1235 sicut
835 1194 993 1237 Christi
1013 1198 1154 1250 Pater,
1180 1196 1238 1241 ita
1271 1206 1314 1241 et
1343 1214 1439 1243 nos-

42 1263 108 1299 ter
132 1260 258 1300 Patcr
283 1275 291 1301 :
320 1273 545 1319 nunquam
572 1261 688 1304 enim
711 1263 907 1308 Christus
931 1264 988 1308 ita
1013 1281 1091 1310 nos
1118 1268 1438 1327 conjunxit,¹ut

41 1325 208 1371 nullam
224 1326 546 1374 distinctionem
559 1331 721 1376 faceret
734 1333 846 1378 inter
858 1349 935 1379 nos
950 1344 1064 1380 etse.
1080 1336 1158 1381 Ille
1171 1338 1286 1383 enim
1307 1339 1436 1384 Filius

15 1428 19 1438 ,
38 1398 218 1458 aequalis
232 1399 363 1454 Patri,
380 1399 452 1445 ille
462 1410 651 1447 aeternus
666 1419 765 1448 cum
782 1408 923 1461 Patre,
943 1407 1148 1468 Patrique
1163 1421 1405 1455 coaeternus
1424 1430 1432 1455 :

16 1486 20 1511 ι
39 1483 117 1514 nos
135 1479 280 1515 autem
297 1470 398 1516 facti
416 1488 492 1532 per
512 1473 688 1531 Filium,
712 1475 907 1535 adoptati
923 1493 1000 1537 per
1020 1479 1223 1524 Unicum.
1247 1481 1434 1527 Proinde

16 1554 263 1601 *nunquam
291 1541 491 1588 auditum
516 1553 580 1589 est
597 1545 652 1589 de
669 1561 743 1591 ore
757 1547 930 1591 Domini
960 1550 1095 1592 nostri
1119 1553 1219 1594 Jesu
1245 1552 1428 1607 Christi,

15 1642 20 1653 .
36 1626 137 1656 cum
151 1612 206 1656 ad
221 1612 455 1673 discipulos
469 1614 740 1675 loqueretur,
765 1617 918 1661 dixisse
936 1617 1060 1662 illum
1078 1620 1132 1663 de
1158 1624 1245 1665 Deo
1260 1637 1431 1668 summo

16 1687 21 1726 l
38 1685 164 1728 Patre
177 1699 271 1738 suo,
285 1689 412 1730 Pater
424 1695 590 1731 noster:
606 1687 695 1741 sed,
710 1699 784 1732 aut
797 1692 922 1732 Pater
937 1705 1058 1734 meus
1073 1690 1194 1746 dixit,
1213 1703 1288 1738 aut
1306 1698 1431 1739 Pater

15 1763 189 1798 =vester.
216 1758 344 1800 Pater
365 1765 511 1800 noster
527 1772 617 1801 non
632 1756 756 1812 dixit,
781 1774 919 1819 usque
933 1761 1043 1805 adeo
1062 1771 1110 1806 ut
1123 1764 1315 1822 quodam
1331 1765 1428 1810 loco

14 1834 216 1884 'poneret
230 1826 324 1870 haec
336 1826 450 1871 duo:
471 1846 490 1869 «
507 1826 630 1871 Vado
643 1827 698 1871 ad
716 1830 853 1873 Deum
873 1845 1035 1886 meum,
1054 1832 1211 1893 inquit,
1230 1843 1272 1879 et
1288 1838 1426 1880 Deum

14 1912 59 1937 »n
91 1903 285 1940 vestrum
299 1898 330 1940 ².
347 1915 367 1938 »
385 1899 529 1950 Quare
542 1912 631 1942 non
644 1896 767 1954 dixit,
789 1902 927 1944 Deum
942 1911 1140 1947 nostrum
1153 1906 1171 1947 ‘?
1186 1907 1242 1949 Et
1254 1909 1427 1952 Patrem

34 1980 178 2011 meum
194 1967 318 2023 dixit,
331 1977 374 2012 et
386 1971 555 2012 Patrem
571 1979 779 2025 vestrum,
795 1986 884 2016 non
900 1971 1009 2017 dixit
1020 1977 1191 2019 Patrem
1206 1987 1419 2022 nostrum.

16 2037 103 2082 ,Sic
129 2038 276 2097 jungit
296 2047 346 2082 ut
375 2038 638 2097 distinguat,
670 2041 730 2085 sic
752 2041 984 2101 distinguit
1004 2054 1054 2088 ut
1083 2061 1171 2090 non
1205 2049 1417 2108 sejungat.

16 2107 180 2152 lUnum
203 2123 281 2151 nos
304 2108 396 2152 vult
415 2124 504 2153 esse
523 2110 566 2153 in
589 2125 647 2164 se,
667 2126 803 2155 unum
818 2122 963 2157 autem
989 2117 1161 2159 Patrem
1183 2127 1299 2163 etse.

91 2180 166 2222 IV.
183 2181 600 2241 Quantumcumque
613 2196 714 2240 ergo
725 2182 1016 2242 intelligamus
1033 2196 1075 2230 et
1088 2198 1420 2247 quantumcum—

17 2261 119 2308 ‘que
139 2248 387 2305 videamus,
415 2251 543 2294 etiam
570 2266 671 2295 cum
694 2253 870 2312 Angelis
902 2258 1060 2316 aequati
1080 2256 1305 2317 fuerimus,
1330 2277 1419 2307 non

16 2317 274 2364 -videbimus
288 2321 401 2365 sicut
416 2320 535 2366 videt
552 2321 695 2367 Filius.
716 2326 802 2369 Nos
820 2326 936 2370 enim
967 2336 1010 2372 et
1032 2329 1210 2388 quando
1238 2348 1325 2377 non
1346 2334 1414 2378 vi-

32 2388 201 2446 demus,
232 2406 379 2436 sumus
400 2391 581 2453 aliquid.
602 2396 658 2438 Et
678 2395 786 2455 quid
809 2395 928 2441 aliud
959 2413 1107 2444 sumus
1130 2404 1307 2461 quando
1329 2420 1418 2450 non

31 2459 244 2517 videmus,
265 2463 347 2507 nisi
368 2478 458 2508 non
479 2463 707 2510 videntes?
730 2467 887 2512 Sumus
902 2476 1047 2515 tamen
1064 2470 1134 2516 vel
1153 2488 1241 2519 non
1265 2474 1418 2520 viden-

81 2552 90 2569 ¹
115 2545 227 2580 Malae.
247 2558 271 2589 1,
289 2547 323 2580 6.
344 2564 376 2572 -
405 2554 418 2572 ²
441 2550 532 2582 Joan.
552 2559 608 2591 xx,
631 2561 680 2592 ¹7-

220 2611 360 2654 cxxn.
779 2628 783 2632 -
1233 2617 1280 2655 15
