1809 3173
358 190 408 227 16
786 201 818 226 s.
855 197 937 226 AUG
947 200 1082 227 usum
1116 200 1295 228 EPISCOP!

351 280 487 319 mum,
508 273 550 307 et
566 278 665 308 cum
681 264 769 323 ipsa
792 265 915 308 ruina
939 273 1013 309 tua
1034 273 1073 309 te
1098 264 1223 310 tollit.
1243 266 1283 310 Si
1307 273 1453 309 autem
1476 281 1565 310 non
1583 265 1728 322 audis,

349 334 494 379 nudus
511 349 576 388 es,
602 333 684 378 illis
718 335 1031 379 tentationibus
1054 344 1103 379 tu
1123 335 1213 395 ipse
1238 335 1432 380 traheris.
1460 334 1572 380 Audi
1596 351 1697 394 ergo
1717 372 1728 391 ‚

348 414 392 449 et
408 404 475 448 fac
493 423 501 449 :
527 420 665 449 unum
686 413 748 448 est
771 404 1025 449 remedium.
1046 407 1207 458 Quanti
1224 406 1338 450 forte
1359 404 1489 450 hodie
1512 406 1730 451 audiendo

347 484 390 519 et
412 490 502 520 non
531 473 728 520 faciendo
754 477 866 535 rapti
893 484 995 520 sunt
1016 476 1150 522 fluvio
1171 476 1432 521 celebritatis
1454 477 1614 536 hujus?
1635 480 1730 521 Au-

346 543 506 590 diendo
527 546 642 590 enim
665 555 708 591 et
722 561 811 591 non
833 545 1033 591 faciendo
1049 581 1060 601 ,
1085 548 1204 591 venit
1221 547 1380 592 fluvius
1398 547 1489 606 ipsa
1504 547 1730 592 celebritas

346 617 632 662 anniversaria
647 652 657 672 ‚
681 617 886 676 impletus
918 626 980 660 est
1004 626 1171 662 torrens
1189 652 1199 673 ‚
1222 618 1480 662 transiturus
1500 626 1565 662 est
1586 626 1629 663 et
1646 618 1731 663 sic-

344 696 519 731 caturus
539 706 548 732 2
570 687 646 732 sed
662 703 727 732 vae
750 686 812 730 illi
836 702 966 746 quem
988 687 1156 732 tulerit!
1190 687 1305 732 Illud
1320 702 1420 745 ergo
1438 688 1607 733 noverit
1623 689 1731 733 Cha-

344 757 444 801 ritas
462 760 629 812 Vestra‚
648 757 751 818 quia
764 757 843 800 nisi
863 757 958 816 quis
973 767 1016 801 et
1034 757 1181 801 audiat
1204 766 1246 801 et
1262 757 1410 812 faciat,
1432 773 1522 802 non
1544 757 1731 802 aedificat

342 843 470 888 super
491 837 685 887 petram3
720 836 763 871 et
795 843 883 872 non
906 828 1092 886 pertinet
1115 826 1168 871 ad
1193 842 1353 872 nomen
1380 837 1469 872 tam
1494 842 1726 885 magnum,

341 897 461 958 quod
484 899 544 943 sic
566 897 889 942 commendavit
911 898 1137 942 Dominus.
1165 900 1389 942 Intentum
1413 899 1529 942 enim
1548 907 1591 942 te
1607 898 1726 943 fecit.

340 971 450 1014 Nam
467 969 501 1011 si
525 969 608 1012 hoc
626 977 725 1012 ante
744 971 896 1011 Petrus
917 977 1144 1012 vocaretur
1159 1003 1169 1023 ‚
1191 984 1280 1013 non
1299 969 1358 1013 ita
1381 968 1548 1013 videres
1571 979 1730 1027 myste-

342 1040 453 1082 rium
466 1048 598 1098 petrae
611 1060 621 1095 3
640 1048 682 1083 et
693 1048 867 1098 putares
880 1054 982 1084 casu
995 1055 1095 1083 eum
1109 1040 1167 1084 sic
1181 1040 1341 1094 vocari,
1354 1055 1442 1084 non
1457 1039 1728 1099 providentia

340 1110 418 1155 Dei
439 1128 447 1154 ε
470 1109 568 1155 ideo
585 1109 724 1154 voluit
746 1125 845 1154 eum
862 1109 981 1154 aliud
1003 1111 1120 1169 prius
1145 1111 1288 1155 vocari
1308 1146 1318 1166 ‚
1346 1120 1394 1154 ut
1417 1126 1467 1154 ex
1489 1111 1580 1169 ipsa
1602 1126 1728 1155 com-

339 1181 581 1225 mutatione
603 1180 789 1224 nominis
807 1215 818 1235 ,
839 1181 1094 1225 sacramenti
1111 1181 1314 1225 vivacitas
1328 1179 1725 1225 commendaretur.

401 1254 495 1296 XV.
526 1270 547 1294 «
567 1253 624 1295 Et
644 1251 689 1294 in
707 1251 940 1295 crastinum
965 1250 1105 1295 voluit
1130 1252 1244 1294 exire
1263 1251 1308 1294 in
1330 1250 1554 1295 Galilaeam
1573 1285 1583 1306 ‚
1605 1260 1648 1295 et
1667 1254 1728 1296 in-

345 1344 361 1365 »
397 1323 517 1367 venit
540 1321 804 1381 Philippum.
833 1322 944 1366 Dicit
965 1322 1001 1365 ei
1022 1341 1030 1366 :
1057 1324 1245 1381 Sequere
1266 1337 1350 1365 me.
1376 1325 1483 1366 Erat
1505 1331 1650 1366 autem
1673 1321 1728 1366 de

341 1412 361 1435 »
398 1394 568 1438 civitate
590 1393 776 1437 Andreae
803 1402 846 1437 et
868 1394 997 1437 Petri.
1028 1395 1084 1437 Et
1112 1394 1279 1437 invenit
1313 1393 1539 1452 Philippus
1560 1394 1727 1439 Natha-

343 1482 363 1505 »
398 1464 569 1508 nae'lem
602 1466 614 1489 1
655 1483 663 1508 z
701 1482 720 1504 »
743 1465 833 1524 Jam
870 1472 1048 1508 vocatus
1082 1479 1105 1506 a
1139 1464 1324 1508 Domino
1351 1462 1593 1523 Philippus.
1626 1467 1728 1509 «Et

341 1552 362 1575 »
398 1533 505 1578 dixit
525 1534 563 1577 ei
590 1553 598 1578 :
625 1536 764 1586 Quem
798 1534 965 1592 scripsit
997 1536 1167 1590 Moyses
1190 1534 1236 1577 in
1261 1536 1376 1592 Lege
1399 1542 1442 1578 et
1465 1534 1726 1593 Prophetae,

340 1622 360 1646 »
397 1604 641 1649 invenimus
657 1597 806 1647 Jesum
828 1603 968 1646 filium
986 1606 1010 1647 J
1014 1604 1162 1663 oseph.
1187 1623 1204 1644 »
1227 1604 1329 1662 Ejus
1347 1602 1461 1647 filius
1481 1603 1725 1660 dicebatur,

336 1676 407 1720 cui
429 1675 687 1736 desponsata
709 1683 800 1718 erat
821 1682 958 1718 mater
973 1675 1080 1734 ejus.
1102 1676 1212 1719 Nam
1233 1674 1354 1733 quod
1374 1689 1422 1718 ea
1446 1674 1609 1719 intacta
1627 1690 1727 1720 con-

336 1755 487 1806 ceptus
508 1755 551 1790 et
572 1754 616 1789 et
630 1753 756 1788 natus
783 1744 864 1798 sit,
890 1743 1001 1787 bene
1026 1752 1243 1788 noverunt
1259 1758 1408 1788 omnes
1423 1744 1656 1789 Christiani
1677 1760 1727 1788 ex

337 1814 590 1875 Evangelio.
615 1818 707 1859 Hoc
730 1813 956 1872 Philippus
977 1812 1086 1857 dixit
1108 1813 1364 1858 Nathanae'li
1382 1834 1393 1871 3
1414 1813 1583 1858 addidit
1602 1823 1646 1858 et
1666 1814 1726 1860 lo-

336 1902 437 1932 cum
453 1922 464 1943 ,
484 1906 504 1929 «
519 1889 760 1932 ANazaret.
784 1887 841 1929 Et
858 1883 965 1928 dixit
983 1884 1021 1927 ei
1043 1882 1307 1928 Nathanael:
1328 1887 1363 1927 A
1382 1886 1563 1928 Nazaret
1584 1894 1726 1943 potest

339 1977 359 2000 »
394 1956 559 2018 aliquid
576 1956 681 2001 boni
704 1970 809 1999 esse.
826 1972 846 1996 >›
864 1954 980 2007 Quid
1006 1953 1284 2012 intelligitur,
1307 1953 1460 1998 fratres
1475 1956 1491 1995 ?
1505 1956 1603 1999 Non
1619 1971 1725 2015 quo-

338 2027 469 2074 modo
493 2027 626 2087 aliqui
647 2025 933 2086 pronuntiant
958 2043 966 2068 :
992 2039 1094 2068 nam
1118 2032 1162 2068 et
1187 2025 1246 2068 sic
1274 2025 1384 2068 solet
1419 2026 1721 2084 pronuntiari,

341 2119 362 2142 «
397 2102 430 2144 Α
458 2097 669 2145 Nazareth
698 2105 838 2156 potest
864 2094 1031 2155 aliquid
1058 2094 1163 2139 boni
1186 2097 1305 2139 esse?
1330 2113 1349 2136 »
1380 2095 1586 2156 Sequitur
1607 2096 1724 2140 enim

337 2185 418 2214 vox
444 2168 657 2229 Philippi,
682 2177 725 2212 et
746 2167 859 2212 dicit
887 2185 895 2211 :
926 2184 945 2207 «
973 2166 1082 2209 Veni
1098 2199 1109 2220 ,
1135 2174 1178 2210 et
1199 2165 1315 2211 vide.
1345 2183 1365 2206 »
1392 2165 1554 2210 Ambas
1576 2174 1724 2210 autem

337 2240 710 2301 pronuntiationes
729 2246 871 2299 potest
892 2237 970 2282 ista
994 2252 1076 2282 vox
1100 2236 1252 2296 sequi,
1276 2236 1363 2281 sive
1385 2236 1445 2281 sic
1468 2237 1723 2296 pronunties

339 2321 545 2373 tanquam
576 2311 864 2365 confirmans,
895 2328 915 2351 «
945 2311 983 2353 A
1003 2308 1215 2354 Nazareth
1248 2316 1390 2367 potest
1420 2307 1585 2368 aliquid
1617 2308 1723 2353 boni

340 2401 360 2424 »
395 2398 485 2427 esse
503 2403 513 2428 ι
534 2401 554 2424 »
573 2392 615 2427 et
633 2382 728 2437 ille,
755 2380 923 2435 «Veni,
951 2389 993 2424 et
1015 2379 1114 2423 vide
1136 2397 1144 2423 :
1177 2398 1194 2420 »
1222 2378 1310 2422 sive
1333 2379 1390 2422 sic
1416 2377 1650 2434 dubitans,
1678 2388 1723 2424 et

341 2463 479 2499 totum
496 2455 767 2513 interrogans
786 2487 796 2508 ‚
819 2471 839 2494 «
856 2454 894 2497 Α
910 2450 1120 2497 Nazareth
1140 2457 1282 2509 potest
1304 2448 1469 2509 aliquid
1484 2449 1588 2494 honi
1606 2452 1722 2494 esse?

385 2547 392 2563 ¹
411 2543 500 2573 Joan.
526 2551 548 2581 1,
564 2539 684 2581 43-46.
