1825 3214
308 200 351 224 m
385 197 558 225 somms
591 193 896 232 EVANGELIUM‚
931 192 1078 223 TnAcT.
1114 193 1229 222 xxxi.
1380 180 1461 220 347

79 261 320 321 anualiter.
349 260 531 305 Dilectio
556 258 735 319 aequalis
759 257 861 302 facit
884 274 971 301 non
1002 258 1213 318 acceptari
1244 272 1460 318 personas.

79 337 173 379 Non
192 350 289 378 cum
315 333 509 377 homines
530 332 699 376 diverso
722 330 852 374 modo
884 346 960 389 pro
983 330 1070 374 suis
1093 328 1299 388 gradibus
1321 329 1465 375 liono-

79 421 238 460 ramus,
265 415 370 449 tunc
406 403 647 447 timendum
673 411 734 445 est
764 418 817 445 nc
842 416 1043 461 personas
1072 401 1347 460 accipiamus.
1381 402 1465 446 Sed

78 476 257 537 quando
282 476 394 519 inter
410 475 519 519 duos
543 474 792 534 judicamus
811 509 820 527 ‚
847 481 890 516 ct
924 471 1158 532 aliquando
1182 472 1292 516 inter
1314 487 1464 516 neccs—

76 547 207 592 sarios
226 566 234 591 :
261 546 310 591 sit
328 561 646 606 nonnunquam
665 543 878 605 judicium
913 543 1025 588 inter
1045 552 1211 603 patrem
1230 552 1273 587 ct
1295 543 1433 587 silium
1452 565 1462 601 3

75 619 276 679 queritur
295 627 417 677 pater
439 618 494 661 de
516 616 631 661 malo
661 614 775 671 filio,
807 625 881 660 aut
908 615 1107 675 queritur
1134 613 1248 658 silius
1272 614 1326 658 dc
1354 615 1465 658 duro

76 699 198 748 patre
231 709 239 733 ε
268 704 487 733 servamus
524 686 900 732 honorificentiam
934 685 1073 745 patri,
1109 701 1209 745 quae
1239 683 1464 729 deheim-a

76 759 167 804 filio
193 779 202 804 ε
229 776 317 804 non
339 774 564 819 aequamus
601 757 737 801 filium
771 758 880 817 patri
903 757 947 800 in
979 757 1173 814 honore3
1198 754 1273 800 sed
1301 771 1464 816 praepo-

75 831 236 885 nimus,
262 831 295 874 si
319 829 479 874 bonam
502 844 675 873 causam
699 828 832 872 habet
863 826 1027 872 :filium
1046 842 1270 888 aequemus
1293 828 1405 887 patri
1420 827 1465 871 in

74 901 285 959 veritate3
311 900 430 944 etsie
455 899 698 943 tribuemus
721 900 932 943 honorem
955 898 1171 954 debitum,
1188 907 1239 943 ut
1256 914 1345 943 non
1363 913 1464 958 per-

74 970 148 1017 dat
170 973 352 1032 aequitas
368 972 587 1016 meritum.
608 974 671 1016 Ita
694 970 839 1015 verbis
861 971 1035 1015 Domini
1058 970 1326 1031 proficimus,
1353 979 1396 1015 et
1415 980 1466 1015 ut

75 1043 350 1103 proficiamus
369 1043 508 1102 gratia
525 1040 640 1087 illius
655 1041 928 1102 adjuvamur.

451 1325 858 1373 TRACTATUS
891 1326 1059 1373 XXXI.

72 1478 142 1524 Ab
175 1493 226 1522 eo
249 1477 365 1533 loco,
406 1475 654 1521 Dicebant
689 1493 802 1539 ergo
824 1475 1023 1537 quidam
1047 1493 1110 1522 ex
1132 1474 1462 1539 Jerosolyssmis,

129 1547 314 1595 ,Νοηηε
331 1547 408 1592 laic
431 1557 517 1598 est,
535 1564 671 1607 quem
690 1547 971 1607 quoerebant
987 1547 1027 1593 J
1024 1546 1151 1593 udoez'
1162 1549 1425 1610 interficere
1450 1567 1461 1596 :

130 1635 270 1680 usque
288 1617 343 1664 ad
361 1618 405 1662 id
419 1654 430 1673 ‚
456 1619 696 1682 chceretz's
719 1635 810 1675 me,
838 1629 884 1664 et
904 1635 999 1664 non
1018 1620 1293 1676 itwenietis5
1316 1630 1363 1665 et
1384 1618 1468 1665 ubi

129 1706 234 1734 sum
264 1704 369 1752 ege,
394 1706 478 1734 vos
510 1704 605 1734 non
638 1691 840 1750 potestis
862 1691 1040 1735 venire.

132 1838 168 1881 Ι.
195 1839 400 1881 Minium-r
420 1836 616 1881 Charitas
632 1837 783 1880 Vestra
801 1836 989 1896 pristinis
1007 1836 1280 1883 sermonibus
1302 1847 1345 1882 et
1372 1837 1463 1883 lec-

72 1917 166 1952 tum
190 1923 279 1952 esse
300 1908 345 1951 in
364 1907 625 1966 Evangelio,
650 1917 694 1951 et
725 1924 748 1952 a
774 1908 898 1952 nobis
929 1917 979 1953 ut
1008 1909 1232 1968 potuimus
1264 1909 1463 1970 disputa-

72 1988 184 2034 tum,
207 1978 327 2039 quod
351 1979 561 2023 Dominus
584 1981 707 2023 Jesus
728 1979 826 2024 ideo
847 1978 968 2024 velut
997 1979 1168 2024 occulte
1193 1980 1386 2026 ascendit
1408 1982 1464 2026 ad

72 2049 189 2095 diem
210 2049 387 2104 festum,
409 2065 498 2094 non
520 2050 622 2110 quia
650 2050 834 2095 timebat
868 2066 923 2095 ne
956 2060 1207 2107 teneretur,
1235 2053 1358 2114 cujus
1381 2068 1463 2112 po-

73 2131 201 2166 testas
219 2130 311 2165 erat
332 2136 387 2165 ne
413 2131 632 2166 teneretur
651 2142 662 2180 3
685 2122 762 2166 sed
785 2132 835 2167 ut
857 2123 1118 2181 significaret
1139 2124 1270 2168 etiam
1295 2124 1341 2168 in
1370 2124 1463 2185 ipso

73 2192 143 2237 die
156 2192 269 2236 festo
293 2192 368 2252 qui
391 2191 697 2237 celebrabatur
713 2207 737 2236 a
758 2195 782 2237 J
786 2192 937 2249 udaeis‚
963 2209 1006 2238 se
1024 2194 1249 2251 occultari,
1274 2204 1318 2240 et
1333 2211 1463 2240 suum

71 2278 161 2307 esse
177 2262 433 2320 mysterium
451 2281 459 2306 :
480 2262 693 2307 hodierna
709 2277 812 2322 ergo
828 2262 1015 2309 lectione
1032 2265 1235 2325 apparuit
1253 2275 1459 2326 potestas,

72 2349 171 2394 quae
192 2333 432 2392 putabatur
455 2332 662 2378 timiditas
685 2353 693 2379 :
719 2333 983 2395 loquebatur
1012 2337 1127 2381 enim
1155 2337 1299 2398 palam
1323 2338 1368 2382 in
1391 2338 1462 2382 die

72 2403 198 2457 festo,
214 2403 273 2446 ita
287 2413 336 2448 ut
351 2404 612 2448 mirarentur
626 2404 785 2460 turbae,
801 2414 842 2450 et
861 2405 1055 2451 dicerent
1064 2408 1185 2467 quod
1197 2408 1457 2464 audivimus,

72 2489 171 2518 cum
189 2472 317 2518 lectio
333 2473 564 2533 legeretur,
589 2478 781 2521 «Nonne
798 2477 869 2521 hic
891 2487 955 2522 est
976 2495 1107 2538 quem
1120 2479 1376 2539 quaerebant
1397 2479 1462 2523 in·

75 2561 95 2584 n
131 2543 359 2588 terficere?
392 2546 447 2589 Et
492 2559 592 2590 ecce
629 2544 774 2605 palam
810 2545 1008 2607 loquitur
1022 2583 1034 2603 ,
1070 2558 1112 2593 et
1154 2548 1262 2593 nihil
1297 2547 1360 2594 illi
1390 2548 1460 2594 di-
