1825 3214
276 232 321 258 m
353 228 528 260 somma
560 228 872 269 EVANGELIUM,
908 230 1055 260 TRACT.
1092 235 1189 261 xm.
1346 224 1426 263 103

32 314 68 339 ..»
100 303 223 340 erant
240 294 317 351 ibi,
338 303 380 340 et
398 295 647 350 veniebant,
665 304 708 340 ct
726 295 1074 356 baptizabantur.
1087 297 1293 343 Nondum
1311 300 1427 344 enim

42 385 62 409 »
97 367 250 411 missus
287 375 377 411 erat
407 367 452 410 in
486 381 702 411 carcerem
738 369 927 411 Joannes
943 369 973 411 ¹.
1011 386 1031 408 ι)
1070 369 1112 413 Si
1144 370 1399 414 meministis
1414 407 1425 426 ,

38 440 179 497 (Ecce
201 438 357 483 iterum
375 438 525 496 dico‚)
547 437 634 483 dixi
656 453 790 500 quare
812 439 1062 499 baptizabat
1085 442 1274 485 Joannes
1297 460 1305 486 ι
1327 443 1427 502 quia

39 509 271 570 oportebat
298 518 348 554 ut
381 510 592 555 Dominus
618 510 928 571 baptizaretur.
955 513 1016 555 Et
1041 526 1176 572 quare
1198 513 1430 571 oportebat

39 589 88 625 ut
115 581 322 625 Dominus
347 581 670 641 baptizaretur?
697 582 799 642 quia
834 581 960 627 multi
986 583 1281 643 contempturi
1305 593 1429 628 erant

38 652 304 712 baptismum
323 688 333 707 ‚
359 667 410 696 eo
435 651 555 713 quod
572 653 663 713 jam
685 654 847 712 majore
869 652 1003 711 gratia
1032 653 1203 712 praediti
1225 653 1431 699 videren-

39 732 110 768 tur
126 758 136 778 ‚
162 738 295 783 quam
326 723 525 769 viderent
546 723 650 769 alios
672 723 836 769 fideles.
865 723 996 769 Verbi
1021 724 1156 783 gratia
1177 760 1188 780 ‚
1208 725 1297 786 jam
1320 741 1429 771 con-

40 794 228 839 tinenter
249 794 397 839 vivens
420 795 776 850 catechumenu3‚
801 803 1101 840 contemneret
1123 797 1426 857 conjugatum,

37 873 81 909 et
107 864 269 909 diceret
295 880 340 909 se
361 865 584 909 meliorem
607 881 738 926 quam
761 865 834 910 ille
858 866 913 911 sit
934 866 1091 912 fidelis.
1118 866 1198 912 llle
1220 868 1428 913 catechu-

37 951 190 981 menus
221 945 365 996 posset
394 935 538 981 dicere
566 937 613 981 in
643 936 774 982 corde
806 953 884 982 suo
912 957 920 982 :
955 937 1068 991 Quid
1104 938 1212 982 mihi
1235 954 1344 998 opus
1367 949 1430 985 est

36 1007 301 1067 baptismum
325 1006 545 1066 accipere,
578 1016 629 1052 ut
650 1007 734 1052 hoc
756 1007 941 1052 habeam
974 1008 1096 1069 quod
1125 1018 1168 1054 et
1195 1010 1274 1054 iste
1291 1045 1303 1066 ,
1339 1026 1429 1071 quo

31 1078 120 1138 jam
141 1078 297 1122 melior
316 1079 447 1122 sum?
468 1079 532 1124 Ne
566 1091 668 1136 ergo
690 1078 833 1123 cervix
866 1078 946 1123 ista
982 1079 1276 1139 praecipitaret
1298 1096 1430 1140 quos-

36 1147 135 1192 dam
156 1146 211 1192 de
246 1147 408 1192 meritis
433 1147 613 1208 justitiae
646 1163 734 1193 suae
757 1147 998 1208 plurimum
1035 1148 1193 1205 elatos,
1218 1150 1430 1210 baptizari

36 1217 174 1264 voluit
186 1219 389 1263 Dominus
409 1234 432 1262 a
449 1233 588 1274 servo,
608 1227 819 1279 tanquam
835 1217 1062 1280 alloquens
1075 1219 1187 1265 filios
1204 1221 1425 1280 capitales.

35 1288 149 1343 Quid
170 1304 246 1334 vos
267 1288 501 1334 extollitis?
528 1287 638 1350 quid
668 1289 830 1349 erigitis
848 1325 859 1345 ‚
885 1290 987 1350 quia
1008 1290 1200 1347 habetis,
1222 1290 1304 1346 illev
1320 1307 1430 1351 pru-

34 1360 227 1406 dentiam
243 1397 254 1417 ,
279 1360 352 1406 ine
371 1360 631 1417 doctrinam,
656 1361 730 1406 ille
747 1361 1004 1418 castitatem,
1028 1361 1101 1406 ille
1123 1360 1429 1409 fortitudinem

33 1432 288 1492 patientiae?
314 1431 543 1493 Numquid
575 1440 749 1477 tantum
774 1431 939 1477 habere
975 1433 1155 1492 potestis
1174 1468 1185 1490 ‚
1209 1443 1426 1494 quantum

33 1516 112 1561 ego
133 1503 209 1564 qui
238 1502 371 1548 dedi?
395 1506 452 1548 Et
474 1511 620 1548 tamen
644 1517 723 1562 ego
744 1502 988 1564 baptizatus
1010 1518 1107 1548 sum
1134 1520 1158 1548 a
1180 1519 1302 1550 servo
1320 1540 1331 1561 ,
1351 1520 1427 1550 vos

32 1572 327 1631 dedignamini
362 1589 385 1618 a
423 1574 627 1619 Domino.
673 1576 768 1619 Hoc
799 1582 863 1618 est
886 1609 897 1630 ‚
937 1582 988 1618 ut
1022 1573 1256 1634 impleatur
1288 1576 1427 1620 omnis

26 1644 192 1704 justitia
206 1647 240 1688 ².

89 1716 191 1759 VII.
220 1715 304 1759 Sed
327 1715 441 1758 dicet
480 1714 636 1775 aliquis
665 1733 674 1759 :
717 1714 970 1760 Sufficiebat
991 1729 1094 1774 ergo
1115 1723 1166 1760 ut
1187 1715 1427 1775 baptizaret

34 1787 267 1831 Dominum
296 1787 484 1830 Joannes
511 1804 520 1830 ε
547 1784 654 1845 quid
680 1800 791 1845 opus
818 1794 911 1831 erat
939 1795 991 1831 ut
1011 1786 1083 1830 alii
1102 1786 1428 1847 baptizarentur

32 1843 56 1902 a
78 1858 279 1901 Joanne?
301 1858 358 1901 Et
383 1856 466 1901 hoc
488 1855 674 1900 diximus
692 1891 703 1912 ,
736 1856 838 1917 quia
862 1856 895 1900 si
916 1855 1032 1902 solus
1053 1857 1267 1902 Dominus
1284 1857 1427 1918 bapti-

32 1935 202 1972 zaretur
225 1942 249 1971 a
272 1929 462 1982 Joanne,
493 1942 584 1972 non
615 1924 783 1971 deesset
810 1926 890 1971 ista
912 1927 1120 1987 cogitatio
1141 1927 1396 1974 hominibus
1412 1964 1424 1985 ‚

31 1997 153 2059 quod
190 1996 414 2042 meliorem
445 1997 641 2042 habebat
673 1996 940 2058 baptismum
971 2000 1160 2044 Joannes
1181 2015 1314 2061 quam
1338 2003 1428 2046 Do-

32 2069 190 2114 minus.
216 2068 419 2129 Dicerent
446 2068 562 2113 enim
591 2087 600 2114 z
633 2071 780 2130 Usque
802 2068 912 2115 adeo
939 2084 1124 2130 magnus
1148 2079 1240 2116 erat
1257 2071 1426 2131 baptis-

33 2155 129 2184 mus
156 2154 288 2200 quem
318 2139 473 2184 habuit
499 2141 708 2196 Joannes,
735 2149 786 2186 ut
811 2140 926 2187 solus
960 2141 1157 2188 Christus
1180 2141 1256 2188 illo
1292 2141 1427 2189 fuerit

33 2209 190 2271 dignus
212 2210 436 2270 baptizari.
466 2213 583 2270 Ergo
607 2219 657 2255 ut
686 2211 991 2257 ostenderetur
1008 2212 1163 2258 melior
1184 2213 1426 2274 baptismus

32 2296 165 2342 quem
186 2281 369 2326 daturus
390 2290 482 2326 erat
508 2281 741 2338 Dominus,
763 2291 807 2328 et
827 2281 901 2327 ille
925 2291 1137 2343 tanquam
1159 2285 1269 2329 servi
1290 2285 1424 2330 intel-

32 2352 240 2412 ligeretur
256 2387 267 2407 ,
294 2351 366 2396 ille
383 2361 591 2413 tanquam
615 2352 815 2411 Domini3
839 2353 1081 2414 baptizatus
1099 2364 1163 2400 est
1183 2356 1394 2401 Dominus
1409 2392 1420 2412 ‚

33 2431 84 2467 ut
100 2422 316 2483 praeberet
333 2421 590 2467 humilitatis
613 2422 883 2484 exemplum:
899 2440 990 2470 non
1006 2425 1122 2471 solus
1143 2435 1290 2473 autem
1311 2427 1422 2487 bap-

36 2493 189 2538 tizatus
213 2501 276 2536 est
296 2493 352 2537 ab
374 2507 425 2537 eo
443 2527 454 2545 ‚
485 2507 540 2536 ne
563 2493 803 2552 baptismus
827 2496 1007 2540 Joannis
1029 2495 1183 2542 melior
1206 2496 1421 2556 baptismo

84 2588 92 2604 ι
114 2573 204 2609 Jozin.
224 2589 268 2618 ιιι,
286 2577 340 2618 24.
355 2594 396 2601 ——-
423 2584 434 2600 ²
453 2578 567 2610 Matth.
584 2589 629 2618 ιιι,
648 2577 700 2609 15.
