1809 3173
378 127 462 166 389.
776 134 810 165 s.
846 135 1077 166 Aucus'rnu
1110 140 1290 168 Emscori

376 205 602 249 veritatem
625 211 669 247 et
688 202 845 255 vitam;
863 220 951 248 non
973 205 1056 249 hoc
1074 205 1152 249 tibi
1174 205 1346 250 dicitur.
1373 206 1496 263 Piger
1517 222 1641 264 surge
1656 242 1666 260 ‚
1692 208 1759 252 via

374 276 465 334 ipsa
488 273 544 318 ad
567 283 607 318 te
629 274 769 330 venit,
787 284 830 320 et
850 275 904 320 de
922 293 1075 321 somno
1097 279 1385 321 dormientem
1404 279 1621 332 excitavit,
1647 279 1680 323 si
1703 288 1760 322 ta-

375 361 475 389 men
497 345 698 390 excitavit
720 364 729 390 :
750 361 891 404 surge,
911 356 954 390 et
974 346 1165 390 ambula.
1189 352 1317 392 Forte
1332 349 1499 393 conaris
1517 349 1756 404 ambulare,

374 425 418 460 et
441 432 529 460 non
551 425 696 475 potes,
722 416 824 476 quia
847 416 997 461 dolent
1021 417 1167 475 pedes.
1194 418 1316 462 Unde
1346 419 1498 464 dolent
1526 419 1682 479 pedes?
1705 436 1760 464 an

368 486 552 546 jubente
575 486 750 531 avaritia
769 503 843 545 per
868 503 1016 545 aspera
1033 492 1346 533 cucurrerunt?
1362 490 1446 534 Sed
1469 492 1542 534 Dei
1566 491 1760 535 Verbum

373 558 539 602 sanavit
563 567 606 601 et
628 557 821 601 claudos.
851 561 963 601 Ecce
980 593 989 611 ‚
1013 559 1156 618 inquis
1173 594 1183 612 ‚
1202 575 1325 603 sanos
1350 560 1490 605 habeo
1512 562 1642 621 pedes
1657 597 1668 616 ,
1685 561 1761 605 sed

372 628 509 689 ipsam
527 629 641 672 viam
664 644 753 671 non
770 628 912 672 video.
936 628 1203 673 llluminavit
1223 639 1265 673 et
1283 647 1433 674 caecos.

432 702 489 744 X.
512 703 605 743 Hoc
630 708 770 742 totum
793 714 867 758 per
893 698 1022 742 fidem
1044 735 1054 755 ‚
1081 701 1275 759 quandiu
1295 700 1656 760 peregrinamura
1674 705 1761 746 Do-

372 771 493 815 mino
509 806 520 824 ,
542 779 767 813 manentes
788 769 833 813 in
855 786 1036 829 corpore
1064 789 1072 815 :
1098 787 1198 816 cum
1217 781 1363 815 autem
1391 772 1762 831 perambulaveri-

371 858 468 886 mus
488 842 601 886 viam
617 877 628 897 ‚
654 851 697 885 et
720 842 774 885 ad
799 842 933 900 ipsam
958 842 1139 901 patriam
1162 844 1427 898 venerimus,
1449 843 1556 904 quid
1578 845 1659 888 erit
1680 860 1761 888 no·
1806 850 1809 858 '

371 913 438 957 bis
459 913 633 957 laetius?
661 912 768 972 quid
797 913 878 956 erit
909 913 1030 957 nobis
1052 913 1247 957 beatius?
1270 915 1378 967 Quia
1402 914 1509 958 nihil
1530 916 1721 974 pacatius
1748 935 1756 960 :

371 983 481 1028 nihil
503 985 615 1028 enim
636 983 840 1027 adversus
869 984 1089 1028 hominem
1114 985 1358 1029 rebellabit.
1384 988 1510 1030 Nunc
1529 1002 1646 1040 vcro,
1672 985 1760 1030 fm-

371 1063 472 1110 tres,
497 1054 675 1099 difficile
695 1055 784 1098 sine
807 1055 894 1098 rixa
916 1071 1082 1099 sumus.
1106 1055 1175 1099 Ad
1191 1055 1470 1100 concordiam
1492 1056 1670 1116 quidem
1690 1073 1759 1102 vo-

371 1127 455 1170 cati
473 1141 645 1181 sumus,
663 1125 872 1185 jubemur
896 1141 1046 1184 pacem
1068 1126 1231 1169 habere
1248 1127 1360 1170 inter
1378 1142 1455 1171 nos
1475 1148 1485 1184 3
1511 1127 1564 1171 ad
1589 1128 1670 1171 hoc
1692 1144 1759 1172 co-

370 1199 567 1241 nandum
585 1207 663 1251 est,
682 1197 973 1256 omnibusque
995 1196 1223 1241 nitendum
1247 1198 1425 1252 viribus,
1452 1207 1500 1241 ut
1523 1198 1759 1257 aliquando

369 1270 594 1314 veniamus
616 1268 671 1312 ad
694 1267 1045 1327 perfectissimam
1069 1283 1217 1326 pacem
1242 1288 1250 1312 :
1276 1268 1407 1313 modo
1440 1279 1584 1312 autem
1612 1270 1758 1328 litiga-

370 1355 466 1384 mus
484 1339 742 1398 plerumque
769 1354 869 1382 cum
893 1340 953 1381 eis
969 1373 980 1392 ‚
1005 1338 1166 1398 quibus
1187 1339 1412 1383 consulere
1430 1339 1649 1384 volumus.
1680 1340 1758 1384 Ille

303 1412 309 1416 ’
369 1420 511 1465 errat,
534 1420 581 1454 tu
605 1411 667 1454 vis
692 1410 851 1453 ducere
872 1409 927 1453 ad
944 1410 1084 1466 viam3
1112 1411 1264 1453 resistit
1288 1411 1384 1464 tibi,
1406 1411 1547 1469 litigas
1575 1431 1584 1456 :
1604 1412 1758 1455 resistit

367 1497 562 1542 paganus
577 1517 587 1536 ,
612 1480 805 1540 disputas
827 1490 979 1524 contra
1009 1496 1174 1524 errores
1196 1480 1414 1524 idolorum
1447 1491 1490 1525 et
1513 1482 1756 1526 daemonio-

368 1570 467 1598 rum
493 1572 502 1599 :
528 1552 684 1597 resistit
714 1552 969 1605 haereticus,
1001 1551 1194 1611 disputas
1226 1561 1376 1596 contra
1413 1552 1514 1596 alias
1537 1552 1755 1597 doctrinas

367 1624 688 1669 daemoniorum
715 1642 724 1668 ε
749 1622 888 1666 malus
921 1623 1161 1667 catholicus
1193 1639 1282 1666 non
1316 1622 1411 1666 vult
1439 1622 1550 1667 bene
1582 1625 1752 1678 vivere,

367 1696 545 1756 corripis
573 1695 703 1739 etiam
722 1694 971 1738 interiorem
991 1692 1169 1737 tratrem
1192 1703 1318 1738 tuum
1338 1713 1346 1738 z
1373 1704 1518 1738 tecum
1542 1704 1688 1738 manet
1708 1695 1753 1738 in

364 1770 514 1823 domo,
539 1777 583 1811 et
604 1766 792 1826 perditas
812 1766 904 1810 vias
921 1765 1105 1825 quaerit3
1124 1775 1280 1809 aestuas
1301 1765 1527 1826 quomodo
1545 1767 1750 1824 corrigas,

363 1850 415 1885 ut
453 1839 508 1883 de
543 1838 620 1882 illo
657 1838 820 1881 bonam
856 1836 1068 1880 rationem
1104 1837 1289 1881 Domino
1317 1837 1548 1881 amborum
1579 1836 1748 1881 reddas.

363 1914 549 1965 Quantae
570 1908 767 1968 undique
790 1907 981 1950 rixarum
1005 1907 1310 1951 necessitates?
1330 1907 1594 1967 Plerumque
1623 1909 1752 1952 homo

366 1982 500 2027 taedio
523 1980 719 2034 affectus,
736 1978 842 2022 dicit
863 1977 980 2037 apud
996 1978 1299 2036 semetipsum:
1321 1978 1435 2031 Quid
1458 1978 1565 2022 mihi
1584 1988 1647 2023 est
1664 1979 1753 2036 pati

366 2053 721 2105 contradictores,
739 2050 827 2109 pati
848 2064 919 2093 eos
942 2048 1017 2108 qui
1041 2047 1231 2092 reddunt
1250 2048 1362 2092 mala
1387 2065 1465 2108 pro
1488 2050 1614 2093 bonis
1628 2052 1645 2092 ἶ)
1659 2053 1751 2108 Ego

366 2125 467 2169 volo
488 2122 735 2176 consulere,
759 2119 822 2163 illi
849 2118 1004 2163 volunt
1024 2119 1165 2178 perire
1190 2138 1199 2163 z
1225 2134 1435 2163 consumo
1456 2119 1589 2164 vitam
1608 2135 1749 2164 meam

367 2194 582 2254 litigando
599 2215 610 2251 3
626 2207 775 2252 pacem
791 2206 879 2234 uon
896 2189 1036 2233 habeo
1059 2189 1282 2234 :inimicos
1303 2190 1479 2249 insuper
1500 2189 1627 2244 facio,
1643 2206 1752 2250 quos

369 2267 530 2311 amicos
551 2265 712 2309 habere
733 2262 955 2314 deberem,
974 2260 1008 2303 si
1033 2260 1378 2304 benevolentiam
1401 2260 1664 2306 consulentis
1687 2272 1753 2306 at-

367 2336 620 2382 tenderent:
639 2332 747 2394 quid
769 2331 876 2376 mihi
892 2341 955 2375 est
975 2331 1054 2374 ista
1074 2331 1271 2389 perpeti?
1293 2330 1463 2374 redeam
1483 2330 1537 2374 ad
1560 2347 1644 2386 me,
1663 2347 1748 2376 me-

369 2423 471 2454 cum
490 2422 588 2461 ero,
615 2408 754 2450 Deum
783 2416 928 2446 meum
957 2400 1184 2445 invocabo.
1217 2400 1327 2444 Redi
1349 2401 1401 2445 ad
1428 2410 1467 2445 te
1499 2401 1666 2461 ipsum,
1690 2402 1752 2445 ibi

368 2477 535 2525 invenis
556 2476 692 2521 rixam
712 2491 722 2520 ι
746 2473 780 2519 si
801 2472 968 2532 coepisti
992 2475 1129 2517 Deum
1149 2470 1272 2532 sequi
1290 2503 1303 2527 ‚
1321 2471 1383 2516 ibi
1407 2471 1574 2518 invenis
1595 2472 1748 2518 rixam.
