1825 3214
307 215 348 240 m
383 211 555 241 somnis
588 211 870 241 sumentium
892 231 903 251 ‚
938 215 1082 242 ἰἰιΛςίη
1124 219 1163 242 x.
1372 207 1425 245 63

44 277 229 323 carnalia
249 277 473 337 sapiebant
498 297 506 322 :
530 278 602 322 ille
624 294 725 324 vero
750 278 1012 340 loquebatur
1031 281 1292 339 spiritaliter.
1324 283 1426 336 Quis

42 357 187 392 autem
210 358 352 408 posset
375 347 615 407 intelligere
632 348 687 393 de
714 365 802 409 quo
827 349 989 409 templo
1006 350 1212 394 dicebat?
1233 352 1315 397 Sed
1339 369 1425 397 non

42 417 231 464 multum
253 419 515 478 quaerimus3
534 434 610 478 per
634 418 950 477 Evangelistam
975 421 1099 464 nobis
1121 423 1306 479 aperuit,
1323 422 1429 467 dixit

41 488 96 533 de
113 504 202 549 quo
227 489 390 548 templo
406 489 596 534 diceret:
626 509 645 532 «
673 489 833 535 Solvite
852 490 1063 550 templum
1089 492 1170 536 hoc
1186 526 1197 546 ‚
1218 501 1261 535 et
1282 493 1327 536 in
1351 495 1428 536 tri-

44 578 64 602 »
99 560 180 605 bus
200 559 356 605 diebus
378 560 575 606 excitabo
591 560 1025 621 illud.Quadraginta
1041 572 1083 606 et
1100 578 1171 606 sex
1186 563 1308 608 annis
1330 564 1428 608 aedi-

46 648 66 671 »
101 630 278 675 ficatum
304 640 368 675 est
388 630 601 689 templum
621 666 632 686 ,
657 641 700 676 et
723 631 868 676 triduo
891 633 1114 677 suscitabis
1137 632 1279 677 illud?
1304 635 1428 679 Dice-

45 719 64 742 »
99 701 174 746 bat
189 711 360 756 autem,
382 703 440 746 ait
466 702 737 761 Evangelista
754 737 765 756 ‚
790 702 845 746 dc
868 703 1031 762 templo
1053 705 1244 762 corporis
1266 705 1330 749 sui
1353 708 1381 748 ².
1407 724 1425 746 »

40 773 97 816 Et
112 771 393 816 manitestum
411 782 490 823 est,
512 772 702 817 occisum
721 773 953 817 Dominum
975 784 1067 833 post
1081 775 1274 819 triduum
1292 791 1430 819 resur-

42 842 209 886 rexisse.
226 845 318 887 Hoc
337 842 468 887 modo
485 843 689 886 omnibus
703 844 828 888 nohis
849 853 1004 888 notum
1028 855 1090 888 est
1114 864 1122 889 2
1145 854 1188 888 et
1207 846 1242 890 si
1266 846 1428 890 Judaeis

42 912 239 958 clausum
259 923 344 967 est,
370 914 471 973 quia
495 913 596 957 ioris
617 923 732 958 stant
758 935 768 972 3
791 916 915 959 nohis
954 924 1097 960 tamen
1119 927 1317 975 apertum
1340 927 1424 972 est,

41 982 142 1042 quia
158 983 357 1028 novimus
373 985 415 1027 in
433 999 565 1043 quem
585 984 816 1029 credimus.
835 987 971 1044 Ipsius
994 985 1143 1045 templi
1166 986 1427 1032 solutionem

41 1062 85 1097 et
109 1054 514 1107 reaedificationem,
547 1056 835 1100 anniversaria
864 1056 1136 1101 solemnitate
1167 1059 1428 1103 celebraturi

41 1141 189 1170 sumus
213 1145 221 1171 :
255 1125 310 1170 ad
342 1142 472 1186 quam
496 1142 571 1172 vos
593 1128 896 1189 exhortamur,
923 1137 973 1171 ut
998 1130 1245 1188 praeparetis
1269 1145 1364 1184 VOS,
1396 1131 1429 1174 si

41 1197 117 1256 qui
139 1197 237 1242 estis
258 1199 585 1253 catechumeni,
620 1208 667 1243 ut
698 1199 914 1258 accipiatis
938 1201 1118 1258 gratiam
1147 1221 1155 1245 :
1187 1202 1276 1261 jam
1314 1217 1429 1246 nunc

43 1275 212 1326 tempus
235 1278 327 1323 est,
361 1270 452 1329 jam
473 1284 592 1314 nunc
630 1269 897 1330 parturiatur
934 1271 1054 1330 quod
1084 1280 1188 1316 tunc
1210 1282 1425 1316 nascatur.

42 1340 159 1396 Ergo
181 1339 292 1384 illud
320 1340 537 1384 novimus.

101 1411 180 1453 xl.
204 1409 289 1454 Sed
308 1408 422 1455 forte
440 1411 523 1455 hoc
540 1411 679 1455 exitur
695 1426 719 1455 a
741 1411 882 1467 nobis,
904 1421 1053 1456 utrum
1074 1412 1232 1457 haheat
1254 1413 1431 1474 aliquod

43 1489 364 1524 sacramentum
387 1480 673 1541 quadraginta
697 1497 767 1526 sex
785 1483 907 1527 annis
920 1482 1183 1528 aedificatum
1201 1484 1427 1544 templum.

46 1551 156 1595 Sunt
176 1550 356 1611 quidem
379 1551 516 1596 multa
535 1568 636 1612 quae
659 1553 758 1597 hinc
779 1552 866 1597 dici
891 1554 1054 1613 possint
1071 1575 1082 1611 3
1099 1554 1174 1598 sed
1196 1556 1315 1614 quod
1340 1556 1432 1599 hre-

42 1620 152 1665 viter
173 1620 259 1667 dici
283 1631 426 1682 potest
447 1631 491 1667 et
512 1621 637 1667 facile
658 1622 868 1682 intelligi,
909 1624 994 1668 hoc
1025 1624 1197 1668 interim
1227 1625 1427 1670 dicimus.

45 1693 232 1747 Fratres,
248 1691 434 1737 diximus
441 1694 548 1752 jam,
563 1693 642 1736 nisi
656 1691 800 1747 fallor,
818 1693 1020 1739 hesterno
1035 1695 1120 1749 die,
1138 1694 1278 1739 Adam
1292 1711 1431 1740 unum

45 1761 267 1807 hominem
298 1761 453 1818 fuisse,
486 1772 529 1808 et
556 1764 698 1823 ipsum
727 1778 817 1808 esse
839 1772 980 1808 totum
1009 1780 1145 1823 genus
1168 1766 1428 1811 humanum.

45 1827 154 1878 Nam
171 1834 229 1877 ita
241 1833 443 1888 diximus,
459 1834 492 1878 si
510 1834 803 1878 meministis2.
827 1834 957 1887 Quasi
971 1833 1134 1880 fractus
1146 1846 1225 1891 est,
1249 1847 1291 1881 et
1308 1854 1430 1897 spar-

45 1919 116 1948 sus
132 1903 374 1961 colligitur,
399 1914 442 1949 et
463 1908 583 1965 quasi
611 1905 827 1950 conflatur
848 1906 895 1950 in
912 1922 1052 1951 unum
1075 1908 1279 1953 societate
1300 1919 1432 1970 atque

46 1974 276 2020 concordia
286 1975 715 2034 spirituali.Etgemit
728 1991 841 2021 unus
856 1991 1023 2036 pauper
1031 1978 1161 2023 modo
1174 1979 1186 2021 i
1192 1995 1264 2038 pse
1274 1980 1427 2035 Adam,

47 2044 123 2090 sed
142 2044 188 2090 in
209 2046 381 2091 Christo
404 2045 637 2091 innovatur
662 2065 670 2090 ι
690 2047 790 2107 quia
813 2047 905 2092 sine
928 2058 1104 2107 peccato
1126 2051 1244 2094 venit
1267 2051 1430 2107 Adam,

47 2124 95 2160 ut
118 2125 346 2175 peccatum
377 2115 516 2161 Adam
537 2115 724 2161 solveret
751 2117 796 2162 in
818 2132 947 2162 carne
975 2134 1053 2163 sua
1070 2155 1080 2174 ,
1104 2131 1146 2164 et
1168 2130 1217 2165 ut
1241 2121 1433 2166 redinte-

47 2195 188 2244 graret
200 2185 280 2229 sibi
297 2184 438 2231 Adam
448 2185 681 2244 imaginem
694 2186 784 2231 Dei.
798 2190 858 2231 De
871 2186 1012 2232 Adam
1025 2204 1127 2248 ergo
1142 2206 1241 2235 caro
1250 2191 1409 2236 Christi
1424 2211 1432 2237 ε

47 2256 103 2302 de
123 2257 264 2302 Adam
281 2272 383 2315 ergo
401 2256 612 2317 templum
631 2256 751 2318 quod
773 2257 1081 2306 destruxerunt
1098 2264 1122 2306 J
1130 2261 1243 2307 udaei
1263 2298 1274 2319 ,
1299 2272 1343 2308 et
1364 2279 1434 2308 re—

47 2328 268 2374 suscitavit
280 2329 486 2374 Dominus
499 2329 659 2373 triduo.
674 2331 958 2376 Resuscitavit
970 2332 1083 2377 enim
1095 2348 1268 2379 carnem
1285 2350 1409 2380 suam
1423 2354 1431 2380 ι

48 2399 218 2455 videte,
241 2400 343 2460 quia
371 2402 485 2444 Deus
514 2408 606 2444 erat
626 2400 805 2460 aequalis
828 2403 958 2448 Patri.
994 2407 1165 2449 Fratres
1196 2406 1300 2461 mei,
1329 2406 1436 2451 dicit

50 2469 307 2530 Apostolus:
337 2470 451 2524 «Qui
467 2485 567 2515 eum
589 2471 790 2516 excitavit
812 2487 837 2517 a
859 2473 1092 2520 mortuis.»
1115 2479 1176 2521 De
1197 2491 1286 2536 quo
1304 2475 1435 2522 dicit?

100 2561 108 2578 ¹
122 2557 214 2589 Joan.
234 2566 270 2599 ιι,
288 2563 343 2589 21.
358 2573 400 2580 —
416 2563 429 2579 ²
445 2558 480 2589 In
499 2557 654 2600 superiori
671 2559 838 2591 Tractatu.
