1825 3214
269 242 308 267 m
344 238 518 267 sommis
552 238 833 267 cunci-:mum
851 257 861 277 ,
895 240 1041 267 'mama
1083 244 1175 267 xm.
1341 234 1419 269 113

40 305 122 348 mei
149 323 158 349 :
186 314 340 363 praeter
363 304 573 348 unitatem
605 314 650 349 ct
671 305 749 364 qui
774 304 877 348 facit
911 305 1114 348 miracula
1142 305 1247 348 ιιιΙιιΙ
1271 315 1344 352 cst.
1372 311 1423 351 In

40 375 206 419 unitate
219 375 335 419 enim
348 384 439 420 erat
458 374 646 434 populus
664 374 809 429 Israel,
824 384 867 418 et
882 390 970 419 non
986 374 1175 419 faciebat
1194 376 1420 421 miracula:

39 455 195 504 praetcr
217 446 427 490 unitatem
448 454 572 489 erant
589 446 700 503 magi
721 446 954 490 Pharaonis
973 480 984 499 ‚
1010 453 1052 488 et
1075 445 1295 490 faciebant
1315 445 1426 491 simi-

38 514 93 560 lia
126 517 310 573 Moysi‘.
339 516 530 576 Populus
566 515 724 571 Israel,
754 525 804 560 ut
833 515 949 571 dixi,
982 531 1071 561 non
1101 515 1289 560 faciebat
1317 535 1326 560 ε
1352 518 1425 576 qui

38 597 160 631 erant
182 588 286 632 salvi
312 589 430 647 apud
449 591 610 643 Deum,
641 588 717 648 qui
736 588 954 632 faciebant
974 623 985 642 ‚
1012 603 1066 632 an
1089 588 1165 647 qui
1188 602 1274 632 non
1296 586 1426 632 lacie-

38 659 179 703 bant?
208 663 358 704 Petrus
392 659 612 719 apostolus
646 660 916 704 resuscitavit
951 663 1241 704 mortuum²:
1281 660 1427 704 Simon

40 745 187 789 magus
210 731 313 776 fecit
334 732 497 776 multa³
524 752 533 777 :
559 742 683 777 erant
704 733 764 776 ibi
781 733 962 792 quidam
984 732 1217 778 Christiani
1240 732 1315 792 qui
1338 747 1426 776 non

39 811 239 860 poterant
276 802 416 847 lacere
431 838 441 857 ‚
464 818 544 847 nec
566 802 686 862 quod
708 802 896 848 faciebat
919 807 1096 859 Petrus,
1123 818 1202 847 nec
1224 802 1346 863 quod
1367 801 1429 846 fa-

38 874 181 918 ciebat
204 874 352 918 Simon
377 910 388 931 ,
413 873 488 918 scd
513 874 630 919 unde
653 874 937 933 gaudebant?
958 876 1059 935 quia
1078 874 1255 920 nomina
1278 889 1429 919 eorum

39 953 162 988 erant
185 945 344 1004 scripta
364 945 409 989 in
426 945 554 990 coelo.
576 948 684 992 Nam
708 956 751 991 et
770 946 1052 991 redeuntibus
1075 946 1318 1005 discipulis,
1345 949 1430 990 Do-

39 1015 183 1060 minus
205 1024 351 1060 noster
383 1018 508 1062 ‚Jesus
540 1017 738 1062 Christus
776 1026 953 1076 propter
976 1017 1106 1062 fidem
1127 1017 1323 1075 gentium
1348 1017 1429 1061 hoc

41 1086 112 1130 ait.
136 1087 347 1131 Dixerunt
369 1087 484 1131 enim
509 1086 742 1145 gloriantes
769 1088 849 1146 ipsi
871 1086 1073 1146 discipuli
1096 1105 1104 1131 ε
1130 1106 1150 1128 «
1173 1089 1283 1130 Ecce
1301 1121 1311 1139 ‚
1343 1090 1428 1131 Do-

43 1175 62 1197 »
98 1157 242 1212 mine,
278 1158 322 1200 in
360 1157 536 1202 nomine
575 1166 653 1201 tuo
687 1158 818 1202 etiam
840 1156 1057 1202 daemonia
1079 1157 1205 1201 nobis
1235 1157 1431 1215 subjecta

42 1245 62 1268 »
97 1236 245 1272 sunt.»
259 1230 374 1272 Bene
395 1227 575 1288 quidem
597 1227 783 1273 confessi
803 1237 921 1282 sunt,
939 1228 1196 1273 detulerunt
1220 1228 1431 1272 honorem

39 1298 206 1343 nomini
236 1298 396 1343 Christi
426 1317 433 1342 :
465 1308 509 1342 ct
544 1308 689 1344 tamen
720 1298 829 1359 quid
864 1299 922 1343 ait
952 1300 1044 1343 eis?
1073 1317 1092 1341 «
1117 1298 1261 1344 Nolite
1283 1299 1326 1342 in
1349 1299 1432 1342 hoc

44 1389 62 1410 »
99 1369 293 1427 gloriari,
321 1370 422 1430 quia
444 1369 660 1415 daemonia
680 1370 802 1416 vobis
838 1371 1031 1430 subjecta
1069 1380 1193 1424 sunt,
1219 1369 1294 1414 sed
1324 1385 1432 1429 gau-

43 1457 62 1479 »
97 1438 226 1494 dete‚·
248 1442 348 1500 quia
384 1441 560 1485 nomina
581 1450 719 1486 vestra
745 1442 904 1501 scripta
928 1450 1029 1486 sunt
1052 1441 1097 1484 in
1119 1440 1233 1485 coelo
1250 1441 1280 1483 ⁴.
1311 1460 1330 1482 »
1352 1443 1431 1484 Pe-

42 1517 131 1553 trus
153 1509 368 1554 daemonia
386 1510 567 1555 exclusit
585 1532 595 1568 3
620 1514 764 1556 nescio
786 1527 886 1572 quae
909 1510 1080 1555 anicula
1104 1510 1235 1554 vidua
1252 1545 1263 1564 ,
1290 1510 1432 1554 nescio

37 1580 134 1639 quis
151 1580 284 1625 homo
307 1580 638 1642 qualiscumque
652 1581 791 1627 laicus
805 1582 970 1626 habens
990 1582 1261 1634 charitatem,
1282 1589 1432 1623 tenens

37 1650 331 1708 integritatem
348 1650 471 1705 fidei,
498 1666 589 1695 non
606 1650 710 1695 facit
732 1652 816 1696 hoc
842 1671 850 1696 ε
876 1655 1027 1695 Petrus
1051 1651 1096 1694 in
1118 1665 1300 1709 corpore
1323 1666 1430 1694 ocu-

35 1717 102 1763 lus
126 1729 212 1774 est,
240 1719 313 1764 ille
335 1721 380 1764 in
403 1736 585 1780 corpore
607 1721 793 1779 digitus3
823 1722 869 1765 in
902 1736 953 1766 eo
978 1730 1125 1766 tamen
1142 1735 1323 1779 corpore
1342 1729 1427 1774 est,

37 1789 82 1833 in
97 1805 185 1849 quo
207 1799 251 1834 et
269 1794 421 1834 Petrus
448 1809 456 1835 ;
482 1800 525 1835 et
546 1791 580 1835 si
604 1791 747 1835 minus
765 1791 881 1835 valet
906 1790 1068 1850 digitus
1090 1805 1221 1850 quam
1248 1789 1400 1834 oculus
1416 1825 1427 1844 ,

38 1874 128 1903 non
149 1868 213 1904 est
235 1869 381 1904 tamen
407 1861 608 1919 praecisus
631 1875 654 1904 a
675 1859 1040 1919 corpore.Melius
1055 1868 1223 1904 estesse
1246 1859 1430 1919 digitum

37 1937 81 1974 et
102 1944 191 1974 esse
208 1929 253 1973 in
274 1945 455 1989 corpore
477 1945 609 1991 quam
632 1945 721 1975 esse
742 1929 922 1976 oculum
939 1939 983 1974 et
999 1929 1126 1975 evelli
1153 1929 1208 1974 de
1230 1945 1426 1989 corpore.

94 2001 262 2044 XVIII.
290 2000 501 2056 Proinde,
542 2001 696 2045 fratres
730 2001 838 2055 mei,
863 2015 994 2046 nemo
1021 2015 1098 2045 vos
1121 1998 1244 2044 fallat
1264 2035 1274 2055 ‚
1301 2014 1428 2044 nemo

20 2066 112 2114 'vos
133 2070 313 2115 seducat
339 2090 347 2114 :
375 2080 515 2116 amate
539 2086 691 2131 pacem
716 2071 900 2127 Christi,
931 2071 1007 2132 qui
1030 2085 1109 2131 pro
1141 2070 1265 2115 vobis
1287 2071 1426 2116 cruci-

36 2141 145 2185 fixus
162 2150 247 2195 est,
271 2157 372 2186 cum
387 2145 502 2186 Deus
524 2151 648 2187 esset.
675 2140 837 2188 Paulus
854 2142 1018 2188 dicitz«
1035 2145 1186 2203 Neque
1209 2142 1286 2203 qui
1301 2141 1424 2202 plan-

39 2229 59 2253 »
88 2219 151 2256 tat
165 2220 228 2255 est
244 2210 424 2272 aliquid,
436 2227 579 2272 neque
591 2212 807 2272 quirigat,
825 2212 901 2257 sed
914 2213 989 2273 qui
1010 2213 1330 2257 incrementum
1352 2210 1423 2256 dat

42 2302 59 2323 ι)
94 2284 250 2326 Deus⁵.
273 2301 293 2324 n
327 2285 384 2327 Et
411 2283 643 2343 quisquam
665 2292 861 2328 nostrum
884 2283 990 2329 dicit
1018 2283 1120 2344 quia
1144 2283 1310 2343 aliquid
1332 2284 1422 2326 est?

39 2351 82 2397 Si
104 2351 338 2396 dixerimus
360 2353 461 2413 quia
484 2352 651 2414 aliquid
679 2368 848 2409 sumus,
884 2363 928 2398 et
949 2369 1039 2399 non
1061 2352 1122 2397 illi
1145 2353 1322 2412 gloriam
1345 2351 1422 2396 dc-

37 2420 227 2466 derimus
246 2457 257 2478 ,
283 2422 469 2468 adulteri
491 2438 640 2468 sumus
662 2443 670 2469 2
697 2439 774 2469 nos
796 2425 930 2469 amari
946 2423 1164 2479 νοΙιιιῐιιιε,
1187 2440 1273 2469 non
1293 2438 1421 2482 spon,

83 2525 92 2540 ¹
114 2519 213 2550 Exod.
241 2529 301 2559 vn,
323 2528 374 2560 12,
396 2523 428 2551 et
447 2531 562 2561 v1n,7.
585 2536 625 2543 —
645 2526 656 2543 ²
678 2522 750 2553 Act.
772 2531 817 2562 ix,
840 2520 895 2562 40.
916 2536 949 2544 -
979 2518 1057 2553 ³1d.
1079 2531 1144 2561 viu,
1167 2530 1215 2552 10.
1243 2535 1283 2540 -
1302 2517 1317 2546 4
1339 2519 1415 2548 Luc-

36 2583 139 2615 x,19‚
155 2578 220 2607 etc.
245 2591 282 2597 -
302 2573 316 2596 ⁵
340 2587 349 2606 1
376 2577 448 2608 Cor.
470 2587 518 2616 ιιι,
539 2586 568 2615 7.

223 2638 362 2668 cxxn.
1259 2626 1283 2663 8
