1825 3214
305 244 346 269 ιΝ
382 240 554 269 JOANNts
586 237 892 279 nvAncmmM,
928 240 1074 269 TRACT.
1112 244 1235 270 xum.
1375 230 1458 269 4753

75 308 190 352 dem.
222 327 241 349 «
276 311 370 353 Non
393 308 506 351 enim
530 307 718 361 dormit,
754 323 896 367 neque
929 308 1134 353 dormitat
1165 310 1240 369 qui
1271 309 1460 354 custodit

76 398 95 421 n
134 380 288 424 Israel¹
319 400 327 424 :
357 399 375 420 η
397 389 460 433 et,
487 398 503 421 (ι
527 380 613 424 Nisi
640 381 846 424 Dominus
870 382 1123 425 custodierit
1146 382 1389 437 civitatem,
1416 383 1460 426 in

75 468 95 491 υ
130 467 290 495 vanum
309 451 552 509 vigilabunt
575 452 650 512 qui
673 450 926 495 custodiunt
944 455 976 494 ².
1005 474 1020 492 »
1048 455 1123 495 Est
1143 467 1245 511 ergo
1268 452 1337 496 ille
1360 469 1461 497 cus·

74 530 137 565 tos
172 531 343 577 noster,
385 523 460 582 qui
495 531 662 566 creator
698 531 857 567 noster.
883 525 996 567 Num
1036 523 1150 566 enim
1176 523 1385 582 pertinuit
1407 524 1460 568 ad

71 607 170 636 eum
203 601 252 636 ut
278 591 611 647 redimeremur,
638 602 680 637 et
704 609 792 638 non
817 593 1054 652 pertineret
1079 602 1127 637 ut
1161 597 1461 638 servaremur?

71 663 269 723 Denique
290 673 339 708 ut
358 663 526 723 plenius
550 664 753 710 noveritis
775 664 1028 721 mysterium
1054 679 1188 724 quare
1211 679 1254 708 se
1280 666 1462 708 Samari-

72 743 223 778 tanum
259 750 416 794 negare
446 751 532 778 non
565 735 742 789 debuit,
771 735 1023 795 parabolam
1048 734 1165 779 illam
1195 736 1460 779 notissimam

72 804 309 859 attendite,
342 805 418 849 ubi
451 806 582 850 homo
617 805 795 866 quidam
825 806 1118 851 descendebat
1145 806 1199 850 ab
1222 806 1460 851 Jerusalem

72 876 114 919 in
133 876 322 931 Jerieho,
349 886 391 920 et
413 877 565 921 incidit
587 878 631 921 in
654 877 857 933 latrones,
885 879 958 938 qui
977 894 1075 922 eum
1101 879 1286 937 graviter
1306 878 1460 922 vulne-

72 956 239 1002 rantes,
261 949 514 992 semivivum
538 948 581 992 in
600 949 666 992 via
690 949 962 1009 reliquerunt
977 951 1008 992 ³.
1038 949 1222 994 Transiit
1244 950 1458 1004 sacerdos,

70 1019 262 1077 neglexit
285 1035 384 1063 eum
413 1039 421 1065 :
448 1021 616 1064 transiit
639 1021 831 1075 Levites,
857 1030 900 1065 et
918 1021 1009 1081 ipse
1031 1022 1239 1081 prafteriit
1262 1043 1270 1067 ;
1294 1023 1462 1067 transiit

69 1092 247 1150 quidam
270 1093 583 1147 Samaritanus,
608 1095 698 1153 ipse
721 1103 784 1138 est
802 1103 946 1139 custos
970 1103 1116 1138 noster
1134 1131 1144 1149 ‚
1171 1095 1262 1154 ipse
1285 1095 1461 1139 accessit

69 1161 124 1205 ad
145 1163 357 1216 saucium,
381 1163 470 1222 ipse
493 1163 707 1223 impendit
725 1164 1079 1220 misericordiam,
1106 1165 1234 1225 eique
1256 1181 1300 1210 se
1324 1181 1460 1225 praes-

69 1233 156 1276 titit
175 1232 438 1291 proximum,
456 1250 583 1294 quem
607 1250 694 1278 non
714 1235 941 1294 deputavit
955 1235 1159 1279 alienum.
1174 1237 1241 1279 Ad
1260 1237 1342 1279 hoe
1358 1251 1461 1295 ergo

68 1302 210 1347 solum
233 1303 354 1363 quod
375 1303 641 1348 daemonium
672 1321 761 1349 non
784 1306 990 1361 haberet,
1017 1321 1106 1351 non
1135 1315 1282 1350 autem
1316 1322 1361 1351 se
1386 1309 1461 1351 Sa-

68 1375 330 1418 maritanum
351 1390 438 1419 non
463 1390 552 1419 esse
575 1375 811 1435 respondit.

140 1448 222 1489 111.
262 1445 427 1489 Deinde
455 1456 551 1505 post
583 1445 669 1490 tale
702 1446 971 1501 convicium,
998 1447 1081 1491 hoc
1107 1447 1249 1491 solum
1272 1446 1382 1491 dixit
1404 1447 1459 1492 cle

68 1515 201 1574 gloria
223 1531 298 1560 sua
326 1535 334 1560 z
361 1535 380 1558 ι(
409 1517 492 1560 Sed
516 1517 756 1562 honorifico
773 1553 783 1571 ,
816 1518 988 1577 inquit,
1015 1521 1187 1562 Patrem
1216 1530 1361 1561 meum
1379 1553 1390 1574 ,
1415 1528 1458 1563 et

71 1605 90 1627 »
126 1601 202 1631 vos
234 1587 524 1632 inhonorastis
548 1603 616 1631 me
631 1590 662 1631 ⁴.
692 1607 712 1629 »
743 1591 833 1632 Hoc
854 1597 942 1642 est,
964 1591 1058 1647 Ego
1081 1604 1150 1632 me
1168 1604 1257 1632 non
1280 1589 1458 1633 honori-

67 1657 166 1711 fico,
192 1673 247 1701 ne
265 1658 386 1702 vobis
405 1674 608 1717 arrogans
630 1658 792 1714 videar,
823 1659 964 1703 liabeo
986 1674 1118 1719 quem
1140 1660 1423 1704 honorificem
1444 1680 1452 1705 :

65 1727 140 1772 sed
161 1729 195 1772 si
218 1744 292 1772 vos
318 1744 385 1772 me
408 1730 696 1788 agnosceretis
712 1765 723 1784 ,
750 1731 861 1773 sicut
884 1745 962 1787 ego
985 1731 1228 1775 honorifico
1253 1734 1423 1775 Patrem
1441 1766 1452 1787 ,

64 1799 122 1843 sic
141 1809 183 1844 et
205 1815 279 1843 vos
310 1800 653 1843 honorificaretis
677 1816 745 1844 me
767 1820 775 1844 :
805 1815 884 1858 ego
907 1800 1018 1845 facio
1042 1802 1163 1861 quod
1185 1801 1352 1858 debeo,
1379 1818 1454 1848 vos

63 1886 152 1915 non
176 1870 313 1915 facitis
332 1871 452 1931 quod
475 1871 658 1915 debetis.

123 1944 196 1985 IV.
228 1961 245 1982 «
283 1945 373 2000 Ego
396 1952 538 1985 autem
559 1977 568 1996 ,
596 1943 767 2002 inquit,
794 1958 883 1987 non
905 1959 1055 2003 quaero
1075 1944 1254 2002 gloriam
1278 1960 1418 1990 meam
1438 1981 1449 2001 ,

65 2030 84 2052 »
120 2021 183 2056 est
211 2012 286 2072 qui
309 2022 476 2071 quaerat
498 2022 541 2056 et
558 2013 725 2072 judicet
743 2015 773 2056 ⁵.
798 2033 817 2055 ι)
839 2017 980 2067 Quem
1004 2015 1100 2059 vult
1127 2015 1313 2074 intelligi
1333 2051 1344 2071 ,
1370 2017 1451 2061 nisi

62 2084 268 2126 Patrem?
289 2082 520 2134 Quomodo
549 2098 649 2140 ergo
674 2083 757 2128 alio
778 2083 875 2128 loco
902 2084 1005 2128 dicit
1033 2103 1041 2130 :
1071 2104 1090 2127 «
1118 2088 1244 2129 Pater
1270 2102 1357 2130 non
1374 2088 1450 2146 ju-

67 2173 83 2193 »
120 2151 235 2196 dicat
256 2169 540 2212 quemquam,
561 2154 633 2196 sed
650 2169 779 2198 omne
795 2155 1010 2214 judicium
1034 2155 1155 2200 dedit
1176 2156 1315 2200 Filio6
1337 2177 1344 2201 :
1364 2177 1383 2199 »
1407 2167 1450 2203 et

61 2223 130 2267 hic
152 2224 257 2267 dicit
280 2243 288 2267 :
319 2243 338 2265 «
366 2227 459 2267 Non
480 2240 629 2283 qufero
647 2224 825 2282 gloriam
847 2242 983 2269 meam
1003 2262 1013 2281 ,
1041 2236 1103 2270 est
1125 2228 1201 2287 qui
1219 2238 1385 2288 quaerat
1407 2239 1450 2273 et

64 2312 83 2334 »
114 2294 309 2353 judicet?
336 2313 354 2335 υ
380 2295 420 2340 Si
444 2295 726 2355 ergojudicat
752 2300 877 2340 Pater
893 2332 903 2351 ,
934 2297 1156 2357 quomodo
1174 2314 1260 2343 non
1279 2301 1449 2359 judicat

59 2381 325 2425 quemquam
344 2401 354 2417 ,
374 2366 448 2409 sed
467 2382 595 2410 omne
608 2366 821 2426 judicium
845 2367 966 2413 dedit
989 2369 1132 2413 Filio?

119 2437 171 2478 V.
187 2438 309 2480 Hanc
331 2437 616 2496 quaestionem
639 2447 688 2481 ut
710 2437 927 2483 solvamus
946 2474 956 2494 ,
977 2439 1209 2484 attendite:
1231 2440 1358 2484 simili
1382 2440 1449 2485 lo-

108 2541 116 2556 ¹
138 2533 219 2566 Psal.
240 2545 311 2576 cxx,
329 2533 360 2576 4.
381 2551 423 2558 -—-
445 2542 458 2558 ²
478 2536 524 2568 Id.
549 2547 655 2578 cxxvi,
674 2548 702 2568 1.
723 2554 763 2559 —
788 2535 800 2559 3
820 2539 896 2570 Luc.
918 2548 951 2580 x,
972 2538 1024 2571 30.
1045 2556 1085 2561 —
1104 2538 1118 2568 4
1139 2541 1229 2571 Joan.
1250 2550 1315 2581 vni,
1335 2539 1444 2582 49,—

62 2587 169 2622 ⁵1bid.
190 2589 243 2622 50.
263 2607 304 2613 —
323 2588 455 2632 61d.v‚
475 2599 528 2623 22.
