1825 3214
638 538 933 624 INDEX

133 849 302 898 ΤΟΜῙ
357 845 717 897 CENTESIMI
785 844 1418 899 VIGESIMI·SEGUN1)1.

341 1233 409 1278 IN
444 1228 724 1278 JOANNIS
759 1229 1208 1279 EVANGELIUM

558 1398 855 1439 TRACTATUS
882 1399 988 1437 I-VI.

105 1556 286 1590 'suern-cs
332 1563 390 1585 vn.
419 1551 468 1584 Ab
495 1561 532 1582 eo
557 1547 652 1595 quod
665 1549 828 1590 scriptum
854 1555 906 1580 est
920 1565 929 1580 ε
948 1549 987 1580 Et
1005 1556 1063 1590 ego
1078 1547 1163 1589 vidi,
1180 1552 1215 1581 et
1232 1548 1378 1582 testimo-

461 1606 549 1638 nium
571 1602 739 1648 perhibui,
770 1601 844 1646 quia
866 1603 920 1636 hic
942 1607 990 1636 est
1006 1603 1098 1636 Filius
1118 1604 1197 1645 Dei3
1216 1614 1320 1649 usque
1335 1604 1385 1637 ad

461 1660 521 1699 id,
536 1662 639 1693 Amen
654 1659 728 1691 dico
741 1658 833 1691 vobis
844 1682 854 1698 ,
876 1658 1026 1691 videbitis
1039 1659 1152 1692 coelum
1169 1664 1315 1703 apertum
1326 1683 1336 1701 ,
1349 1663 1385 1693 et

461 1715 599 1757 Angebs
630 1714 839 1748 ascendentes
865 1718 899 1746 et
925 1714 1158 1748 descendentes
1181 1724 1277 1757 super
1304 1714 1382 1748 filios

460 1770 605 1804 hominis.
1300 1780 1380 1812 pag.

322 1819 395 1862 hm.
420 1826 470 1861 Ab
493 1837 532 1858 eo
560 1824 742 1867 Evangcffi·
765 1823 843 1856 Ioco
858 1833 870 1854 t
891 1825 931 1856 Et
953 1823 1006 1857 die
1031 1825 1127 1857 tertia
1152 1823 1270 1867 nuptioe
1288 1824 1383 1858 factae

459 1886 534 1916 sunt
551 1882 583 1914 in
608 1882 694 1914 Cana
711 1878 844 1914 Galilaeoe
865 1892 874 1913 ι
890 1891 998 1926 usque
1013 1879 1063 1913 ad
1075 1880 1116 1913 id
1128 1898 1137 1913 .-
1159 1880 1239 1919 Quid
1255 1880 1332 1914 mihi
1349 1885 1383 1914 et

460 1938 522 1972 tibi
538 1942 588 1970 est
605 1934 741 1969 mulier?
757 1936 904 1968 Nondum
918 1936 1011 1968 venit
1028 1935 1108 1969 hora
1125 1946 1209 1969 mea.

351 2004 397 2030 n.
424 1994 460 2028 In
477 1993 624 2027 eamdem
645 1990 809 2032 Evangelii
831 1989 1024 2023 lectionem·
1036 1990 1120 2029 Quid
1135 1990 1277 2033 mysterii
1288 1991 1330 2025 sit
1348 1993 1380 2027 in

460 2047 617 2082 miraculo
633 2046 723 2079 facto
734 2046 766 2078 in
782 2044 897 2088 nuptiis
914 2046 999 2088 apud
1014 2047 1099 2079 Cana
1111 2045 1255 2080 Galilaeae.

358 2116 390 2140 x.
417 2105 467 2138 Ab
489 2115 528 2137 eo
557 2101 741 2145 Evangelii
760 2101 835 2134 Ioco
857 2118 866 2134 .-
884 2103 960 2134 Post
982 2100 1051 2134 haec
1070 2101 1233 2135 descendit
1256 2102 1297 2135 ad
1316 2103 1382 2135 Ca-

458 2159 637 2203 phanaum
652 2157 723 2200 ipse
739 2161 774 2189 et
796 2161 899 2190 mater
918 2156 1008 2198 ejus,
1032 2164 1115 2196 etc„
1134 2168 1237 2200 usque
1257 2156 1307 2190 ad
1321 2156 1379 2200 id,

459 2215 516 2249 Ille
537 2218 646 2247 autem
660 2212 795 2245 dicebat
808 2211 852 2245 de
863 2212 987 2256 templo
999 2212 1142 2255 corporis
1157 2212 1216 2245 sui.

350 2283 397 2306 ιι.
421 2271 470 2305 Ab
494 2278 533 2303 eo
559 2267 652 2315 quod
683 2267 844 2310 scriptum
866 2275 918 2301 esc
934 2285 945 2300 e
962 2270 1043 2301 Cum
1059 2271 1269 2301 autem·esset
1285 2269 1379 2302 Jero-

461 2326 588 2369 solymis
603 2326 638 2359 in
650 2323 770 2358 Pascha
782 2324 816 2356 in
832 2325 886 2358 die
898 2324 1004 2368 festo,
1022 2324 1116 2358 multi
1129 2324 1335 2358 crediderunt
1347 2325 1381 2358 in

464 2383 591 2416 nomine
604 2383 674 2423 ejus
685 2406 695 2423 ,
715 2392 820 2427 usque
837 2380 888 2413 ad
907 2381 958 2421 id,
976 2382 1039 2414 Nisi
1054 2381 1123 2424 quis
1140 2385 1268 2414 renatus
1283 2380 1381 2413 fuerit

460 2451 499 2473 ex
515 2449 596 2482 aqua
612 2442 647 2471 et
665 2434 786 2481 spirim
798 2463 809 2481 ,
828 2448 892 2471 non
909 2443 1016 2483 potest
1033 2437 1170 2472 introire
1199 2437 1231 2471 in
1248 2446 1378 2480 regnum

461 2495 531 2530 Dei.

337 2562 395 2587 xn.
418 2553 468 2586 Ab
481 2564 521 2587 eo
537 2552 722 2598 Evangelii
735 2552 812 2586 loco
822 2553 933 2592 ‚Quod
950 2558 1059 2588 natum
1074 2556 1128 2588 est
1137 2552 1178 2589 de
1194 2562 1291 2588 carne
1302 2558 1378 2590 earo

1427 1938 1469 1971 25

1425 2050 1467 2082 39

1426 2216 1467 2247 53

1425 2497 1467 2529 66
