1825 3214
264 266 304 290 m
340 263 510 290 summis
544 261 851 296 eunomium,
886 260 1031 286 TRACT.
1072 261 1179 287 xvii.
1334 247 1420 285 460

38 331 122 383 cit,
150 331 191 373 in
210 329 371 388 tempto
393 329 628 387 cognoscit.
653 327 851 371 Pervenit
870 340 972 383 ergo
996 323 1066 367 iile
1082 324 1135 368 ad
1156 326 1385 369 Dominum
1411 346 1417 369 :

39 400 146 445 vidit
168 415 266 444 eum
292 401 335 443 in
365 398 549 458 templo,
587 399 694 442 vidit
722 413 821 442 eum
859 398 900 440 in
924 395 1019 439 loco
1046 405 1233 449 sacrato,
1255 396 1297 439 in
1326 395 1422 440 loco

37 480 199 516 sancto.
231 474 283 514 Et
308 470 413 531 quid
437 471 491 514 ab
513 485 564 512 eo
587 470 740 513 audit?
761 488 778 509 «
807 471 918 511 Ecce
939 469 1028 526 jam
1047 481 1174 510 sanus
1195 466 1331 510 factus
1349 482 1392 508 es
1408 503 1417 517 ,

40 561 60 584 »
96 542 184 586 noli
209 557 400 601 peccare,
428 557 482 584 ne
504 542 612 601 quid
637 540 713 583 tibi
734 539 924 583 deterius
943 538 1182 596 contingat.
1223 556 1241 577 »

97 616 197 657 ΧΗ.
236 616 357 657 Τιιηε
383 612 479 664 ilie,
505 621 650 671 postea
672 625 802 671 quam
827 610 934 653 vidit
958 612 1103 652 Jesum
1120 644 1129 662 ,
1156 617 1198 652 et
1219 608 1423 664 cognovit

38 689 185 729 Jesum
205 693 426 727 auctorem
450 682 642 726 sanitatis
665 697 752 725 sure
770 717 779 734 ,
808 696 897 725 non
919 680 1004 724 fuit
1021 680 1142 739 piger
1165 679 1208 722 in
1233 693 1421 736 evange·-

38 754 209 799 lizando
231 769 362 814 quem
384 752 551 798 viderat
574 772 581 797 ;
612 772 630 793 «
653 752 796 807 Abiit,
818 760 860 795 et
880 751 1094 795 nuntiavit
1115 749 1297 803 Judaeis,
1320 749 1420 808 quia

39 844 59 867 »
96 828 218 869 Jesus
245 834 368 878 esset,
394 825 586 884 quicum
604 838 756 867 sanum
780 823 941 867 iecerat
965 825 992 865 ¹.
1027 840 1045 862 »
1079 819 1155 864 Ille
1184 820 1420 864 annuntia-

38 898 127 950 bat,
153 906 195 940 et
219 895 278 939 illi
296 896 568 939 insaniebant
591 915 598 939 ;
620 894 690 938 ille
708 894 890 938 salutem
909 909 1029 938 suam
1057 892 1339 952 praedicabat,
1359 891 1420 935 illi

36 967 220 1012 salutem
241 981 361 1010 suam
385 981 474 1010 non
496 966 768 1025 quaerebant.

93 1041 215 1083 xm.
246 1057 265 1080 «
294 1038 671 1098 Persequebantur
694 1035 835 1081 Judsei
859 1037 1092 1081 Dominum
1115 1037 1286 1089 Jesum,
1317 1035 1419 1094 quia

38 1127 58 1150 »
93 1110 186 1154 haec
209 1108 394 1154 faciebat
416 1110 460 1152 in
484 1109 666 1153 sabbato
689 1111 720 1151 '².
749 1130 764 1149 »
793 1106 907 1161 Quid
930 1121 1032 1166 ergo
1058 1107 1266 1150 Dominus
1289 1106 1420 1149 modo

35 1179 257 1240 respondit
285 1178 463 1233 Judaeis,
499 1179 741 1224 audiamus.
783 1181 842 1222 Dc
874 1177 984 1221 sanis
1014 1175 1135 1221 factis
1171 1175 1420 1220 hominibus

36 1250 236 1305 sabbato,
263 1249 348 1293 dixi
377 1250 484 1310 quid
518 1250 651 1294 soleat
685 1248 945 1308 respondere
963 1283 973 1302 ,
1000 1248 1101 1308 quia
1121 1249 1320 1307 jumenta
1344 1261 1420 1290 sua

35 1335 123 1364 non
146 1320 485 1365 contemnebant
507 1320 704 1373 sabbato,
730 1319 798 1362 vel
822 1317 1045 1362 liberando
1063 1316 1131 1361 vel
1162 1316 1334 1362 alendo.
1360 1320 1420 1361 De

34 1401 206 1451 portato
225 1392 404 1449 grabato
433 1390 539 1451 quid
565 1390 812 1450 respondit?
830 1388 1110 1435 Manifestum
1132 1404 1241 1449 opus
1262 1404 1418 1448 corpo-

36 1461 123 1505 rale
140 1461 302 1505 fuctum
322 1471 411 1506 erat
435 1471 534 1506 ante
557 1461 705 1506 oculos
729 1461 983 1505 Judaeorum
1012 1481 1020 1505 ε
1041 1476 1131 1505 non
1153 1461 1310 1504 sanitas
1327 1476 1420 1505 cor-

34 1533 171 1592 poris,
197 1532 270 1576 sed
300 1534 492 1592 operatio
515 1533 729 1592 corporis3
763 1548 862 1592 quae
890 1548 977 1576 non
1001 1531 1231 1576 videbatur
1254 1532 1312 1575 ita
1344 1547 1420 1575 ne·

35 1603 237 1657 cessaria,
271 1601 638 1662 quemadmodum
674 1602 846 1645 sanitas.
886 1607 1046 1661 Aperte
1078 1616 1181 1660 ergo
1211 1602 1420 1645 Dominus

36 1671 150 1716 dieat
177 1683 495 1717 sacramentum
530 1672 713 1726 sabbati,
752 1681 794 1715 et
817 1671 986 1730 signum
1011 1670 1268 1716 observandi
1291 1671 1419 1715 unius

36 1743 119 1786 diei
156 1742 210 1787 ad
246 1752 417 1802 tempus
444 1743 593 1787 datum
628 1758 717 1786 esse
747 1742 908 1786 Judaeis
945 1762 952 1786 :
989 1741 1287 1802 impletionem
1316 1757 1418 1787 vero

36 1812 172 1871 ipsam
208 1813 462 1857 sacramenti
494 1814 538 1856 in
561 1813 636 1856 illo
672 1813 850 1856 venisse.
891 1832 910 1854 «
938 1816 1063 1856 Pater
1083 1828 1226 1867 meus,
1252 1813 1415 1872 inquit,

39 1902 58 1924 n
95 1899 232 1943 usque
264 1885 396 1928 modo
431 1893 655 1942 operatur,
694 1893 737 1927 et
764 1899 842 1941 ego
873 1899 1028 1943 operor
1060 1885 1090 1926 ³.
1124 1884 1239 1928 Misit
1272 1885 1315 1927 in
1348 1899 1420 1929 eos

35 1969 243 2012 magnum
267 1954 529 2009 tumultum,
550 1954 738 1998 adventu
764 1955 935 1998 Domini
961 1954 1161 1998 turbatur
1179 1971 1288 2015 aqua
1316 1974 1324 1998 :
1344 1953 1419 1998 sed

38 2025 112 2083 qui
135 2024 296 2079 turbat,
322 2024 442 2068 latet.
472 2028 633 2068 Tamen
655 2023 872 2068 sanandus
894 2034 956 2068 est
980 2026 1154 2069 turbata
1173 2041 1283 2085 aqua
1307 2039 1421 2084 :eger

37 2109 150 2138 unus
169 2109 370 2151 magnus,
397 2109 519 2153 passo
545 2095 728 2139 Domino
751 2104 863 2139 totus
885 2095 1091 2140 mundus.

98 2167 214 2208 XIV.
241 2164 476 2209 Videamus
498 2180 598 2223 ergo
627 2167 948 2226 responsionem
973 2167 1172 2211 Veritatis
1206 2186 1214 2211 ε
1250 2185 1267 2206 «
1294 2170 1421 2211 Pater

0 2249 2 2279 τ
42 2252 62 2276 ι»
96 2251 218 2279 meus
244 2251 382 2296 usque
410 2235 542 2280 modo
571 2246 792 2295 operatur,
819 2246 861 2280 et
889 2252 967 2295 ego
996 2252 1164 2296 operor.
1195 2256 1214 2278 »
1244 2236 1419 2281 Falsum

0 2340 2 2383 Ρ

0 2386 3 2420 ι

0 2433 3 2511 ἐ

0 2532 5 2579 ἔ

0 2681 2 2702 ,

0 2725 8 2747 ,λ

0 2764 4 2891 ἑ

0 2301 2 2334 ἶ
39 2320 141 2365 ergo
173 2305 279 2350 dixit
317 2307 558 2366 Scriptura,
597 2308 698 2366 quia
739 2310 849 2350 Deus
882 2308 1093 2367 requievit
1126 2308 1180 2352 ab
1218 2308 1420 2353 omnibus

39 2377 241 2436 operibus
261 2378 346 2421 suis
370 2378 413 2420 in
441 2377 510 2421 die
533 2378 770 2436 septimo⁴?
793 2388 833 2422 et
854 2389 1002 2423 contra
1025 2381 1136 2422 hanc
1155 2380 1420 2439 Scripturam

39 2461 115 2506 per
148 2450 327 2505 Moysen
358 2448 663 2502 ministratam,
691 2448 884 2507 loquitur
906 2450 1114 2494 Dominus
1137 2453 1285 2505 Jesus,
1319 2465 1417 2495 cum

39 2516 128 2576 ipse
159 2516 275 2561 dicat
306 2517 468 2561 Judaeis
504 2538 512 2563 2
548 2538 568 2560 «
602 2519 642 2563 Si
667 2517 896 2563 crederetis
926 2520 1086 2576 Moysi,
1118 2519 1346 2564 crederetis
1377 2527 1419 2562 et

88 2602 202 2632 ¹·Ioau.
223 2611 256 2640 v,
284 2603 333 2633 15.
354 2618 394 2623 —
420 2601 530 2632 ²1th
559 2600 1043 2643 1G.--31bid.i7.—!⁴Gen
1078 2614 1110 2641 ιι,
1134 2612 1165 2634 2.
