<?xml version="1.0" encoding="UTF-8"?>
<!DOCTYPE html PUBLIC "-//W3C//DTD XHTML 1.0 Transitional//EN"
    "http://www.w3.org/TR/xhtml1/DTD/xhtml1-transitional.dtd">
<html xmlns="http://www.w3.org/1999/xhtml" xml:lang="en" lang="en">
 <head>
  <title>
</title>
<meta http-equiv="Content-Type" content="text/html;charset=utf-8" />
  <meta name='ocr-system' content='tesseract 3.04.00' />
  <meta name='ocr-capabilities' content='ocr_page ocr_carea ocr_par ocr_line ocrx_word'/>
</head>
<body>
  <div class='ocr_page' id='page_1' title='image "./operaomniaaccura15auguuoft_0226.png"; bbox 0 0 1809 3173; ppageno 0'>
   <div class='ocr_carea' id='block_1_1' title="bbox 359 212 1295 254">
    <p class='ocr_par' dir='ltr' id='par_1_1' title="bbox 359 212 1295 254">
     <span class='ocr_line' id='line_1_1' title="bbox 359 212 1295 254; baseline -0.004 0"><span class='ocrx_word' id='word_1_1' title='bbox 359 212 442 254; x_wconf 80' lang='lat'>214</span> <span class='ocrx_word' id='word_1_2' title='bbox 783 221 817 251; x_wconf 89' lang='lat' dir='ltr'>s.</span> <span class='ocrx_word' id='word_1_3' title='bbox 853 220 1083 252; x_wconf 69' lang='lat' dir='ltr'>Aucus&#39;nm</span> <span class='ocrx_word' id='word_1_4' title='bbox 1115 224 1295 252; x_wconf 77' lang='lat' dir='ltr'><strong>EPISCOPI</strong></span> 
     </span>
    </p>
   </div>
   <div class='ocr_carea' id='block_1_2' title="bbox 346 286 1807 1834">
    <p class='ocr_par' dir='ltr' id='par_1_2' title="bbox 350 286 1800 1269">
     <span class='ocr_line' id='line_1_2' title="bbox 359 286 1727 348; baseline -0.003 -14"><span class='ocrx_word' id='word_1_5' title='bbox 359 312 380 334; x_wconf 93' lang='lat'>«</span> <span class='ocrx_word' id='word_1_6' title='bbox 414 292 518 333; x_wconf 89' lang='lat' dir='ltr'>Esto</span> <span class='ocrx_word' id='word_1_7' title='bbox 531 296 782 332; x_wconf 88' lang='lat' dir='ltr'>mansuetus</span> <span class='ocrx_word' id='word_1_8' title='bbox 797 286 851 332; x_wconf 92' lang='lat' dir='ltr'>ad</span> <span class='ocrx_word' id='word_1_9' title='bbox 868 289 1137 332; x_wconf 90' lang='lat' dir='ltr'>audiendum</span> <span class='ocrx_word' id='word_1_10' title='bbox 1152 290 1350 345; x_wconf 85' lang='lat' dir='ltr'>verbum,</span> <span class='ocrx_word' id='word_1_11' title='bbox 1364 297 1412 333; x_wconf 89' lang='lat' dir='ltr'>ut</span> <span class='ocrx_word' id='word_1_12' title='bbox 1433 288 1686 348; x_wconf 80' lang='lat' dir='ltr'>intelligas1.</span> <span class='ocrx_word' id='word_1_13' title='bbox 1707 308 1727 330; x_wconf 87' lang='lat'>»</span> 
     </span>
     <span class='ocr_line' id='line_1_3' title="bbox 354 361 1732 420; baseline -0.001 -13"><span class='ocrx_word' id='word_1_14' title='bbox 354 367 465 408; x_wconf 91' lang='lat' dir='ltr'>Puta</span> <span class='ocrx_word' id='word_1_15' title='bbox 489 361 602 405; x_wconf 90' lang='lat' dir='ltr'>enim</span> <span class='ocrx_word' id='word_1_16' title='bbox 624 375 694 404; x_wconf 89' lang='lat' dir='ltr'>me</span> <span class='ocrx_word' id='word_1_17' title='bbox 708 361 1017 404; x_wconf 88' lang='lat' dir='ltr'>conturbatum</span> <span class='ocrx_word' id='word_1_18' title='bbox 1040 375 1128 404; x_wconf 90' lang='lat' dir='ltr'>esse</span> <span class='ocrx_word' id='word_1_19' title='bbox 1152 362 1216 405; x_wconf 88' lang='lat' dir='ltr'>his</span> <span class='ocrx_word' id='word_1_20' title='bbox 1232 362 1387 416; x_wconf 86' lang='lat' dir='ltr'>verbis,</span> <span class='ocrx_word' id='word_1_21' title='bbox 1408 361 1615 420; x_wconf 86' lang='lat' dir='ltr'>quoniam</span> <span class='ocrx_word' id='word_1_22' title='bbox 1635 361 1732 406; x_wconf 92' lang='lat' dir='ltr'>dico</span> 
     </span>
     <span class='ocr_line' id='line_1_4' title="bbox 355 431 1800 494; baseline -0.001 -17"><span class='ocrx_word' id='word_1_23' title='bbox 355 433 568 494; x_wconf 82' lang='lat' dir='ltr'>aequalem</span> <span class='ocrx_word' id='word_1_24' title='bbox 591 440 847 492; x_wconf 87' lang='lat' dir='ltr'>potestatem</span> <span class='ocrx_word' id='word_1_25' title='bbox 877 433 1231 491; x_wconf 84' lang='lat' dir='ltr'>majestatemque</span> <span class='ocrx_word' id='word_1_26' title='bbox 1262 448 1349 476; x_wconf 89' lang='lat' dir='ltr'>esse</span> <span class='ocrx_word' id='word_1_27' title='bbox 1371 432 1507 476; x_wconf 86' lang='lat' dir='ltr'>Patris</span> <span class='ocrx_word' id='word_1_28' title='bbox 1534 441 1577 476; x_wconf 87' lang='lat' dir='ltr'>et</span> <span class='ocrx_word' id='word_1_29' title='bbox 1614 431 1728 488; x_wconf 86' lang='lat' dir='ltr'>Filii,</span> <span class='ocrx_word' id='word_1_30' title='bbox 1793 457 1800 466; x_wconf 46' lang='grc' dir='ltr'><em>κ</em></span> 
     </span>
     <span class='ocr_line' id='line_1_5' title="bbox 353 501 1729 561; baseline -0.003 -12"><span class='ocrx_word' id='word_1_31' title='bbox 353 520 454 549; x_wconf 91' lang='lat' dir='ltr'>cum</span> <span class='ocrx_word' id='word_1_32' title='bbox 488 503 650 556; x_wconf 88' lang='lat' dir='ltr'>audivi,</span> <span class='ocrx_word' id='word_1_33' title='bbox 679 521 699 544; x_wconf 91' lang='lat'>«</span> <span class='ocrx_word' id='word_1_34' title='bbox 724 505 821 547; x_wconf 88' lang='lat' dir='ltr'>Non</span> <span class='ocrx_word' id='word_1_35' title='bbox 854 511 994 561; x_wconf 88' lang='lat' dir='ltr'>potest</span> <span class='ocrx_word' id='word_1_36' title='bbox 1017 501 1151 545; x_wconf 87' lang='lat' dir='ltr'>Filius</span> <span class='ocrx_word' id='word_1_37' title='bbox 1182 517 1204 544; x_wconf 91' lang='lat' dir='ltr'>a</span> <span class='ocrx_word' id='word_1_38' title='bbox 1227 517 1270 545; x_wconf 91' lang='lat' dir='ltr'>se</span> <span class='ocrx_word' id='word_1_39' title='bbox 1298 502 1439 547; x_wconf 87' lang='lat' dir='ltr'>facere</span> <span class='ocrx_word' id='word_1_40' title='bbox 1471 501 1729 561; x_wconf 83' lang='lat' dir='ltr'>quidquam,</span> 
     </span>
     <span class='ocr_line' id='line_1_6' title="bbox 357 570 1731 634; baseline -0.001 -17"><span class='ocrx_word' id='word_1_41' title='bbox 357 593 378 617; x_wconf 89' lang='lat'>»</span> <span class='ocrx_word' id='word_1_42' title='bbox 413 574 494 619; x_wconf 89' lang='lat' dir='ltr'>nisi</span> <span class='ocrx_word' id='word_1_43' title='bbox 521 573 641 634; x_wconf 87' lang='lat' dir='ltr'>quod</span> <span class='ocrx_word' id='word_1_44' title='bbox 667 572 825 616; x_wconf 83' lang='lat' dir='ltr'>viderit</span> <span class='ocrx_word' id='word_1_45' title='bbox 863 575 1033 615; x_wconf 86' lang='lat' dir='ltr'>Patrem</span> <span class='ocrx_word' id='word_1_46' title='bbox 1076 570 1324 614; x_wconf 78' lang='lat' dir='ltr'>facientem.</span> <span class='ocrx_word' id='word_1_47' title='bbox 1359 589 1378 612; x_wconf 69' lang='grc' dir='ltr'><strong>υ</strong></span> <span class='ocrx_word' id='word_1_48' title='bbox 1418 571 1635 614; x_wconf 81' lang='lat' dir='ltr'>Turbatus</span> <span class='ocrx_word' id='word_1_49' title='bbox 1666 572 1731 616; x_wconf 81' lang='lat' dir='ltr'>his</span> 
     </span>
     <span class='ocr_line' id='line_1_7' title="bbox 353 639 1729 703; baseline -0.003 -14"><span class='ocrx_word' id='word_1_50' title='bbox 353 645 495 690; x_wconf 85' lang='lat' dir='ltr'>verbis</span> <span class='ocrx_word' id='word_1_51' title='bbox 533 658 682 703; x_wconf 85' lang='lat' dir='ltr'>quaero</span> <span class='ocrx_word' id='word_1_52' title='bbox 710 642 797 685; x_wconf 83' lang='lat' dir='ltr'>abs</span> <span class='ocrx_word' id='word_1_53' title='bbox 815 650 879 695; x_wconf 87' lang='lat' dir='ltr'>te,</span> <span class='ocrx_word' id='word_1_54' title='bbox 911 640 987 699; x_wconf 86' lang='lat' dir='ltr'>qui</span> <span class='ocrx_word' id='word_1_55' title='bbox 1016 642 1105 699; x_wconf 84' lang='lat' dir='ltr'>jam</span> <span class='ocrx_word' id='word_1_56' title='bbox 1141 640 1221 683; x_wconf 89' lang='lat' dir='ltr'>tibi</span> <span class='ocrx_word' id='word_1_57' title='bbox 1250 640 1406 684; x_wconf 88' lang='lat' dir='ltr'>videris</span> <span class='ocrx_word' id='word_1_58' title='bbox 1434 639 1693 685; x_wconf 81' lang='lat' dir='ltr'>intellexisse</span> <span class='ocrx_word' id='word_1_59' title='bbox 1720 661 1729 686; x_wconf 90' lang='lat'>:</span> 
     </span>
     <span class='ocr_line' id='line_1_8' title="bbox 352 711 1730 771; baseline -0.004 -9"><span class='ocrx_word' id='word_1_60' title='bbox 352 717 562 762; x_wconf 90' lang='lat' dir='ltr'>Novimus</span> <span class='ocrx_word' id='word_1_61' title='bbox 591 715 635 757; x_wconf 92' lang='lat' dir='ltr'>in</span> <span class='ocrx_word' id='word_1_62' title='bbox 675 712 910 771; x_wconf 83' lang='lat' dir='ltr'>Evangelio</span> <span class='ocrx_word' id='word_1_63' title='bbox 940 711 1101 755; x_wconf 86' lang='lat' dir='ltr'>Filium</span> <span class='ocrx_word' id='word_1_64' title='bbox 1145 711 1386 756; x_wconf 83' lang='lat' dir='ltr'>ambulasse</span> <span class='ocrx_word' id='word_1_65' title='bbox 1420 727 1549 770; x_wconf 85' lang='lat' dir='ltr'>super</span> <span class='ocrx_word' id='word_1_66' title='bbox 1582 728 1730 771; x_wconf 67' lang='lat' dir='ltr'>mare,</span> 
     </span>
     <span class='ocr_line' id='line_1_9' title="bbox 351 782 1733 842; baseline -0.002 -12"><span class='ocrx_word' id='word_1_67' title='bbox 351 787 430 830; x_wconf 89' lang='lat' dir='ltr'>ubi</span> <span class='ocrx_word' id='word_1_68' title='bbox 459 790 629 830; x_wconf 85' lang='lat' dir='ltr'>Patrem</span> <span class='ocrx_word' id='word_1_69' title='bbox 662 783 771 828; x_wconf 89' lang='lat' dir='ltr'>vidit</span> <span class='ocrx_word' id='word_1_70' title='bbox 805 782 1047 826; x_wconf 85' lang='lat' dir='ltr'>ambulasse</span> <span class='ocrx_word' id='word_1_71' title='bbox 1081 797 1209 841; x_wconf 89' lang='lat' dir='ltr'>super</span> <span class='ocrx_word' id='word_1_72' title='bbox 1243 784 1420 825; x_wconf 76' lang='lat' dir='ltr'>mare‘2?</span> <span class='ocrx_word' id='word_1_73' title='bbox 1445 784 1524 827; x_wconf 89' lang='lat' dir='ltr'>Hic</span> <span class='ocrx_word' id='word_1_74' title='bbox 1540 783 1631 842; x_wconf 85' lang='lat' dir='ltr'>jam</span> <span class='ocrx_word' id='word_1_75' title='bbox 1660 783 1733 827; x_wconf 92' lang='lat' dir='ltr'>ille</span> 
     </span>
     <span class='ocr_line' id='line_1_10' title="bbox 350 851 1733 912; baseline -0.004 -12"><span class='ocrx_word' id='word_1_76' title='bbox 350 856 564 901; x_wconf 87' lang='lat' dir='ltr'>turbatur.</span> <span class='ocrx_word' id='word_1_77' title='bbox 594 857 709 897; x_wconf 88' lang='lat' dir='ltr'>Pone</span> <span class='ocrx_word' id='word_1_78' title='bbox 741 867 842 909; x_wconf 83' lang='lat' dir='ltr'>ergo</span> <span class='ocrx_word' id='word_1_79' title='bbox 870 852 989 911; x_wconf 89' lang='lat' dir='ltr'>quod</span> <span class='ocrx_word' id='word_1_80' title='bbox 1017 851 1306 906; x_wconf 80' lang='lat' dir='ltr'>intellexeras,</span> <span class='ocrx_word' id='word_1_81' title='bbox 1339 861 1381 895; x_wconf 90' lang='lat' dir='ltr'>et</span> <span class='ocrx_word' id='word_1_82' title='bbox 1413 851 1541 895; x_wconf 92' lang='lat' dir='ltr'>simul</span> <span class='ocrx_word' id='word_1_83' title='bbox 1563 868 1733 912; x_wconf 84' lang='lat' dir='ltr'>quaera-</span> 
     </span>
     <span class='ocr_line' id='line_1_11' title="bbox 350 921 1735 982; baseline -0.001 -11"><span class='ocrx_word' id='word_1_84' title='bbox 350 942 463 971; x_wconf 89' lang='lat' dir='ltr'>mus.</span> <span class='ocrx_word' id='word_1_85' title='bbox 485 925 598 978; x_wconf 85' lang='lat' dir='ltr'>Quid</span> <span class='ocrx_word' id='word_1_86' title='bbox 616 939 718 982; x_wconf 83' lang='lat' dir='ltr'>ergo</span> <span class='ocrx_word' id='word_1_87' title='bbox 737 921 946 967; x_wconf 82' lang='lat' dir='ltr'>facimus?</span> <span class='ocrx_word' id='word_1_88' title='bbox 964 923 1106 967; x_wconf 88' lang='lat' dir='ltr'>Verba</span> <span class='ocrx_word' id='word_1_89' title='bbox 1124 923 1298 967; x_wconf 70' lang='lat' dir='ltr'>Domini,</span> <span class='ocrx_word' id='word_1_90' title='bbox 1314 923 1578 978; x_wconf 90' lang='lat' dir='ltr'>audivimus,</span> <span class='ocrx_word' id='word_1_91' title='bbox 1602 926 1735 970; x_wconf 92' lang='lat' dir='ltr'>«Non</span> 
     </span>
     <span class='ocr_line' id='line_1_12' title="bbox 354 991 1735 1056; baseline 0 -17"><span class='ocrx_word' id='word_1_92' title='bbox 354 1015 374 1039; x_wconf 87' lang='lat'>»</span> <span class='ocrx_word' id='word_1_93' title='bbox 409 1004 552 1056; x_wconf 86' lang='lat' dir='ltr'>potest</span> <span class='ocrx_word' id='word_1_94' title='bbox 573 994 709 1039; x_wconf 88' lang='lat' dir='ltr'>Filius</span> <span class='ocrx_word' id='word_1_95' title='bbox 731 1009 755 1037; x_wconf 90' lang='lat' dir='ltr'>a</span> <span class='ocrx_word' id='word_1_96' title='bbox 786 1008 831 1037; x_wconf 91' lang='lat' dir='ltr'>se</span> <span class='ocrx_word' id='word_1_97' title='bbox 858 991 1000 1038; x_wconf 86' lang='lat' dir='ltr'>facere</span> <span class='ocrx_word' id='word_1_98' title='bbox 1031 991 1273 1053; x_wconf 82' lang='lat' dir='ltr'>quidquam</span> <span class='ocrx_word' id='word_1_99' title='bbox 1289 1028 1301 1048; x_wconf 91' lang='lat'>,</span> <span class='ocrx_word' id='word_1_100' title='bbox 1325 993 1408 1037; x_wconf 89' lang='lat' dir='ltr'>nisi</span> <span class='ocrx_word' id='word_1_101' title='bbox 1435 993 1556 1053; x_wconf 89' lang='lat' dir='ltr'>quod</span> <span class='ocrx_word' id='word_1_102' title='bbox 1577 993 1735 1039; x_wconf 91' lang='lat' dir='ltr'>viderit</span> 
     </span>
     <span class='ocr_line' id='line_1_13' title="bbox 352 1063 1734 1124; baseline -0.001 -14"><span class='ocrx_word' id='word_1_103' title='bbox 352 1087 373 1110; x_wconf 83' lang='lat'>»</span> <span class='ocrx_word' id='word_1_104' title='bbox 409 1071 581 1111; x_wconf 84' lang='lat' dir='ltr'>Patrem</span> <span class='ocrx_word' id='word_1_105' title='bbox 603 1065 853 1109; x_wconf 86' lang='lat' dir='ltr'>facientem.</span> <span class='ocrx_word' id='word_1_106' title='bbox 881 1082 901 1105; x_wconf 73' lang='lat' dir='ltr'>n</span> <span class='ocrx_word' id='word_1_107' title='bbox 928 1063 1182 1109; x_wconf 85' lang='lat' dir='ltr'>Ambulavit</span> <span class='ocrx_word' id='word_1_108' title='bbox 1198 1065 1288 1124; x_wconf 88' lang='lat' dir='ltr'>ipse</span> <span class='ocrx_word' id='word_1_109' title='bbox 1306 1079 1434 1124; x_wconf 90' lang='lat' dir='ltr'>super</span> <span class='ocrx_word' id='word_1_110' title='bbox 1448 1079 1582 1120; x_wconf 89' lang='lat' dir='ltr'>mare,</span> <span class='ocrx_word' id='word_1_111' title='bbox 1607 1068 1734 1109; x_wconf 91' lang='lat' dir='ltr'>Pater</span> 
     </span>
     <span class='ocr_line' id='line_1_14' title="bbox 350 1135 1734 1198; baseline -0.003 -14"><span class='ocrx_word' id='word_1_112' title='bbox 350 1152 578 1198; x_wconf 88' lang='lat' dir='ltr'>nunquam</span> <span class='ocrx_word' id='word_1_113' title='bbox 600 1135 841 1180; x_wconf 84' lang='lat' dir='ltr'>ambulavit</span> <span class='ocrx_word' id='word_1_114' title='bbox 862 1150 990 1194; x_wconf 89' lang='lat' dir='ltr'>super</span> <span class='ocrx_word' id='word_1_115' title='bbox 1017 1150 1151 1180; x_wconf 75' lang='lat' dir='ltr'>mare,</span> <span class='ocrx_word' id='word_1_116' title='bbox 1176 1138 1304 1180; x_wconf 86' lang='lat' dir='ltr'>Certe</span> <span class='ocrx_word' id='word_1_117' title='bbox 1321 1154 1341 1178; x_wconf 93' lang='lat'>«</span> <span class='ocrx_word' id='word_1_118' title='bbox 1358 1139 1455 1181; x_wconf 90' lang='lat' dir='ltr'>Non</span> <span class='ocrx_word' id='word_1_119' title='bbox 1477 1136 1581 1180; x_wconf 75' lang='lat' dir='ltr'>lacit</span> <span class='ocrx_word' id='word_1_120' title='bbox 1598 1136 1734 1181; x_wconf 89' lang='lat' dir='ltr'>Filius</span> 
     </span>
     <span class='ocr_line' id='line_1_15' title="bbox 353 1204 1599 1269; baseline -0.002 -19"><span class='ocrx_word' id='word_1_121' title='bbox 353 1227 373 1251; x_wconf 86' lang='lat'>»</span> <span class='ocrx_word' id='word_1_122' title='bbox 408 1208 667 1269; x_wconf 84' lang='lat' dir='ltr'>quidquam,</span> <span class='ocrx_word' id='word_1_123' title='bbox 691 1205 773 1250; x_wconf 88' lang='lat' dir='ltr'>nisi</span> <span class='ocrx_word' id='word_1_124' title='bbox 795 1205 916 1265; x_wconf 91' lang='lat' dir='ltr'>quod</span> <span class='ocrx_word' id='word_1_125' title='bbox 934 1204 1090 1251; x_wconf 89' lang='lat' dir='ltr'>viderit</span> <span class='ocrx_word' id='word_1_126' title='bbox 1112 1209 1283 1250; x_wconf 86' lang='lat' dir='ltr'>Patrem</span> <span class='ocrx_word' id='word_1_127' title='bbox 1305 1205 1550 1251; x_wconf 75' lang='lat' dir='ltr'>facientem.</span> <span class='ocrx_word' id='word_1_128' title='bbox 1579 1225 1599 1247; x_wconf 89' lang='lat'>»</span> 
     </span>
    </p>

    <p class='ocr_par' dir='ltr' id='par_1_3' title="bbox 346 1275 1807 1834">
     <span class='ocr_line' id='line_1_16' title="bbox 410 1275 1734 1336; baseline -0.001 -14"><span class='ocrx_word' id='word_1_129' title='bbox 410 1281 486 1323; x_wconf 90' lang='lat' dir='ltr'>VI.</span> <span class='ocrx_word' id='word_1_130' title='bbox 512 1276 624 1321; x_wconf 85' lang='lat' dir='ltr'>Redi</span> <span class='ocrx_word' id='word_1_131' title='bbox 647 1292 750 1335; x_wconf 80' lang='lat' dir='ltr'>ergo</span> <span class='ocrx_word' id='word_1_132' title='bbox 781 1291 954 1320; x_wconf 90' lang='lat' dir='ltr'>mecum</span> <span class='ocrx_word' id='word_1_133' title='bbox 987 1275 1042 1319; x_wconf 90' lang='lat' dir='ltr'>ad</span> <span class='ocrx_word' id='word_1_134' title='bbox 1063 1275 1108 1319; x_wconf 91' lang='lat' dir='ltr'>id</span> <span class='ocrx_word' id='word_1_135' title='bbox 1131 1277 1251 1336; x_wconf 91' lang='lat' dir='ltr'>quod</span> <span class='ocrx_word' id='word_1_136' title='bbox 1284 1276 1499 1331; x_wconf 87' lang='lat' dir='ltr'>dicebam,</span> <span class='ocrx_word' id='word_1_137' title='bbox 1533 1291 1589 1320; x_wconf 91' lang='lat' dir='ltr'>ne</span> <span class='ocrx_word' id='word_1_138' title='bbox 1620 1275 1734 1322; x_wconf 87' lang='lat' dir='ltr'>forte</span> 
     </span>
     <span class='ocr_line' id='line_1_17' title="bbox 351 1341 1795 1407; baseline -0.001 -14"><span class='ocrx_word' id='word_1_139' title='bbox 351 1350 409 1394; x_wconf 88' lang='lat' dir='ltr'>sic</span> <span class='ocrx_word' id='word_1_140' title='bbox 451 1347 784 1406; x_wconf 82' lang='lat' dir='ltr'>intelligendum</span> <span class='ocrx_word' id='word_1_141' title='bbox 813 1346 888 1402; x_wconf 87' lang='lat' dir='ltr'>sit,</span> <span class='ocrx_word' id='word_1_142' title='bbox 917 1355 966 1390; x_wconf 92' lang='lat' dir='ltr'>ut</span> <span class='ocrx_word' id='word_1_143' title='bbox 997 1347 1051 1390; x_wconf 90' lang='lat' dir='ltr'>de</span> <span class='ocrx_word' id='word_1_144' title='bbox 1079 1347 1320 1407; x_wconf 86' lang='lat' dir='ltr'>quaestione</span> <span class='ocrx_word' id='word_1_145' title='bbox 1354 1347 1484 1391; x_wconf 88' lang='lat' dir='ltr'>ambo</span> <span class='ocrx_word' id='word_1_146' title='bbox 1513 1362 1730 1391; x_wconf 85' lang='lat' dir='ltr'>exeamus.</span> <span class='ocrx_word' id='word_1_147' title='bbox 1790 1341 1795 1348; x_wconf 50' lang='lat'><em>⁶</em></span> 
     </span>
     <span class='ocr_line' id='line_1_18' title="bbox 349 1412 1801 1478; baseline -0.001 -13"><span class='ocrx_word' id='word_1_148' title='bbox 349 1423 456 1466; x_wconf 88' lang='lat' dir='ltr'>Nam</span> <span class='ocrx_word' id='word_1_149' title='bbox 494 1435 574 1478; x_wconf 82' lang='lat' dir='ltr'>ego</span> <span class='ocrx_word' id='word_1_150' title='bbox 605 1418 842 1462; x_wconf 89' lang='lat' dir='ltr'>secundum</span> <span class='ocrx_word' id='word_1_151' title='bbox 883 1416 1015 1463; x_wconf 81' lang='lat' dir='ltr'>fidem</span> <span class='ocrx_word' id='word_1_152' title='bbox 1053 1417 1312 1462; x_wconf 84' lang='lat' dir='ltr'>catholicam</span> <span class='ocrx_word' id='word_1_153' title='bbox 1347 1418 1474 1463; x_wconf 89' lang='lat' dir='ltr'>video</span> <span class='ocrx_word' id='word_1_154' title='bbox 1511 1417 1733 1478; x_wconf 89' lang='lat' dir='ltr'>quomodo</span> <span class='ocrx_word' id='word_1_155' title='bbox 1797 1412 1801 1416; x_wconf 42' lang='lat'><strong>⁴</strong></span> 
     </span>
     <span class='ocr_line' id='line_1_19' title="bbox 350 1488 1733 1544; baseline -0.002 -8"><span class='ocrx_word' id='word_1_156' title='bbox 350 1506 497 1539; x_wconf 83' lang='lat' dir='ltr'>exeam</span> <span class='ocrx_word' id='word_1_157' title='bbox 521 1491 611 1534; x_wconf 91' lang='lat' dir='ltr'>sine</span> <span class='ocrx_word' id='word_1_158' title='bbox 639 1489 878 1534; x_wconf 83' lang='lat' dir='ltr'>offensione</span> <span class='ocrx_word' id='word_1_159' title='bbox 893 1523 904 1544; x_wconf 89' lang='lat'>,</span> <span class='ocrx_word' id='word_1_160' title='bbox 930 1489 1021 1533; x_wconf 88' lang='lat' dir='ltr'>sine</span> <span class='ocrx_word' id='word_1_161' title='bbox 1044 1488 1248 1533; x_wconf 88' lang='lat' dir='ltr'>scandalo</span> <span class='ocrx_word' id='word_1_162' title='bbox 1274 1508 1283 1534; x_wconf 75' lang='grc' dir='ltr'>ε</span> <span class='ocrx_word' id='word_1_163' title='bbox 1304 1499 1353 1533; x_wconf 93' lang='lat' dir='ltr'>tu</span> <span class='ocrx_word' id='word_1_164' title='bbox 1374 1499 1519 1533; x_wconf 87' lang='lat' dir='ltr'>autem</span> <span class='ocrx_word' id='word_1_165' title='bbox 1544 1489 1733 1534; x_wconf 89' lang='lat' dir='ltr'>circum-</span> 
     </span>
     <span class='ocr_line' id='line_1_20' title="bbox 349 1559 1732 1621; baseline -0.002 -14"><span class='ocrx_word' id='word_1_166' title='bbox 349 1562 508 1612; x_wconf 87' lang='lat' dir='ltr'>clusus,</span> <span class='ocrx_word' id='word_1_167' title='bbox 535 1561 691 1621; x_wconf 86' lang='lat' dir='ltr'>quaeris</span> <span class='ocrx_word' id='word_1_168' title='bbox 715 1575 802 1620; x_wconf 85' lang='lat' dir='ltr'>qua</span> <span class='ocrx_word' id='word_1_169' title='bbox 823 1575 959 1604; x_wconf 82' lang='lat' dir='ltr'>exeas.</span> <span class='ocrx_word' id='word_1_170' title='bbox 977 1562 1073 1612; x_wconf 86' lang='lat' dir='ltr'>Qua</span> <span class='ocrx_word' id='word_1_171' title='bbox 1096 1560 1329 1604; x_wconf 85' lang='lat' dir='ltr'>intraveras</span> <span class='ocrx_word' id='word_1_172' title='bbox 1350 1559 1463 1605; x_wconf 90' lang='lat' dir='ltr'>vide.</span> <span class='ocrx_word' id='word_1_173' title='bbox 1492 1563 1622 1604; x_wconf 89' lang='lat' dir='ltr'>Forte</span> <span class='ocrx_word' id='word_1_174' title='bbox 1644 1576 1732 1605; x_wconf 90' lang='lat' dir='ltr'>non</span> 
     </span>
     <span class='ocr_line' id='line_1_21' title="bbox 346 1618 1807 1690; baseline -0.002 -13"><span class='ocrx_word' id='word_1_175' title='bbox 346 1632 597 1677; x_wconf 84' lang='lat' dir='ltr'>intellexisti</span> <span class='ocrx_word' id='word_1_176' title='bbox 618 1640 661 1675; x_wconf 87' lang='lat' dir='ltr'>et</span> <span class='ocrx_word' id='word_1_177' title='bbox 682 1632 766 1676; x_wconf 89' lang='lat' dir='ltr'>hoc</span> <span class='ocrx_word' id='word_1_178' title='bbox 787 1631 909 1690; x_wconf 88' lang='lat' dir='ltr'>quod</span> <span class='ocrx_word' id='word_1_179' title='bbox 936 1629 1039 1686; x_wconf 84' lang='lat' dir='ltr'>dixi,</span> <span class='ocrx_word' id='word_1_180' title='bbox 1064 1632 1159 1683; x_wconf 83' lang='lat' dir='ltr'>Qua</span> <span class='ocrx_word' id='word_1_181' title='bbox 1178 1631 1412 1681; x_wconf 71' lang='lat' dir='ltr'>intraveras</span> <span class='ocrx_word' id='word_1_182' title='bbox 1432 1629 1531 1675; x_wconf 89' lang='lat' dir='ltr'>vide</span> <span class='ocrx_word' id='word_1_183' title='bbox 1557 1649 1565 1675; x_wconf 91' lang='lat'><strong>:</strong></span> <span class='ocrx_word' id='word_1_184' title='bbox 1591 1631 1732 1690; x_wconf 87' lang='lat' dir='ltr'>ipsum</span> <span class='ocrx_word' id='word_1_185' title='bbox 1794 1618 1807 1658; x_wconf 46' lang='lat'>&#39;³</span> 
     </span>
     <span class='ocr_line' id='line_1_22' title="bbox 347 1701 1733 1761; baseline -0.002 -14"><span class='ocrx_word' id='word_1_186' title='bbox 347 1703 449 1748; x_wconf 91' lang='lat' dir='ltr'>audi</span> <span class='ocrx_word' id='word_1_187' title='bbox 470 1703 687 1747; x_wconf 87' lang='lat' dir='ltr'>dicentem</span> <span class='ocrx_word' id='word_1_188' title='bbox 709 1720 718 1746; x_wconf 89' lang='lat'>:</span> <span class='ocrx_word' id='word_1_189' title='bbox 746 1720 767 1743; x_wconf 88' lang='lat'>«</span> <span class='ocrx_word' id='word_1_190' title='bbox 790 1704 885 1761; x_wconf 82' lang='lat' dir='ltr'>Ego</span> <span class='ocrx_word' id='word_1_191' title='bbox 907 1716 1002 1744; x_wconf 91' lang='lat' dir='ltr'>sum</span> <span class='ocrx_word' id='word_1_192' title='bbox 1020 1701 1155 1760; x_wconf 87' lang='lat' dir='ltr'>janua</span> <span class='ocrx_word' id='word_1_193' title='bbox 1169 1702 1200 1743; x_wconf 80' lang='grc'>3.</span> <span class='ocrx_word' id='word_1_194' title='bbox 1222 1719 1242 1741; x_wconf 72' lang='lat' dir='ltr'>n</span> <span class='ocrx_word' id='word_1_195' title='bbox 1260 1703 1356 1745; x_wconf 92' lang='lat' dir='ltr'>Non</span> <span class='ocrx_word' id='word_1_196' title='bbox 1375 1701 1466 1744; x_wconf 89' lang='lat' dir='ltr'>sine</span> <span class='ocrx_word' id='word_1_197' title='bbox 1488 1715 1614 1745; x_wconf 88' lang='lat' dir='ltr'>causa</span> <span class='ocrx_word' id='word_1_198' title='bbox 1631 1715 1733 1759; x_wconf 86' lang='lat' dir='ltr'>ergo</span> 
     </span>
     <span class='ocr_line' id='line_1_23' title="bbox 346 1771 1733 1834; baseline -0.001 -17"><span class='ocrx_word' id='word_1_199' title='bbox 346 1773 504 1834; x_wconf 82' lang='lat' dir='ltr'>quaeris</span> <span class='ocrx_word' id='word_1_200' title='bbox 533 1789 620 1833; x_wconf 89' lang='lat' dir='ltr'>qua</span> <span class='ocrx_word' id='word_1_201' title='bbox 642 1787 779 1825; x_wconf 79' lang='lat' dir='ltr'>exeas,</span> <span class='ocrx_word' id='word_1_202' title='bbox 805 1781 848 1815; x_wconf 88' lang='lat' dir='ltr'>et</span> <span class='ocrx_word' id='word_1_203' title='bbox 880 1787 969 1815; x_wconf 91' lang='lat' dir='ltr'>non</span> <span class='ocrx_word' id='word_1_204' title='bbox 1004 1771 1186 1825; x_wconf 89' lang='lat' dir='ltr'>invenis,</span> <span class='ocrx_word' id='word_1_205' title='bbox 1220 1771 1299 1815; x_wconf 90' lang='lat' dir='ltr'>nisi</span> <span class='ocrx_word' id='word_1_206' title='bbox 1323 1772 1425 1830; x_wconf 84' lang='lat' dir='ltr'>quia</span> <span class='ocrx_word' id='word_1_207' title='bbox 1459 1787 1548 1816; x_wconf 92' lang='lat' dir='ltr'>non</span> <span class='ocrx_word' id='word_1_208' title='bbox 1571 1786 1648 1831; x_wconf 87' lang='lat' dir='ltr'>per</span> <span class='ocrx_word' id='word_1_209' title='bbox 1665 1772 1733 1832; x_wconf 87' lang='lat' dir='ltr'>ja-</span> 
     </span>
    </p>
   </div>
   <div class='ocr_carea' id='block_1_3' title="bbox 344 1840 1798 1902">
    <p class='ocr_par' dir='ltr' id='par_1_4' title="bbox 344 1840 1798 1902">
     <span class='ocr_line' id='line_1_24' title="bbox 344 1840 1798 1902; baseline -0.001 -15"><span class='ocrx_word' id='word_1_210' title='bbox 344 1859 476 1888; x_wconf 88' lang='lat' dir='ltr'>nuam</span> <span class='ocrx_word' id='word_1_211' title='bbox 516 1842 700 1895; x_wconf 85' lang='lat' dir='ltr'>intrasti,</span> <span class='ocrx_word' id='word_1_212' title='bbox 736 1840 811 1885; x_wconf 91' lang='lat' dir='ltr'>sed</span> <span class='ocrx_word' id='word_1_213' title='bbox 844 1856 921 1899; x_wconf 90' lang='lat' dir='ltr'>per</span> <span class='ocrx_word' id='word_1_214' title='bbox 957 1842 1189 1885; x_wconf 87' lang='lat' dir='ltr'>maceriam</span> <span class='ocrx_word' id='word_1_215' title='bbox 1225 1841 1434 1885; x_wconf 88' lang='lat' dir='ltr'>cecidisti.</span> <span class='ocrx_word' id='word_1_216' title='bbox 1474 1844 1590 1901; x_wconf 81' lang='lat' dir='ltr'>Ergo</span> <span class='ocrx_word' id='word_1_217' title='bbox 1623 1856 1734 1902; x_wconf 83' lang='lat' dir='ltr'>que—</span> <span class='ocrx_word' id='word_1_218' title='bbox 1782 1851 1798 1866; x_wconf 76' lang='lat'>‘</span> 
     </span>
    </p>
   </div>
   <div class='ocr_carea' id='block_1_4' title="bbox 335 1910 1798 2463">
    <p class='ocr_par' dir='ltr' id='par_1_5' title="bbox 335 1910 1798 2463">
     <span class='ocr_line' id='line_1_25' title="bbox 344 1910 1732 1971; baseline -0.001 -13"><span class='ocrx_word' id='word_1_219' title='bbox 344 1914 625 1958; x_wconf 88' lang='lat' dir='ltr'>madmodum</span> <span class='ocrx_word' id='word_1_220' title='bbox 659 1920 780 1971; x_wconf 85' lang='lat' dir='ltr'>potes</span> <span class='ocrx_word' id='word_1_221' title='bbox 798 1946 808 1966; x_wconf 84' lang='lat'><strong>‚</strong></span> <span class='ocrx_word' id='word_1_222' title='bbox 835 1927 858 1954; x_wconf 94' lang='lat' dir='ltr'>a</span> <span class='ocrx_word' id='word_1_223' title='bbox 886 1910 1012 1954; x_wconf 87' lang='lat' dir='ltr'>ruina</span> <span class='ocrx_word' id='word_1_224' title='bbox 1042 1919 1117 1954; x_wconf 85' lang='lat' dir='ltr'>tua</span> <span class='ocrx_word' id='word_1_225' title='bbox 1151 1910 1307 1969; x_wconf 79' lang='lat' dir='ltr'>collige</span> <span class='ocrx_word' id='word_1_226' title='bbox 1338 1919 1399 1966; x_wconf 79' lang='lat' dir='ltr'>te,</span> <span class='ocrx_word' id='word_1_227' title='bbox 1438 1920 1481 1954; x_wconf 90' lang='lat' dir='ltr'>et</span> <span class='ocrx_word' id='word_1_228' title='bbox 1519 1912 1632 1956; x_wconf 91' lang='lat' dir='ltr'>intra</span> <span class='ocrx_word' id='word_1_229' title='bbox 1654 1927 1732 1971; x_wconf 87' lang='lat' dir='ltr'>per</span> 
     </span>
     <span class='ocr_line' id='line_1_26' title="bbox 338 1981 1726 2045; baseline -0.001 -16"><span class='ocrx_word' id='word_1_230' title='bbox 338 1987 534 2045; x_wconf 79' lang='lat' dir='ltr'>januam,</span> <span class='ocrx_word' id='word_1_231' title='bbox 561 1993 611 2027; x_wconf 89' lang='lat' dir='ltr'>ut</span> <span class='ocrx_word' id='word_1_232' title='bbox 633 1984 724 2026; x_wconf 90' lang='lat' dir='ltr'>sine</span> <span class='ocrx_word' id='word_1_233' title='bbox 758 1982 997 2027; x_wconf 83' lang='lat' dir='ltr'>offensione</span> <span class='ocrx_word' id='word_1_234' title='bbox 1029 1981 1177 2035; x_wconf 83' lang='lat' dir='ltr'>intres,</span> <span class='ocrx_word' id='word_1_235' title='bbox 1211 1989 1254 2024; x_wconf 91' lang='lat' dir='ltr'>et</span> <span class='ocrx_word' id='word_1_236' title='bbox 1278 1981 1371 2025; x_wconf 88' lang='lat' dir='ltr'>sine</span> <span class='ocrx_word' id='word_1_237' title='bbox 1408 1996 1552 2026; x_wconf 88' lang='lat' dir='ltr'>errore</span> <span class='ocrx_word' id='word_1_238' title='bbox 1589 1997 1726 2028; x_wconf 85' lang='lat' dir='ltr'>exeas.</span> 
     </span>
     <span class='ocr_line' id='line_1_27' title="bbox 345 2050 1728 2111; baseline -0.001 -12"><span class='ocrx_word' id='word_1_239' title='bbox 345 2059 426 2099; x_wconf 88' lang='lat' dir='ltr'>Per</span> <span class='ocrx_word' id='word_1_240' title='bbox 448 2054 668 2099; x_wconf 87' lang='lat' dir='ltr'>Christum</span> <span class='ocrx_word' id='word_1_241' title='bbox 689 2054 804 2106; x_wconf 88' lang='lat' dir='ltr'>veni,</span> <span class='ocrx_word' id='word_1_242' title='bbox 830 2067 910 2096; x_wconf 88' lang='lat' dir='ltr'>nec</span> <span class='ocrx_word' id='word_1_243' title='bbox 930 2066 982 2094; x_wconf 82' lang='lat' dir='ltr'>ex</span> <span class='ocrx_word' id='word_1_244' title='bbox 1005 2051 1135 2095; x_wconf 89' lang='lat' dir='ltr'>corde</span> <span class='ocrx_word' id='word_1_245' title='bbox 1158 2060 1236 2094; x_wconf 89' lang='lat' dir='ltr'>tuo</span> <span class='ocrx_word' id='word_1_246' title='bbox 1257 2051 1409 2095; x_wconf 84' lang='lat' dir='ltr'>afferas</span> <span class='ocrx_word' id='word_1_247' title='bbox 1431 2050 1551 2111; x_wconf 86' lang='lat' dir='ltr'>quod</span> <span class='ocrx_word' id='word_1_248' title='bbox 1575 2051 1690 2096; x_wconf 88' lang='lat' dir='ltr'>dicas</span> <span class='ocrx_word' id='word_1_249' title='bbox 1718 2072 1728 2098; x_wconf 73' lang='grc' dir='ltr'>ε</span> 
     </span>
     <span class='ocr_line' id='line_1_28' title="bbox 343 2120 1729 2183; baseline -0.001 -15"><span class='ocrx_word' id='word_1_250' title='bbox 343 2124 419 2168; x_wconf 92' lang='lat' dir='ltr'>sed</span> <span class='ocrx_word' id='word_1_251' title='bbox 440 2123 559 2183; x_wconf 84' lang='lat' dir='ltr'>quod</span> <span class='ocrx_word' id='word_1_252' title='bbox 595 2122 668 2166; x_wconf 89' lang='lat' dir='ltr'>ille</span> <span class='ocrx_word' id='word_1_253' title='bbox 690 2120 892 2176; x_wconf 87' lang='lat' dir='ltr'>ostendit,</span> <span class='ocrx_word' id='word_1_254' title='bbox 914 2122 1001 2179; x_wconf 87' lang='lat' dir='ltr'>hoc</span> <span class='ocrx_word' id='word_1_255' title='bbox 1023 2120 1216 2180; x_wconf 89' lang='lat' dir='ltr'>loquere.</span> <span class='ocrx_word' id='word_1_256' title='bbox 1243 2124 1355 2165; x_wconf 89' lang='lat' dir='ltr'>Ecce</span> <span class='ocrx_word' id='word_1_257' title='bbox 1383 2121 1490 2165; x_wconf 89' lang='lat' dir='ltr'>fides</span> <span class='ocrx_word' id='word_1_258' title='bbox 1516 2122 1729 2167; x_wconf 78' lang='lat' dir='ltr'>catholica</span> 
     </span>
     <span class='ocr_line' id='line_1_29' title="bbox 342 2192 1798 2255; baseline -0.002 -17"><span class='ocrx_word' id='word_1_259' title='bbox 342 2193 714 2255; x_wconf 85' lang='lat' dir='ltr'>quemadmodum</span> <span class='ocrx_word' id='word_1_260' title='bbox 732 2193 817 2237; x_wconf 79' lang='lat' dir='ltr'>exit</span> <span class='ocrx_word' id='word_1_261' title='bbox 838 2192 892 2236; x_wconf 90' lang='lat' dir='ltr'>de</span> <span class='ocrx_word' id='word_1_262' title='bbox 913 2193 992 2236; x_wconf 89' lang='lat' dir='ltr'>ista</span> <span class='ocrx_word' id='word_1_263' title='bbox 1025 2192 1320 2251; x_wconf 84' lang='lat' dir='ltr'>propositione</span> <span class='ocrx_word' id='word_1_264' title='bbox 1347 2211 1356 2237; x_wconf 89' lang='lat'>:</span> <span class='ocrx_word' id='word_1_265' title='bbox 1384 2192 1637 2238; x_wconf 76' lang='lat' dir='ltr'>Ambulavit</span> <span class='ocrx_word' id='word_1_266' title='bbox 1659 2194 1730 2238; x_wconf 91' lang='lat' dir='ltr'>Fi·</span> <span class='ocrx_word' id='word_1_267' title='bbox 1793 2232 1798 2235; x_wconf 84' lang='grc'><em>,</em></span> 
     </span>
     <span class='ocr_line' id='line_1_30' title="bbox 337 2252 1794 2323; baseline 0 -13"><span class='ocrx_word' id='word_1_268' title='bbox 337 2266 420 2310; x_wconf 90' lang='lat' dir='ltr'>lius</span> <span class='ocrx_word' id='word_1_269' title='bbox 442 2281 571 2323; x_wconf 86' lang='lat' dir='ltr'>super</span> <span class='ocrx_word' id='word_1_270' title='bbox 592 2279 726 2319; x_wconf 77' lang='lat' dir='ltr'>mare,</span> <span class='ocrx_word' id='word_1_271' title='bbox 761 2262 893 2323; x_wconf 90' lang='lat' dir='ltr'>pedes</span> <span class='ocrx_word' id='word_1_272' title='bbox 931 2264 1070 2308; x_wconf 88' lang='lat' dir='ltr'>carnis</span> <span class='ocrx_word' id='word_1_273' title='bbox 1109 2263 1314 2307; x_wconf 83' lang='lat' dir='ltr'>fluctibus</span> <span class='ocrx_word' id='word_1_274' title='bbox 1350 2264 1558 2323; x_wconf 89' lang='lat' dir='ltr'>imposuit</span> <span class='ocrx_word' id='word_1_275' title='bbox 1591 2279 1725 2310; x_wconf 83' lang='lat' dir='ltr'>:caro</span> <span class='ocrx_word' id='word_1_276' title='bbox 1791 2252 1794 2256; x_wconf 36' lang='grc'><strong>’</strong></span> 
     </span>
     <span class='ocr_line' id='line_1_31' title="bbox 339 2333 1726 2394; baseline 0 -14"><span class='ocrx_word' id='word_1_277' title='bbox 339 2335 608 2391; x_wconf 88' lang='lat' dir='ltr'>ambulabat,</span> <span class='ocrx_word' id='word_1_278' title='bbox 624 2344 666 2379; x_wconf 92' lang='lat' dir='ltr'>et</span> <span class='ocrx_word' id='word_1_279' title='bbox 682 2335 887 2379; x_wconf 86' lang='lat' dir='ltr'>Divinitas</span> <span class='ocrx_word' id='word_1_280' title='bbox 906 2334 1178 2393; x_wconf 80' lang='lat' dir='ltr'>gubernabat</span> <span class='ocrx_word' id='word_1_281' title='bbox 1194 2353 1201 2379; x_wconf 90' lang='lat'><strong>:</strong></span> <span class='ocrx_word' id='word_1_282' title='bbox 1219 2333 1397 2394; x_wconf 87' lang='lat' dir='ltr'>quando</span> <span class='ocrx_word' id='word_1_283' title='bbox 1409 2350 1512 2393; x_wconf 80' lang='lat' dir='ltr'>ergo</span> <span class='ocrx_word' id='word_1_284' title='bbox 1526 2350 1626 2380; x_wconf 88' lang='lat' dir='ltr'>caro</span> <span class='ocrx_word' id='word_1_285' title='bbox 1639 2351 1726 2380; x_wconf 87' lang='lat' dir='ltr'>am-</span> 
     </span>
     <span class='ocr_line' id='line_1_32' title="bbox 335 2405 1714 2463; baseline -0.001 -12"><span class='ocrx_word' id='word_1_286' title='bbox 335 2406 518 2452; x_wconf 88' lang='lat' dir='ltr'>bulabat</span> <span class='ocrx_word' id='word_1_287' title='bbox 529 2415 572 2451; x_wconf 92' lang='lat' dir='ltr'>et</span> <span class='ocrx_word' id='word_1_288' title='bbox 590 2406 796 2451; x_wconf 88' lang='lat' dir='ltr'>Divinitas</span> <span class='ocrx_word' id='word_1_289' title='bbox 814 2405 1101 2463; x_wconf 81' lang='lat' dir='ltr'>gubernabat,</span> <span class='ocrx_word' id='word_1_290' title='bbox 1124 2408 1250 2448; x_wconf 87' lang='lat' dir='ltr'>Pater</span> <span class='ocrx_word' id='word_1_291' title='bbox 1267 2405 1419 2450; x_wconf 85' lang='lat' dir='ltr'>absens</span> <span class='ocrx_word' id='word_1_292' title='bbox 1437 2415 1527 2450; x_wconf 90' lang='lat' dir='ltr'>erat</span> <span class='ocrx_word' id='word_1_293' title='bbox 1544 2407 1561 2449; x_wconf 80' lang='lat' dir='ltr'>P</span> <span class='ocrx_word' id='word_1_294' title='bbox 1581 2406 1623 2451; x_wconf 89' lang='lat' dir='ltr'>Si</span> <span class='ocrx_word' id='word_1_295' title='bbox 1641 2406 1714 2450; x_wconf 85' lang='lat' dir='ltr'>ab·</span> 
     </span>
    </p>
   </div>
   <div class='ocr_carea' id='block_1_5' title="bbox 386 2499 1334 2553">
    <p class='ocr_par' dir='ltr' id='par_1_6' title="bbox 386 2499 1334 2553">
     <span class='ocr_line' id='line_1_33' title="bbox 386 2499 1334 2553; baseline -0.005 -15"><span class='ocrx_word' id='word_1_296' title='bbox 386 2511 397 2530; x_wconf 81' lang='lat'><em>¹</em></span> <span class='ocrx_word' id='word_1_297' title='bbox 412 2504 510 2539; x_wconf 84' lang='lat' dir='ltr'>Eccli.</span> <span class='ocrx_word' id='word_1_298' title='bbox 528 2516 562 2547; x_wconf 89' lang='lat' dir='ltr'>v,</span> <span class='ocrx_word' id='word_1_299' title='bbox 581 2504 632 2537; x_wconf 80' lang='lat'>13.</span> <span class='ocrx_word' id='word_1_300' title='bbox 649 2520 690 2528; x_wconf 94' lang='lat'>—</span> <span class='ocrx_word' id='word_1_301' title='bbox 705 2509 718 2526; x_wconf 88' lang='lat'>²</span> <span class='ocrx_word' id='word_1_302' title='bbox 739 2502 858 2536; x_wconf 78' lang='lat' dir='ltr'>Matth.</span> <span class='ocrx_word' id='word_1_303' title='bbox 874 2514 942 2553; x_wconf 69' lang='lat' dir='ltr'>xiv,</span> <span class='ocrx_word' id='word_1_304' title='bbox 965 2501 1019 2534; x_wconf 85' lang='lat'>25.</span> <span class='ocrx_word' id='word_1_305' title='bbox 1045 2517 1086 2526; x_wconf 92' lang='lat'>-·</span> <span class='ocrx_word' id='word_1_306' title='bbox 1107 2499 1121 2525; x_wconf 82' lang='lat'><em>³</em></span> <span class='ocrx_word' id='word_1_307' title='bbox 1135 2503 1226 2535; x_wconf 86' lang='lat' dir='ltr'>Joan.</span> <span class='ocrx_word' id='word_1_308' title='bbox 1244 2512 1278 2542; x_wconf 80' lang='lat' dir='ltr'>x,</span> <span class='ocrx_word' id='word_1_309' title='bbox 1300 2512 1334 2543; x_wconf 86' lang='lat'>7.</span> 
     </span>
    </p>
   </div>
  </div>
 </body>
</html>
