1825 3214
271 248 314 273 m
349 245 522 272 JOANNIS
554 241 861 279 numentum,
895 240 1043 270 TnAcr.
1081 244 1204 270 xxix.
1336 231 1413 270 331

35 310 421 356 corent.1noenim
447 318 507 352 est
529 309 570 352 in
597 306 901 359 tabernaculis,
917 308 991 367 qui
1015 322 1059 351 se
1075 322 1164 350 esse
1186 307 1230 350 in
1254 307 1420 352 mundo

36 381 237 440 intelligit
259 380 549 441 peregrinum.
581 379 656 423 1110
678 394 721 422 se
740 377 940 436 intelligit
962 378 1324 437 peregrinantem,
1346 380 1421 438 qui

35 469 79 498 se.
100 453 217 497 videt
256 452 406 511 patriae
428 451 732 509 suspirantem.
758 452 867 492 Cum
908 457 1052 492 autem
1077 463 1232 505 eorpus
1261 449 1420 492 Christi

36 533 98 568 est
118 524 160 566 in
180 521 492 572 tabernaculis,
516 521 710 564 Christus
732 529 794 563 est
818 519 860 562 in
881 518 1185 562 tabernaculis.
1215 517 1297 561 Sed
1317 529 1421 564 tunc

35 610 123 638 non
157 594 377 637 evidenter
399 628 409 646 ‚
439 593 510 636 sed
535 591 734 635 latenter.
770 590 927 634 Adhuc
949 590 1063 633 enirn
1090 590 1243 632 umbra
1281 588 1420 633 lucem

35 664 296 710 obscurabat
323 683 330 707 :
358 664 559 706 veniente
593 661 712 714 luce,
740 660 892 704 umbra
924 670 1088 704 remota
1114 669 1192 703 est.
1226 660 1422 704 Christus

32 745 122 780 erat
154 735 196 778 in
219 734 392 778 occulto
411 769 421 786 ‚
448 733 491 776 in
527 732 789 791 Scenopegia
822 731 1018 775 Christus
1042 739 1159 786 erat,
1185 730 1260 774 sed
1284 730 1422 774 latens

31 805 241 852 Christus.
275 803 408 848 Modo
429 803 518 863 jam
542 817 642 846 cum
668 801 939 845 manifestata
963 810 1064 845 sunt
1090 802 1169 845 ista
1188 836 1199 855 ‚
1226 801 1424 860 agnosci-

30 891 128 920 mus
156 891 232 919 nos
249 875 329 917 iter
347 889 473 932 agere
489 872 531 915 in
547 887 692 916 eremo
714 891 721 916 :
749 873 914 915 sienim
933 887 1234 930 agnoscamus,
1260 872 1304 915 in
1327 886 1422 915 ere—

29 963 102 991 mo
129 962 291 991 sumus.
317 944 433 998 Quid
469 954 532 988 est
555 944 597 987 in
622 945 798 988 eremo?
821 945 864 987 in
888 944 1074 988 deserto.
1101 947 1245 997 Quare
1272 944 1317 987 in
1341 945 1422 988 de-

30 1019 173 1062 serto?
190 1018 293 1077 quia
312 1017 357 1059 in
376 1016 457 1060 isto
474 1014 658 1070 mundo,
684 1015 760 1058 ubi
783 1015 925 1059 sititur
946 1015 990 1058 in
1007 1015 1075 1058 via
1099 1015 1322 1074 inaquosa.
1339 1015 1422 1059 Sed

29 1089 222 1132 sitiamus
241 1123 251 1141 ‚
278 1097 327 1131 ut
356 1096 615 1130 saturemur.
650 1105 668 1126 «
704 1085 821 1128 Beati
845 1086 958 1128 enim
991 1086 1066 1144 qui
1088 1085 1285 1128 esuriunt
1307 1094 1350 1128 et
1372 1086 1423 1129 si-

33 1178 52 1200 »
97 1160 209 1202 tiunt
229 1157 438 1218 justitiam
455 1192 465 1210 ,
497 1157 704 1215 quoniam
729 1156 806 1215 ipsi
827 1155 1182 1198 saturabuntur¹.
1213 1173 1233 1196 »
1257 1157 1314 1199 Et
1333 1155 1422 1199 sitis

30 1239 176 1273 nostra
205 1229 259 1272 de
292 1236 413 1287 petra
448 1225 654 1286 impletur
686 1226 732 1268 in
760 1240 906 1269 eremo
939 1244 949 1270 ε
984 1245 1003 1267 «
1032 1229 1157 1269 Petra
1190 1226 1307 1269 enim
1331 1235 1423 1270 erat

33 1317 53 1341 >›
88 1299 304 1352 Christus,
330 1307 372 1342 et
403 1297 522 1356 virga
546 1311 747 1356 percussa
778 1305 890 1351 erat,
925 1305 974 1340 ut
1006 1312 1117 1356 aqua
1140 1299 1376 1340 manaret&
1398 1314 1419 1338 »

31 1372 87 1414 Ut
107 1379 250 1413 autem
271 1377 492 1422 manaret,
518 1368 582 1411 bis
607 1382 806 1426 percussa
825 1376 889 1411 est
910 1387 917 1411 :
943 1367 1044 1427 quia
1067 1366 1158 1412 duo
1185 1364 1303 1425 ligna
1321 1376 1424 1411 sunt

30 1440 168 1484 crucis
184 1441 216 1483 ³.
242 1440 397 1483 Omnia
415 1453 518 1496 ergo
543 1438 634 1481 hoee
652 1453 752 1497 quae
775 1436 939 1480 fiebant
960 1437 1005 1480 in
1027 1437 1165 1495 figura
1181 1471 1191 1491 ‚
1215 1436 1424 1481 manifes-

31 1519 179 1554 tantur
198 1510 239 1553 in
262 1509 400 1553 nobis.
424 1512 480 1552 Et
501 1523 588 1551 non
605 1517 727 1552 vacat
748 1508 868 1568 quod
883 1506 936 1550 de
954 1508 1139 1551 Domino
1156 1507 1322 1550 dictum
1342 1516 1420 1551 est.

35 1599 55 1623 «
92 1579 296 1625 Ascendit
323 1578 376 1622 ad
395 1577 509 1622 diem
527 1576 684 1622 festum
705 1614 715 1633 ‚
735 1594 823 1622 non
849 1576 1098 1634 manifeste,
1116 1577 1191 1622 sed
1213 1587 1425 1637 tanquam

33 1670 54 1692 »
90 1652 135 1695 in
159 1650 346 1696 occulto.
382 1667 401 1690 »
438 1650 686 1708 Figuratum
717 1650 832 1692 enim
862 1659 954 1693 erat
981 1650 1124 1708 ipsum
1147 1649 1192 1692 in
1217 1648 1421 1704 occulto,

31 1722 132 1782 quia
153 1723 198 1765 in
215 1722 307 1780 ipso
330 1719 400 1764 die
427 1719 537 1764 sesto
556 1720 753 1764 Christus
772 1719 938 1763 latebat
960 1739 969 1765 ι
996 1720 1098 1780 quia
1120 1719 1211 1779 ipse
1229 1720 1319 1763 dies
1339 1719 1426 1764 fes-

32 1802 101 1836 tus
116 1828 126 1846 ‚
149 1792 309 1837 Christi
329 1790 524 1833 membra
545 1791 870 1849 peregrinatura
890 1789 1177 1849 significabat.

90 1864 147 1905 X.
174 1881 193 1903 «
214 1865 238 1906 J
245 1861 356 1905 udaei
379 1876 481 1919 ergo
505 1860 762 1920 quaerebant
781 1874 880 1903 eum
904 1861 948 1903 in
971 1860 1041 1904 die
1063 1858 1174 1904 festo
1190 1861 1204 1885 ⁴
1225 1878 1234 1905 :
1252 1878 1272 1901 »
1298 1870 1424 1905 ante-

32 1948 163 1994 quam
179 1931 445 1977 ascenderet.
464 1931 631 1975 Priores
649 1931 763 1974 enim
783 1930 936 1975 fratres
955 1930 1260 1986 ascenderunt,
1277 1941 1320 1975 et
1335 1947 1425 1976 non

35 2012 138 2047 tunc
163 2002 356 2047 ascendit
382 2001 477 2056 ille,
503 2000 681 2061 quando
711 2000 773 2044 illi
795 2001 1010 2061 putabant
1037 2010 1079 2045 et
1101 2001 1309 2045 volebant
1336 2021 1344 2046 z
1374 2011 1425 2047 ut

33 2074 162 2118 etiam
185 2074 268 2117 hoc
282 2071 536 2131 impleretur
558 2070 679 2132 quod
696 2073 770 2125 ait,
797 2091 816 2113 «
841 2075 938 2117 Non
960 2072 1014 2115 ad
1033 2072 1193 2126 hunc⁵‚
1214 2091 1234 2114 »
1263 2071 1308 2116 id
1329 2081 1393 2117 est
1409 2107 1421 2129 ,

35 2142 89 2187 ad
112 2158 240 2203 quem
264 2158 339 2185 vos
363 2141 510 2194 vultis,
536 2143 725 2201 primum
746 2140 814 2186 vel
839 2141 1078 2186 secundum
1104 2141 1234 2186 diem.
1261 2145 1425 2187 Ascen-

33 2213 99 2257 dit
121 2222 266 2257 autem
291 2221 437 2271 postea
454 2246 465 2267 ,
485 2221 535 2255 ut
556 2212 843 2271 Evangelium
866 2211 1077 2272 loquitur,
1099 2231 1118 2254 «
1139 2212 1329 2257 mediato
1353 2213 1424 2257 die

37 2302 58 2326 »
92 2283 230 2328 festo⁰
245 2319 256 2336 ‚
284 2302 304 2325 »
336 2282 380 2327 id
402 2292 465 2327 est
483 2318 493 2338 ‚
519 2298 619 2327 cum
638 2284 729 2343 jam
756 2283 871 2327 illius
898 2284 984 2327 diei
1007 2282 1102 2328 festi
1125 2293 1190 2328 tot
1208 2283 1298 2328 dies
1315 2300 1424 2344 prae-

33 2355 247 2398 teriissent
280 2363 389 2414 quot
430 2354 747 2397 remansissent.
785 2356 928 2413 Ipsam
961 2354 1078 2398 enim
1115 2352 1419 2410 festivitatem,

34 2435 246 2485 quantum
267 2424 603 2484 intelligendum
627 2434 706 2480 est,
725 2425 880 2469 diebus
901 2425 1099 2484 pluribus
1121 2426 1417 2470 celebrabant.

84 2527 90 2542 ¹
114 2521 226 2552 Matth.
255 2531 287 2561 v,
312 2520 343 2551 6.
365 2537 407 2542 -
427 2527 439 2542 ²
465 2531 477 2553 1
511 2522 585 2553 Cor.
605 2531 638 2562 x,
656 2519 689 2562 4.
711 2537 743 2544 ·-
773 2519 786 2543 3
807 2521 900 2556 Num.
923 2531 979 2563 xx,
1003 2533 1053 2555 11.
1075 2538 1116 2546 —
1133 2521 1148 2551 4
1174 2524 1266 2554 Joan.
1289 2531 1345 2561 vn,
1368 2533 1417 2555 ιι.

36 2593 77 2598 -
93 2575 108 2599 5
126 2577 208 2609 lbid.
227 2579 259 2610 8.
282 2594 322 2600 —
340 2574 453 2609 61bid.
479 2575 530 2618 14.
