1825 3214
271 225 312 251 m
347 222 521 252 somme
552 221 835 252 Evmonmuu
856 240 868 262 ,
901 221 1048 252 TnAcT.
1086 225 1155 252 x1..
1323 211 1406 251 435

27 385 335 404 mmm

867 386 937 403 m

1140 386 1410 404 mmm

450 513 858 562 TRACTATUS
890 515 989 562 XL.

27 680 95 725 Ab
115 694 167 726 eo
201 679 314 736 loco,
341 678 483 726 Disit
508 696 622 742 ergo
645 679 711 725 eis
729 679 893 736 Jesus,
935 678 1056 725 Cam
1084 679 1417 726 exaltaveritis

69 750 232 812 filium
273 750 478 796 lmmim's
503 770 513 796 :
539 769 676 813 usque
699 752 752 796 ad
776 752 846 806 id,
873 751 942 797 Et
975 753 1271 815 cognoscetis
1293 752 1420 797 veri-

87 829 237 868 tatem
260 833 304 868 et
321 823 501 868 veritas
520 821 745 868 liberabit
767 839 864 868 vos.

90 981 123 1023 1.
150 981 214 1023 DE
233 989 381 1024 sancto
395 979 633 1039 Evangelio
657 980 899 1024 secundum
918 983 1131 1025 Joannem
1147 1016 1158 1036 ‚
1181 982 1301 1041 quod
1323 996 1420 1040 ges-

30 1060 121 1094 tare
144 1066 222 1094 nos
242 1050 396 1095 videtis
421 1050 463 1094 in
503 1051 729 1106 manibus,
754 1053 844 1111 jam
875 1052 1012 1096 multa
1038 1052 1204 1096 audivit
1226 1053 1424 1097 Charitas

32 1121 198 1175 Vestra,
224 1137 323 1180 quae
350 1123 438 1165 Deo
465 1120 659 1164 donante
688 1120 799 1165 sieut
828 1122 1049 1179 potuimus
1085 1122 1422 1182 disputavimus,

31 1190 384 1236 commendantes
406 1191 528 1235 vobis
550 1191 733 1235 maxime
755 1193 883 1236 istum
910 1193 1234 1252 Evangelistam
1255 1193 1308 1237 de
1338 1198 1426 1238 Do-

32 1262 137 1306 mini
159 1262 404 1317 divinitate,
431 1261 671 1306 seeundum
694 1279 826 1323 quam
850 1263 1029 1323 {equalis
1053 1274 1117 1308 est
1142 1265 1257 1308 Patri
1279 1273 1321 1308 et
1345 1265 1423 1308 Fi-

32 1333 113 1378 lius
136 1335 287 1378 unicus
311 1334 386 1378 Dei
405 1370 415 1388 ,
442 1333 562 1395 loqui
585 1334 784 1393 elegisse,
805 1345 847 1378 et
871 1345 1098 1394 propterea
1121 1336 1279 1396 aquilae
1301 1352 1426 1381 com-

31 1414 231 1464 paratum
269 1424 277 1449 :
317 1403 436 1449 nulla
471 1405 635 1465 quippe
674 1405 762 1448 avis
792 1404 939 1449 volare
978 1404 1106 1450 altius
1149 1406 1423 1465 perhibetur.

32 1475 220 1520 Proinde
242 1491 341 1536 quae
373 1492 423 1519 ex
446 1474 598 1519 ordine
626 1474 955 1535 subsequuntur
971 1511 982 1530 ,
1011 1477 1122 1520 sicut
1143 1492 1192 1521 ea
1216 1478 1426 1523 Dominus

34 1555 215 1591 tractare
236 1544 489 1601 donaverit,
514 1546 801 1590 intentissime
834 1546 993 1590 audite.

92 1619 146 1661 ΙΙ.
175 1617 328 1661 Locuti
366 1633 516 1661 sumus
538 1616 661 1660 vobis
691 1615 746 1660 de
784 1617 1049 1675 praecedenti
1083 1616 1290 1673 lectione,
1323 1620 1425 1664 insi-

32 1698 217 1733 nuantes
239 1688 460 1749 quomodo
483 1687 750 1746 intelligatur
773 1692 901 1732 Pater
919 1704 1071 1741 verax,
1093 1689 1226 1734 Filius
1251 1692 1420 1736 veritas.

32 1761 145 1804 Cum
169 1769 314 1802 autem
343 1759 516 1803 dixisset
541 1759 750 1802 Dominus
788 1760 928 1813 Jesus,
958 1779 977 1800 «
999 1762 1139 1803 Verax
1163 1770 1226 1804 est
1247 1762 1322 1820 qui
1357 1777 1425 1805 me

35 1847 56 1870 »
93 1829 207 1873 misit
224 1831 266 1886 ¹3
291 1848 308 1870 »
335 1844 424 1872 non
446 1827 755 1872 intellexerunt
779 1828 922 1880 Judaei
955 1828 1074 1888 quod
1112 1829 1166 1873 de
1191 1834 1315 1874 Patre
1342 1831 1426 1876 illis

34 1898 214 1943 diceret.
240 1901 298 1943 Et
330 1899 389 1942 ait
411 1898 492 1942 illis
527 1899 648 1958 quod
671 1898 805 1942 modo
827 1914 928 1943 cum
961 1898 1179 1959 legeretur
1215 1901 1423 1961 audistis3

39 1990 58 2012 «
93 1972 204 2015 Cum
243 1969 528 2013 exaltaveritis
570 1968 709 2012 filium
749 1969 936 2013 hominis
956 2005 966 2024 ‚
1013 1980 1116 2015 tune
1158 1974 1424 2030 cognoscetis

38 2059 58 2081 »
94 2040 194 2099 quia
214 2055 294 2098 ego
316 2054 429 2093 sum,
453 2048 535 2082 eta
559 2054 627 2082 me
643 2039 735 2098 ipso
759 2037 871 2083 facio
895 2039 1025 2091 nihil,
1053 2043 1125 2085 sed
1149 2044 1258 2087 sieut.
1276 2045 1426 2088 docuit

40 2130 58 2151 υ
97 2125 164 2153 me
199 2113 348 2163 Pater,
380 2109 474 2152 haec
505 2107 702 2168 loquor&
733 2127 753 2150 »
780 2109 897 2162 Quid
928 2120 992 2154 est
1020 2111 1134 2156 hoc?
1162 2113 1278 2157 Nihil
1307 2115 1422 2158 enim

37 2180 157 2226 aliud
178 2179 350 2224 videtur
367 2178 541 2234 dixisse,
569 2180 648 2222 nisi
666 2196 736 2224 eos
758 2190 852 2239 post
871 2182 1110 2240 passionem
1127 2200 1248 2227 suam
1272 2187 1424 2244 cogni-

37 2262 157 2297 turos
169 2252 264 2313 quis
278 2250 565 2295 esset.Procul
581 2249 718 2294 dubio
731 2267 831 2309 ergo
850 2251 1025 2296 videbat
1042 2254 1101 2297 ibi
1118 2254 1301 2315 aliquos,
1318 2273 1426 2316 quos

37 2326 128 2385 ipse
151 2334 351 2378 noverat,
366 2340 474 2384 quos
499 2323 588 2382 ipse
608 2339 706 2367 cum
731 2324 895 2368 caeteris
912 2325 1068 2368 sanctis
1091 2326 1177 2369 suis
1192 2336 1291 2370 ante
1304 2343 1427 2372 eons-

38 2395 286 2441 titutionem
320 2395 474 2438 mundi
508 2392 775 2453 praeseiendo
809 2394 1020 2453 elegerat,
1054 2405 1150 2454 post
1184 2398 1424 2454 passionem

40 2482 162 2510 suam
180 2481 269 2510 esse
285 2463 541 2510 credituros.
566 2462 653 2522 Ipsi
675 2473 777 2508 sunt
798 2462 862 2507 illi
883 2480 992 2524 quos
1014 2465 1183 2510 assidue
1204 2461 1427 2511 commen-

92 2569 101 2586 ¹
121 2564 213 2595 Joau.
240 2572 306 2597 vm,
324 2560 380 2594 26.
400 2576 442 2583 —
462 2566 475 2583 ²
493 2559 576 2593 lbid.
605 2561 659 2592 28.

1200 2614 1265 2652 28.
