<?xml version="1.0" encoding="UTF-8"?>
<!DOCTYPE html PUBLIC "-//W3C//DTD XHTML 1.0 Transitional//EN"
    "http://www.w3.org/TR/xhtml1/DTD/xhtml1-transitional.dtd">
<html xmlns="http://www.w3.org/1999/xhtml" xml:lang="en" lang="en">
 <head>
  <title>
</title>
<meta http-equiv="Content-Type" content="text/html;charset=utf-8" />
  <meta name='ocr-system' content='tesseract 3.04.00' />
  <meta name='ocr-capabilities' content='ocr_page ocr_carea ocr_par ocr_line ocrx_word'/>
</head>
<body>
  <div class='ocr_page' id='page_1' title='image "./operaomniaaccura15auguuoft_0511.png"; bbox 0 0 1825 3214; ppageno 0'>
   <div class='ocr_carea' id='block_1_1' title="bbox 315 156 1459 204">
    <p class='ocr_par' dir='ltr' id='par_1_1' title="bbox 315 156 1459 204">
     <span class='ocr_line' id='line_1_1' title="bbox 315 156 1459 204; baseline 0.002 -12"><span class='ocrx_word' id='word_1_1' title='bbox 315 167 357 193; x_wconf 62' lang='lat' dir='ltr'><strong>uu</strong></span> <span class='ocrx_word' id='word_1_2' title='bbox 391 164 565 195; x_wconf 68' lang='lat' dir='ltr'><strong>somma</strong></span> <span class='ocrx_word' id='word_1_3' title='bbox 598 164 910 204; x_wconf 67' lang='lat' dir='ltr'><strong>nummum,</strong></span> <span class='ocrx_word' id='word_1_4' title='bbox 948 164 1094 194; x_wconf 60' lang='lat' dir='ltr'><strong>mter.</strong></span> <span class='ocrx_word' id='word_1_5' title='bbox 1132 168 1230 193; x_wconf 62' lang='lat' dir='ltr'><strong>xxv.</strong></span> <span class='ocrx_word' id='word_1_6' title='bbox 1377 156 1459 194; x_wconf 75' lang='lat'><strong>499</strong></span> 
     </span>
    </p>
   </div>
   <div class='ocr_carea' id='block_1_2' title="bbox 70 230 1464 2400">
    <p class='ocr_par' dir='ltr' id='par_1_2' title="bbox 74 230 1458 501">
     <span class='ocr_line' id='line_1_2' title="bbox 81 230 1454 286; baseline 0.004 -16"><span class='ocrx_word' id='word_1_7' title='bbox 81 246 100 270; x_wconf 93' lang='lat'>»</span> <span class='ocrx_word' id='word_1_8' title='bbox 135 244 225 274; x_wconf 90' lang='lat' dir='ltr'><strong>non</strong></span> <span class='ocrx_word' id='word_1_9' title='bbox 258 241 475 276; x_wconf 90' lang='lat' dir='ltr'><strong>noverunt</strong></span> <span class='ocrx_word' id='word_1_10' title='bbox 505 245 655 275; x_wconf 91' lang='lat' dir='ltr'><strong>vocem</strong></span> <span class='ocrx_word' id='word_1_11' title='bbox 683 230 965 274; x_wconf 79' lang='lat' dir='ltr'><strong>alienorum&#39;.</strong></span> <span class='ocrx_word' id='word_1_12' title='bbox 995 249 1014 272; x_wconf 86' lang='lat'>»</span> <span class='ocrx_word' id='word_1_13' title='bbox 1040 235 1167 275; x_wconf 87' lang='lat' dir='ltr'><strong>Tecta</strong></span> <span class='ocrx_word' id='word_1_14' title='bbox 1202 240 1303 275; x_wconf 89' lang='lat' dir='ltr'><strong>sunt</strong></span> <span class='ocrx_word' id='word_1_15' title='bbox 1333 231 1454 286; x_wconf 79' lang='lat' dir='ltr'><strong>hoec,</strong></span> 
     </span>
     <span class='ocr_line' id='line_1_3' title="bbox 76 299 1458 361; baseline 0.002 -19"><span class='ocrx_word' id='word_1_16' title='bbox 76 299 203 358; x_wconf 92' lang='lat' dir='ltr'><strong>plena</strong></span> <span class='ocrx_word' id='word_1_17' title='bbox 227 301 556 360; x_wconf 76' lang='lat' dir='ltr'><strong>quaestionibus,</strong></span> <span class='ocrx_word' id='word_1_18' title='bbox 582 301 756 358; x_wconf 88' lang='lat' dir='ltr'><strong>gravida</strong></span> <span class='ocrx_word' id='word_1_19' title='bbox 780 302 1070 344; x_wconf 80' lang='lat' dir='ltr'><strong>sacramentis.</strong></span> <span class='ocrx_word' id='word_1_20' title='bbox 1096 305 1337 361; x_wconf 78' lang='lat' dir='ltr'><strong>Sequainur</strong></span> <span class='ocrx_word' id='word_1_21' title='bbox 1354 317 1458 360; x_wconf 88' lang='lat' dir='ltr'><strong>ergo</strong></span> 
     </span>
     <span class='ocr_line' id='line_1_4' title="bbox 74 369 1457 431; baseline 0.002 -18"><span class='ocrx_word' id='word_1_22' title='bbox 74 377 118 413; x_wconf 88' lang='lat' dir='ltr'><strong>et</strong></span> <span class='ocrx_word' id='word_1_23' title='bbox 137 369 364 415; x_wconf 84' lang='lat' dir='ltr'>audiamus</span> <span class='ocrx_word' id='word_1_24' title='bbox 392 371 647 429; x_wconf 88' lang='lat' dir='ltr'><strong>magistrum</strong></span> <span class='ocrx_word' id='word_1_25' title='bbox 675 385 727 414; x_wconf 87' lang='lat' dir='ltr'><strong>ex</strong></span> <span class='ocrx_word' id='word_1_26' title='bbox 749 370 814 414; x_wconf 90' lang='lat' dir='ltr'><strong>his</strong></span> <span class='ocrx_word' id='word_1_27' title='bbox 837 371 1032 414; x_wconf 80' lang='lat' dir='ltr'>obscuris</span> <span class='ocrx_word' id='word_1_28' title='bbox 1064 370 1228 431; x_wconf 89' lang='lat' dir='ltr'><strong>aliquid</strong></span> <span class='ocrx_word' id='word_1_29' title='bbox 1257 372 1457 429; x_wconf 89' lang='lat' dir='ltr'><strong>aperien-</strong></span> 
     </span>
     <span class='ocr_line' id='line_1_5' title="bbox 76 439 1447 501; baseline 0.002 -19"><span class='ocrx_word' id='word_1_30' title='bbox 76 447 163 482; x_wconf 89' lang='lat' dir='ltr'><strong>tem</strong></span> <span class='ocrx_word' id='word_1_31' title='bbox 181 459 191 494; x_wconf 82' lang='lat'>3</span> <span class='ocrx_word' id='word_1_32' title='bbox 211 449 254 484; x_wconf 92' lang='lat' dir='ltr'><strong>et</strong></span> <span class='ocrx_word' id='word_1_33' title='bbox 273 455 349 499; x_wconf 90' lang='lat' dir='ltr'><strong>per</strong></span> <span class='ocrx_word' id='word_1_34' title='bbox 369 439 414 484; x_wconf 92' lang='lat' dir='ltr'><strong>id</strong></span> <span class='ocrx_word' id='word_1_35' title='bbox 441 440 560 501; x_wconf 89' lang='lat' dir='ltr'><strong>quod</strong></span> <span class='ocrx_word' id='word_1_36' title='bbox 589 441 727 500; x_wconf 88' lang='lat' dir='ltr'><strong>aperit</strong></span> <span class='ocrx_word' id='word_1_37' title='bbox 742 475 753 495; x_wconf 90' lang='lat'><strong>,</strong></span> <span class='ocrx_word' id='word_1_38' title='bbox 780 455 858 484; x_wconf 94' lang='lat' dir='ltr'><strong>nos</strong></span> <span class='ocrx_word' id='word_1_39' title='bbox 881 439 992 484; x_wconf 85' lang='lat' dir='ltr'><strong>forte</strong></span> <span class='ocrx_word' id='word_1_40' title='bbox 1014 441 1173 485; x_wconf 86' lang='lat' dir='ltr'><strong>intrare</strong></span> <span class='ocrx_word' id='word_1_41' title='bbox 1201 441 1447 485; x_wconf 84' lang='lat' dir='ltr'><strong>facientem.</strong></span> 
     </span>
    </p>

    <p class='ocr_par' dir='ltr' id='par_1_3' title="bbox 70 509 1464 2119">
     <span class='ocr_line' id='line_1_6' title="bbox 134 509 1461 570; baseline 0.002 -17"><span class='ocrx_word' id='word_1_42' title='bbox 134 511 231 553; x_wconf 87' lang='lat' dir='ltr'>VII.</span> <span class='ocrx_word' id='word_1_43' title='bbox 260 527 280 552; x_wconf 92' lang='lat'>«</span> <span class='ocrx_word' id='word_1_44' title='bbox 305 513 396 555; x_wconf 88' lang='lat' dir='ltr'><strong>Hoc</strong></span> <span class='ocrx_word' id='word_1_45' title='bbox 418 510 698 570; x_wconf 88' lang='lat' dir='ltr'><strong>proverbium</strong></span> <span class='ocrx_word' id='word_1_46' title='bbox 716 510 825 555; x_wconf 83' lang='lat' dir='ltr'>dixit</span> <span class='ocrx_word' id='word_1_47' title='bbox 841 509 923 554; x_wconf 90' lang='lat' dir='ltr'><strong>illis</strong></span> <span class='ocrx_word' id='word_1_48' title='bbox 948 512 1070 554; x_wconf 86' lang='lat' dir='ltr'><strong>Jcsus</strong></span> <span class='ocrx_word' id='word_1_49' title='bbox 1086 545 1097 565; x_wconf 96' lang='lat'><strong>,</strong></span> <span class='ocrx_word' id='word_1_50' title='bbox 1122 510 1183 554; x_wconf 91' lang='lat' dir='ltr'><strong>illi</strong></span> <span class='ocrx_word' id='word_1_51' title='bbox 1203 520 1347 555; x_wconf 89' lang='lat' dir='ltr'><strong>autem</strong></span> <span class='ocrx_word' id='word_1_52' title='bbox 1370 527 1461 556; x_wconf 89' lang='lat' dir='ltr'><strong>non</strong></span> 
     </span>
     <span class='ocr_line' id='line_1_7' title="bbox 75 581 1456 642; baseline 0.002 -19"><span class='ocrx_word' id='word_1_53' title='bbox 75 591 376 637; x_wconf 87' lang='lat' dir='ltr'><strong>cognoverunt</strong></span> <span class='ocrx_word' id='word_1_54' title='bbox 397 581 506 642; x_wconf 86' lang='lat' dir='ltr'><strong>quid</strong></span> <span class='ocrx_word' id='word_1_55' title='bbox 528 581 780 642; x_wconf 85' lang='lat' dir='ltr'><strong>loqueretur</strong></span> <span class='ocrx_word' id='word_1_56' title='bbox 799 581 858 626; x_wconf 92' lang='lat' dir='ltr'><strong>eis</strong></span> <span class='ocrx_word' id='word_1_57' title='bbox 870 584 904 626; x_wconf 76' lang='lat'><strong>².</strong></span> <span class='ocrx_word' id='word_1_58' title='bbox 933 598 955 623; x_wconf 88' lang='lat'>»</span> <span class='ocrx_word' id='word_1_59' title='bbox 979 584 1109 626; x_wconf 85' lang='lat' dir='ltr'><strong>Forte</strong></span> <span class='ocrx_word' id='word_1_60' title='bbox 1124 596 1203 625; x_wconf 88' lang='lat' dir='ltr'><strong>nec</strong></span> <span class='ocrx_word' id='word_1_61' title='bbox 1225 597 1316 626; x_wconf 93' lang='lat' dir='ltr'><strong>nos.</strong></span> <span class='ocrx_word' id='word_1_62' title='bbox 1338 583 1456 634; x_wconf 88' lang='lat' dir='ltr'><strong>Quid</strong></span> 
     </span>
     <span class='ocr_line' id='line_1_8' title="bbox 75 652 1464 712; baseline 0.002 -19"><span class='ocrx_word' id='word_1_63' title='bbox 75 664 178 709; x_wconf 86' lang='lat' dir='ltr'><strong>ergo</strong></span> <span class='ocrx_word' id='word_1_64' title='bbox 200 652 378 696; x_wconf 88' lang='lat' dir='ltr'><strong>interest</strong></span> <span class='ocrx_word' id='word_1_65' title='bbox 394 653 506 696; x_wconf 89' lang='lat' dir='ltr'><strong>inter</strong></span> <span class='ocrx_word' id='word_1_66' title='bbox 525 652 620 697; x_wconf 93' lang='lat' dir='ltr'><strong>illos</strong></span> <span class='ocrx_word' id='word_1_67' title='bbox 638 661 680 697; x_wconf 92' lang='lat' dir='ltr'><strong>et</strong></span> <span class='ocrx_word' id='word_1_68' title='bbox 697 667 774 697; x_wconf 90' lang='lat' dir='ltr'><strong>nos</strong></span> <span class='ocrx_word' id='word_1_69' title='bbox 786 687 797 708; x_wconf 91' lang='lat'><strong>,</strong></span> <span class='ocrx_word' id='word_1_70' title='bbox 815 661 1050 712; x_wconf 87' lang='lat' dir='ltr'><strong>antequam</strong></span> <span class='ocrx_word' id='word_1_71' title='bbox 1071 652 1150 696; x_wconf 91' lang='lat' dir='ltr'><strong>ista</strong></span> <span class='ocrx_word' id='word_1_72' title='bbox 1164 653 1295 696; x_wconf 86' lang='lat' dir='ltr'><strong>verba</strong></span> <span class='ocrx_word' id='word_1_73' title='bbox 1311 667 1464 711; x_wconf 86' lang='lat' dir='ltr'><strong>agnos-</strong></span> 
     </span>
     <span class='ocr_line' id='line_1_9' title="bbox 74 722 1461 784; baseline 0.001 -19"><span class='ocrx_word' id='word_1_74' title='bbox 74 736 222 766; x_wconf 89' lang='lat' dir='ltr'><strong>camus</strong></span> <span class='ocrx_word' id='word_1_75' title='bbox 243 731 287 767; x_wconf 94' lang='lat' dir='ltr'><strong>et</strong></span> <span class='ocrx_word' id='word_1_76' title='bbox 307 725 415 768; x_wconf 82' lang='lat' dir='ltr'><strong>nos?</strong></span> <span class='ocrx_word' id='word_1_77' title='bbox 441 724 551 777; x_wconf 85' lang='lat' dir='ltr'><strong>Quia</strong></span> <span class='ocrx_word' id='word_1_78' title='bbox 569 739 647 769; x_wconf 94' lang='lat' dir='ltr'><strong>nos</strong></span> <span class='ocrx_word' id='word_1_79' title='bbox 670 724 891 784; x_wconf 87' lang='lat' dir='ltr'><strong>pulsamus</strong></span> <span class='ocrx_word' id='word_1_80' title='bbox 913 732 962 768; x_wconf 93' lang='lat' dir='ltr'><strong>ut</strong></span> <span class='ocrx_word' id='word_1_81' title='bbox 975 723 1192 782; x_wconf 88' lang='lat' dir='ltr'><strong>aperiatur</strong></span> <span class='ocrx_word' id='word_1_82' title='bbox 1215 722 1340 767; x_wconf 89' lang='lat' dir='ltr'><strong>nobis</strong></span> <span class='ocrx_word' id='word_1_83' title='bbox 1368 742 1377 767; x_wconf 70' lang='grc' dir='ltr'>ε</span> <span class='ocrx_word' id='word_1_84' title='bbox 1397 723 1461 766; x_wconf 88' lang='lat' dir='ltr'><strong>illi</strong></span> 
     </span>
     <span class='ocr_line' id='line_1_10' title="bbox 73 793 1460 853; baseline 0.001 -17"><span class='ocrx_word' id='word_1_85' title='bbox 73 801 219 837; x_wconf 86' lang='lat' dir='ltr'><strong>autem</strong></span> <span class='ocrx_word' id='word_1_86' title='bbox 241 794 463 839; x_wconf 79' lang='lat' dir='ltr'><strong>Christum</strong></span> <span class='ocrx_word' id='word_1_87' title='bbox 487 795 686 853; x_wconf 84' lang='lat' dir='ltr'><strong>negando</strong></span> <span class='ocrx_word' id='word_1_88' title='bbox 715 795 924 840; x_wconf 85' lang='lat' dir='ltr'><strong>nolebant</strong></span> <span class='ocrx_word' id='word_1_89' title='bbox 956 795 1116 839; x_wconf 89' lang='lat' dir='ltr'><strong>intrare</strong></span> <span class='ocrx_word' id='word_1_90' title='bbox 1134 793 1357 850; x_wconf 86' lang='lat' dir='ltr'><strong>servandi,</strong></span> <span class='ocrx_word' id='word_1_91' title='bbox 1382 793 1460 837; x_wconf 89' lang='lat' dir='ltr'><strong>sed</strong></span> 
     </span>
     <span class='ocr_line' id='line_1_11' title="bbox 75 862 1462 926; baseline 0.003 -19"><span class='ocrx_word' id='word_1_92' title='bbox 75 862 178 908; x_wconf 84' lang='lat' dir='ltr'><strong>foris</strong></span> <span class='ocrx_word' id='word_1_93' title='bbox 212 880 434 910; x_wconf 85' lang='lat' dir='ltr'><strong>remanere</strong></span> <span class='ocrx_word' id='word_1_94' title='bbox 469 867 696 926; x_wconf 90' lang='lat' dir='ltr'><strong>perdendi.</strong></span> <span class='ocrx_word' id='word_1_95' title='bbox 726 868 855 920; x_wconf 91' lang='lat' dir='ltr'><strong>Quod</strong></span> <span class='ocrx_word' id='word_1_96' title='bbox 893 881 993 925; x_wconf 85' lang='lat' dir='ltr'><strong>ergo</strong></span> <span class='ocrx_word' id='word_1_97' title='bbox 1025 882 1103 912; x_wconf 89' lang='lat' dir='ltr'><strong>nos</strong></span> <span class='ocrx_word' id='word_1_98' title='bbox 1139 865 1341 911; x_wconf 87' lang='lat' dir='ltr'><strong>audimus</strong></span> <span class='ocrx_word' id='word_1_99' title='bbox 1366 866 1462 911; x_wconf 82' lang='lat' dir='ltr'><strong>haec</strong></span> 
     </span>
     <span class='ocr_line' id='line_1_12' title="bbox 75 935 1463 998; baseline 0.001 -20"><span class='ocrx_word' id='word_1_100' title='bbox 75 935 144 993; x_wconf 91' lang='lat' dir='ltr'><strong>pie</strong></span> <span class='ocrx_word' id='word_1_101' title='bbox 159 970 170 989; x_wconf 96' lang='lat'><strong>,</strong></span> <span class='ocrx_word' id='word_1_102' title='bbox 195 936 315 994; x_wconf 91' lang='lat' dir='ltr'><strong>quod</strong></span> <span class='ocrx_word' id='word_1_103' title='bbox 338 946 573 998; x_wconf 85' lang='lat' dir='ltr'><strong>antequam</strong></span> <span class='ocrx_word' id='word_1_104' title='bbox 595 937 668 982; x_wconf 91' lang='lat' dir='ltr'><strong>illa</strong></span> <span class='ocrx_word' id='word_1_105' title='bbox 684 938 1001 996; x_wconf 83' lang='lat' dir='ltr'><strong>intelligamus,</strong></span> <span class='ocrx_word' id='word_1_106' title='bbox 1020 937 1233 982; x_wconf 88' lang='lat' dir='ltr'><strong>credimus</strong></span> <span class='ocrx_word' id='word_1_107' title='bbox 1250 952 1350 982; x_wconf 90' lang='lat' dir='ltr'><strong>vera</strong></span> <span class='ocrx_word' id='word_1_108' title='bbox 1372 951 1463 981; x_wconf 89' lang='lat' dir='ltr'><strong>esse</strong></span> 
     </span>
     <span class='ocr_line' id='line_1_13' title="bbox 75 1006 1458 1066; baseline 0.001 -17"><span class='ocrx_word' id='word_1_109' title='bbox 75 1013 206 1064; x_wconf 89' lang='lat' dir='ltr'><strong>atque</strong></span> <span class='ocrx_word' id='word_1_110' title='bbox 227 1006 372 1051; x_wconf 90' lang='lat' dir='ltr'><strong>divina</strong></span> <span class='ocrx_word' id='word_1_111' title='bbox 390 1043 401 1063; x_wconf 95' lang='lat'><strong>,</strong></span> <span class='ocrx_word' id='word_1_112' title='bbox 438 1022 593 1066; x_wconf 86' lang='lat' dir='ltr'><strong>magna</strong></span> <span class='ocrx_word' id='word_1_113' title='bbox 615 1008 668 1051; x_wconf 91' lang='lat' dir='ltr'><strong>ab</strong></span> <span class='ocrx_word' id='word_1_114' title='bbox 698 1009 786 1052; x_wconf 87' lang='lat' dir='ltr'><strong>istis</strong></span> <span class='ocrx_word' id='word_1_115' title='bbox 808 1008 1054 1052; x_wconf 85' lang='lat' dir='ltr'><strong>diversitate</strong></span> <span class='ocrx_word' id='word_1_116' title='bbox 1088 1007 1312 1052; x_wconf 89' lang='lat' dir='ltr'><strong>distamus.</strong></span> <span class='ocrx_word' id='word_1_117' title='bbox 1343 1010 1458 1053; x_wconf 86' lang='lat' dir='ltr'><strong>Cum</strong></span> 
     </span>
     <span class='ocr_line' id='line_1_14' title="bbox 75 1075 1458 1138; baseline 0.001 -19"><span class='ocrx_word' id='word_1_118' title='bbox 75 1075 192 1120; x_wconf 87' lang='lat' dir='ltr'><strong>enirn</strong></span> <span class='ocrx_word' id='word_1_119' title='bbox 216 1076 304 1122; x_wconf 91' lang='lat' dir='ltr'><strong>duo</strong></span> <span class='ocrx_word' id='word_1_120' title='bbox 340 1078 525 1123; x_wconf 91' lang='lat' dir='ltr'><strong>audiunt</strong></span> <span class='ocrx_word' id='word_1_121' title='bbox 556 1079 687 1123; x_wconf 90' lang='lat' dir='ltr'><strong>verba</strong></span> <span class='ocrx_word' id='word_1_122' title='bbox 711 1078 960 1138; x_wconf 81' lang='lat' dir='ltr'><strong>Evangelii,</strong></span> <span class='ocrx_word' id='word_1_123' title='bbox 994 1094 1107 1122; x_wconf 91' lang='lat' dir='ltr'><strong>unus</strong></span> <span class='ocrx_word' id='word_1_124' title='bbox 1138 1079 1321 1137; x_wconf 74' lang='lat' dir='ltr'><strong>impius,</strong></span> <span class='ocrx_word' id='word_1_125' title='bbox 1349 1078 1458 1122; x_wconf 88' lang='lat' dir='ltr'><strong>alter</strong></span> 
     </span>
     <span class='ocr_line' id='line_1_15' title="bbox 76 1146 1459 1207; baseline 0.001 -17"><span class='ocrx_word' id='word_1_126' title='bbox 76 1146 195 1205; x_wconf 89' lang='lat' dir='ltr'><strong>pius,</strong></span> <span class='ocrx_word' id='word_1_127' title='bbox 230 1157 272 1192; x_wconf 92' lang='lat' dir='ltr'><strong>et</strong></span> <span class='ocrx_word' id='word_1_128' title='bbox 305 1149 406 1193; x_wconf 88' lang='lat' dir='ltr'><strong>talia</strong></span> <span class='ocrx_word' id='word_1_129' title='bbox 429 1158 531 1193; x_wconf 91' lang='lat' dir='ltr'><strong>sunt</strong></span> <span class='ocrx_word' id='word_1_130' title='bbox 552 1158 601 1193; x_wconf 89' lang='lat' dir='ltr'><strong>ut</strong></span> <span class='ocrx_word' id='word_1_131' title='bbox 636 1149 749 1193; x_wconf 87' lang='lat' dir='ltr'><strong>forte</strong></span> <span class='ocrx_word' id='word_1_132' title='bbox 776 1150 905 1193; x_wconf 82' lang='lat' dir='ltr'><strong>ambo</strong></span> <span class='ocrx_word' id='word_1_133' title='bbox 930 1165 1019 1194; x_wconf 93' lang='lat' dir='ltr'><strong>non</strong></span> <span class='ocrx_word' id='word_1_134' title='bbox 1052 1149 1325 1207; x_wconf 81' lang='lat' dir='ltr'><strong>intelligant,</strong></span> <span class='ocrx_word' id='word_1_135' title='bbox 1345 1163 1459 1192; x_wconf 86' lang='lat' dir='ltr'><strong>unus</strong></span> 
     </span>
     <span class='ocr_line' id='line_1_16' title="bbox 74 1216 1464 1274; baseline 0.002 -15"><span class='ocrx_word' id='word_1_136' title='bbox 74 1216 179 1261; x_wconf 89' lang='lat' dir='ltr'><strong>dicit</strong></span> <span class='ocrx_word' id='word_1_137' title='bbox 197 1252 208 1273; x_wconf 94' lang='lat'><strong>,</strong></span> <span class='ocrx_word' id='word_1_138' title='bbox 230 1217 348 1263; x_wconf 91' lang='lat' dir='ltr'><strong>Nihil</strong></span> <span class='ocrx_word' id='word_1_139' title='bbox 369 1218 475 1263; x_wconf 85' lang='lat' dir='ltr'><strong>dixit</strong></span> <span class='ocrx_word' id='word_1_140' title='bbox 502 1238 510 1264; x_wconf 75' lang='grc' dir='ltr'>ι</span> <span class='ocrx_word' id='word_1_141' title='bbox 531 1219 638 1263; x_wconf 89' lang='lat' dir='ltr'><strong>alius</strong></span> <span class='ocrx_word' id='word_1_142' title='bbox 657 1219 784 1274; x_wconf 91' lang='lat' dir='ltr'><strong>dicit,</strong></span> <span class='ocrx_word' id='word_1_143' title='bbox 805 1222 969 1263; x_wconf 88' lang='lat' dir='ltr'><strong>Verum</strong></span> <span class='ocrx_word' id='word_1_144' title='bbox 989 1219 1119 1273; x_wconf 82' lang='lat' dir='ltr'><strong>dixit,</strong></span> <span class='ocrx_word' id='word_1_145' title='bbox 1145 1228 1188 1263; x_wconf 93' lang='lat' dir='ltr'><strong>et</strong></span> <span class='ocrx_word' id='word_1_146' title='bbox 1211 1220 1377 1264; x_wconf 87' lang='lat' dir='ltr'><strong>bonum</strong></span> <span class='ocrx_word' id='word_1_147' title='bbox 1399 1226 1464 1262; x_wconf 88' lang='lat' dir='ltr'><strong>est</strong></span> 
     </span>
     <span class='ocr_line' id='line_1_17' title="bbox 75 1288 1463 1348; baseline 0.001 -18"><span class='ocrx_word' id='word_1_148' title='bbox 75 1288 196 1346; x_wconf 89' lang='lat' dir='ltr'><strong>quod</strong></span> <span class='ocrx_word' id='word_1_149' title='bbox 229 1289 356 1343; x_wconf 83' lang='lat' dir='ltr'><strong>dixit,</strong></span> <span class='ocrx_word' id='word_1_150' title='bbox 391 1289 467 1333; x_wconf 92' lang='lat' dir='ltr'><strong>sed</strong></span> <span class='ocrx_word' id='word_1_151' title='bbox 495 1305 572 1334; x_wconf 92' lang='lat' dir='ltr'><strong>nos</strong></span> <span class='ocrx_word' id='word_1_152' title='bbox 606 1305 696 1334; x_wconf 92' lang='lat' dir='ltr'><strong>non</strong></span> <span class='ocrx_word' id='word_1_153' title='bbox 729 1288 1012 1347; x_wconf 87' lang='lat' dir='ltr'><strong>intelligimus</strong></span> <span class='ocrx_word' id='word_1_154' title='bbox 1039 1307 1047 1333; x_wconf 89' lang='lat'>:</span> <span class='ocrx_word' id='word_1_155' title='bbox 1072 1289 1151 1332; x_wconf 87' lang='lat' dir='ltr'><strong>iste</strong></span> <span class='ocrx_word' id='word_1_156' title='bbox 1184 1290 1287 1348; x_wconf 91' lang='lat' dir='ltr'><strong>quia</strong></span> <span class='ocrx_word' id='word_1_157' title='bbox 1321 1288 1463 1333; x_wconf 91' lang='lat' dir='ltr'><strong>credit</strong></span> 
     </span>
     <span class='ocr_line' id='line_1_18' title="bbox 70 1357 1461 1418; baseline 0.001 -18"><span class='ocrx_word' id='word_1_158' title='bbox 70 1357 161 1416; x_wconf 89' lang='lat' dir='ltr'><strong>jam</strong></span> <span class='ocrx_word' id='word_1_159' title='bbox 183 1358 350 1416; x_wconf 91' lang='lat' dir='ltr'><strong>pulsat,</strong></span> <span class='ocrx_word' id='word_1_160' title='bbox 375 1368 418 1402; x_wconf 86' lang='lat' dir='ltr'><strong>et</strong></span> <span class='ocrx_word' id='word_1_161' title='bbox 440 1358 597 1417; x_wconf 87' lang='lat' dir='ltr'><strong>dignus</strong></span> <span class='ocrx_word' id='word_1_162' title='bbox 620 1368 684 1403; x_wconf 89' lang='lat' dir='ltr'><strong>est</strong></span> <span class='ocrx_word' id='word_1_163' title='bbox 703 1360 773 1403; x_wconf 91' lang='lat' dir='ltr'><strong>cui</strong></span> <span class='ocrx_word' id='word_1_164' title='bbox 795 1360 1031 1418; x_wconf 90' lang='lat' dir='ltr'><strong>aperiatur,</strong></span> <span class='ocrx_word' id='word_1_165' title='bbox 1053 1358 1087 1401; x_wconf 92' lang='lat' dir='ltr'><strong>si</strong></span> <span class='ocrx_word' id='word_1_166' title='bbox 1110 1359 1282 1417; x_wconf 89' lang='lat' dir='ltr'><strong>pulsare</strong></span> <span class='ocrx_word' id='word_1_167' title='bbox 1305 1358 1461 1417; x_wconf 91' lang='lat' dir='ltr'><strong>persis-</strong></span> 
     </span>
     <span class='ocr_line' id='line_1_19' title="bbox 75 1427 1464 1483; baseline 0.001 -12"><span class='ocrx_word' id='word_1_168' title='bbox 75 1435 137 1471; x_wconf 85' lang='lat' dir='ltr'><strong>tat</strong></span> <span class='ocrx_word' id='word_1_169' title='bbox 158 1446 167 1472; x_wconf 83' lang='lat'>:</span> <span class='ocrx_word' id='word_1_170' title='bbox 193 1427 266 1472; x_wconf 90' lang='lat' dir='ltr'><strong>ille</strong></span> <span class='ocrx_word' id='word_1_171' title='bbox 287 1443 388 1473; x_wconf 87' lang='lat' dir='ltr'><strong>vero</strong></span> <span class='ocrx_word' id='word_1_172' title='bbox 405 1428 549 1473; x_wconf 89' lang='lat' dir='ltr'><strong>adhuc</strong></span> <span class='ocrx_word' id='word_1_173' title='bbox 572 1428 716 1483; x_wconf 88' lang='lat' dir='ltr'><strong>audit,</strong></span> <span class='ocrx_word' id='word_1_174' title='bbox 746 1447 767 1471; x_wconf 91' lang='lat'>«</span> <span class='ocrx_word' id='word_1_175' title='bbox 791 1428 880 1472; x_wconf 92' lang='lat' dir='ltr'><strong>Nisi</strong></span> <span class='ocrx_word' id='word_1_176' title='bbox 902 1427 1192 1481; x_wconf 86' lang='lat' dir='ltr'><strong>credideritis,</strong></span> <span class='ocrx_word' id='word_1_177' title='bbox 1218 1443 1308 1472; x_wconf 89' lang='lat' dir='ltr'><strong>non</strong></span> <span class='ocrx_word' id='word_1_178' title='bbox 1330 1428 1464 1472; x_wconf 92' lang='lat' dir='ltr'><strong>intel-</strong></span> 
     </span>
     <span class='ocr_line' id='line_1_20' title="bbox 78 1497 1464 1556; baseline 0.001 -15"><span class='ocrx_word' id='word_1_179' title='bbox 78 1515 98 1537; x_wconf 90' lang='lat'>»</span> <span class='ocrx_word' id='word_1_180' title='bbox 131 1497 313 1556; x_wconf 76' lang='lat' dir='ltr'><strong>ligeti33.</strong></span> <span class='ocrx_word' id='word_1_181' title='bbox 336 1518 352 1540; x_wconf 83' lang='lat'>»</span> <span class='ocrx_word' id='word_1_182' title='bbox 371 1501 514 1552; x_wconf 86' lang='lat' dir='ltr'><strong>Quare</strong></span> <span class='ocrx_word' id='word_1_183' title='bbox 531 1499 611 1543; x_wconf 92' lang='lat' dir='ltr'><strong>ista</strong></span> <span class='ocrx_word' id='word_1_184' title='bbox 629 1498 924 1544; x_wconf 77' lang='lat' dir='ltr'><strong>commendo?</strong></span> <span class='ocrx_word' id='word_1_185' title='bbox 939 1499 1051 1551; x_wconf 84' lang='lat' dir='ltr'><strong>Quia</strong></span> <span class='ocrx_word' id='word_1_186' title='bbox 1069 1498 1197 1542; x_wconf 91' lang='lat' dir='ltr'><strong>etiarn</strong></span> <span class='ocrx_word' id='word_1_187' title='bbox 1215 1513 1315 1541; x_wconf 90' lang='lat' dir='ltr'><strong>cum</strong></span> <span class='ocrx_word' id='word_1_188' title='bbox 1329 1499 1464 1543; x_wconf 90' lang='lat' dir='ltr'><strong>verba</strong></span> 
     </span>
     <span class='ocr_line' id='line_1_21' title="bbox 74 1568 1464 1630; baseline 0.001 -18"><span class='ocrx_word' id='word_1_189' title='bbox 74 1569 174 1625; x_wconf 10' lang='lat' dir='ltr'><strong>haec,</strong></span> <span class='ocrx_word' id='word_1_190' title='bbox 189 1570 372 1615; x_wconf 90' lang='lat' dir='ltr'><strong>obscura</strong></span> <span class='ocrx_word' id='word_1_191' title='bbox 389 1571 500 1615; x_wconf 91' lang='lat' dir='ltr'><strong>sicut</strong></span> <span class='ocrx_word' id='word_1_192' title='bbox 521 1585 696 1630; x_wconf 89' lang='lat' dir='ltr'><strong>possum</strong></span> <span class='ocrx_word' id='word_1_193' title='bbox 711 1585 950 1629; x_wconf 87' lang='lat' dir='ltr'><strong>exposuero</strong></span> <span class='ocrx_word' id='word_1_194' title='bbox 963 1604 973 1623; x_wconf 95' lang='lat'><strong>,</strong></span> <span class='ocrx_word' id='word_1_195' title='bbox 999 1577 1074 1613; x_wconf 89' lang='lat' dir='ltr'><strong>aut</strong></span> <span class='ocrx_word' id='word_1_196' title='bbox 1095 1570 1196 1628; x_wconf 88' lang='lat' dir='ltr'><strong>quia</strong></span> <span class='ocrx_word' id='word_1_197' title='bbox 1213 1568 1340 1613; x_wconf 92' lang='lat' dir='ltr'><strong>valde</strong></span> <span class='ocrx_word' id='word_1_198' title='bbox 1361 1579 1464 1614; x_wconf 89' lang='lat' dir='ltr'><strong>sunt</strong></span> 
     </span>
     <span class='ocr_line' id='line_1_22' title="bbox 71 1638 1458 1699; baseline 0 -16"><span class='ocrx_word' id='word_1_199' title='bbox 71 1639 243 1695; x_wconf 88' lang='lat' dir='ltr'><strong>abdita,</strong></span> <span class='ocrx_word' id='word_1_200' title='bbox 262 1640 331 1685; x_wconf 92' lang='lat' dir='ltr'><strong>vel</strong></span> <span class='ocrx_word' id='word_1_201' title='bbox 353 1656 434 1699; x_wconf 91' lang='lat' dir='ltr'><strong>ego</strong></span> <span class='ocrx_word' id='word_1_202' title='bbox 456 1655 608 1685; x_wconf 90' lang='lat' dir='ltr'><strong>eorum</strong></span> <span class='ocrx_word' id='word_1_203' title='bbox 631 1655 721 1685; x_wconf 91' lang='lat' dir='ltr'><strong>non</strong></span> <span class='ocrx_word' id='word_1_204' title='bbox 744 1639 1074 1699; x_wconf 85' lang='lat' dir='ltr'><strong>apprehendero</strong></span> <span class='ocrx_word' id='word_1_205' title='bbox 1095 1638 1432 1697; x_wconf 88' lang='lat' dir='ltr'><strong>intelligentiam</strong></span> <span class='ocrx_word' id='word_1_206' title='bbox 1446 1674 1458 1695; x_wconf 94' lang='lat'><strong>,</strong></span> 
     </span>
     <span class='ocr_line' id='line_1_23' title="bbox 73 1709 1462 1770; baseline -0.001 -15"><span class='ocrx_word' id='word_1_207' title='bbox 73 1710 143 1755; x_wconf 87' lang='lat' dir='ltr'><strong>vel</strong></span> <span class='ocrx_word' id='word_1_208' title='bbox 163 1709 405 1770; x_wconf 87' lang='lat' dir='ltr'><strong>explicandi</strong></span> <span class='ocrx_word' id='word_1_209' title='bbox 419 1712 541 1770; x_wconf 90' lang='lat' dir='ltr'><strong>quod</strong></span> <span class='ocrx_word' id='word_1_210' title='bbox 556 1710 754 1770; x_wconf 87' lang='lat' dir='ltr'><strong>intelligo</strong></span> <span class='ocrx_word' id='word_1_211' title='bbox 776 1726 865 1754; x_wconf 93' lang='lat' dir='ltr'><strong>non</strong></span> <span class='ocrx_word' id='word_1_212' title='bbox 882 1710 1078 1753; x_wconf 84' lang='lat' dir='ltr'><strong>habuero</strong></span> <span class='ocrx_word' id='word_1_213' title='bbox 1095 1709 1370 1765; x_wconf 86' lang='lat' dir='ltr'><strong>facultatem,</strong></span> <span class='ocrx_word' id='word_1_214' title='bbox 1390 1709 1462 1754; x_wconf 88' lang='lat' dir='ltr'><strong>vel</strong></span> 
     </span>
     <span class='ocr_line' id='line_1_24' title="bbox 76 1780 1460 1841; baseline -0.001 -16"><span class='ocrx_word' id='word_1_215' title='bbox 76 1789 163 1825; x_wconf 89' lang='lat' dir='ltr'><strong>tam</strong></span> <span class='ocrx_word' id='word_1_216' title='bbox 180 1782 313 1826; x_wconf 83' lang='lat' dir='ltr'><strong>fuerit</strong></span> <span class='ocrx_word' id='word_1_217' title='bbox 334 1782 518 1841; x_wconf 91' lang='lat' dir='ltr'><strong>quisque</strong></span> <span class='ocrx_word' id='word_1_218' title='bbox 539 1780 688 1825; x_wconf 89' lang='lat' dir='ltr'><strong>tardus</strong></span> <span class='ocrx_word' id='word_1_219' title='bbox 707 1815 718 1835; x_wconf 95' lang='lat'><strong>,</strong></span> <span class='ocrx_word' id='word_1_220' title='bbox 738 1789 789 1824; x_wconf 90' lang='lat' dir='ltr'><strong>ut</strong></span> <span class='ocrx_word' id='word_1_221' title='bbox 816 1780 947 1824; x_wconf 90' lang='lat' dir='ltr'><strong>etiam</strong></span> <span class='ocrx_word' id='word_1_222' title='bbox 967 1788 1257 1838; x_wconf 83' lang='lat' dir='ltr'><strong>exponentem</strong></span> <span class='ocrx_word' id='word_1_223' title='bbox 1280 1795 1370 1824; x_wconf 92' lang='lat' dir='ltr'><strong>non</strong></span> <span class='ocrx_word' id='word_1_224' title='bbox 1390 1795 1460 1824; x_wconf 89' lang='lat' dir='ltr'><strong>se-</strong></span> 
     </span>
     <span class='ocr_line' id='line_1_25' title="bbox 73 1848 1460 1911; baseline 0 -17"><span class='ocrx_word' id='word_1_225' title='bbox 73 1859 256 1911; x_wconf 89' lang='lat' dir='ltr'><strong>quatur,</strong></span> <span class='ocrx_word' id='word_1_226' title='bbox 281 1866 372 1896; x_wconf 89' lang='lat' dir='ltr'><strong>non</strong></span> <span class='ocrx_word' id='word_1_227' title='bbox 393 1850 448 1895; x_wconf 89' lang='lat' dir='ltr'><strong>de</strong></span> <span class='ocrx_word' id='word_1_228' title='bbox 471 1866 516 1895; x_wconf 88' lang='lat' dir='ltr'><strong>se</strong></span> <span class='ocrx_word' id='word_1_229' title='bbox 546 1851 745 1910; x_wconf 90' lang='lat' dir='ltr'><strong>desperet</strong></span> <span class='ocrx_word' id='word_1_230' title='bbox 765 1869 774 1895; x_wconf 87' lang='lat'>:</span> <span class='ocrx_word' id='word_1_231' title='bbox 794 1858 968 1894; x_wconf 87' lang='lat' dir='ltr'><strong>maneat</strong></span> <span class='ocrx_word' id='word_1_232' title='bbox 987 1849 1033 1893; x_wconf 92' lang='lat' dir='ltr'><strong>in</strong></span> <span class='ocrx_word' id='word_1_233' title='bbox 1054 1848 1142 1893; x_wconf 84' lang='lat' dir='ltr'><strong>fide</strong></span> <span class='ocrx_word' id='word_1_234' title='bbox 1157 1883 1168 1903; x_wconf 96' lang='lat'><strong>,</strong></span> <span class='ocrx_word' id='word_1_235' title='bbox 1199 1848 1395 1893; x_wconf 88' lang='lat' dir='ltr'><strong>ambulet</strong></span> <span class='ocrx_word' id='word_1_236' title='bbox 1415 1850 1460 1895; x_wconf 89' lang='lat' dir='ltr'><strong>in</strong></span> 
     </span>
     <span class='ocr_line' id='line_1_26' title="bbox 74 1917 1464 1980; baseline -0.001 -15"><span class='ocrx_word' id='word_1_237' title='bbox 74 1920 162 1975; x_wconf 86' lang='lat' dir='ltr'><strong>via,</strong></span> <span class='ocrx_word' id='word_1_238' title='bbox 190 1920 337 1965; x_wconf 91' lang='lat' dir='ltr'><strong>audiat</strong></span> <span class='ocrx_word' id='word_1_239' title='bbox 359 1920 616 1980; x_wconf 75' lang='lat' dir='ltr'><strong>Apostolum</strong></span> <span class='ocrx_word' id='word_1_240' title='bbox 650 1919 867 1964; x_wconf 88' lang='lat' dir='ltr'><strong>dicentem</strong></span> <span class='ocrx_word' id='word_1_241' title='bbox 895 1937 906 1963; x_wconf 80' lang='lat'>2</span> <span class='ocrx_word' id='word_1_242' title='bbox 938 1937 959 1960; x_wconf 90' lang='lat'>«</span> <span class='ocrx_word' id='word_1_243' title='bbox 984 1920 1041 1962; x_wconf 93' lang='lat' dir='ltr'><strong>Et</strong></span> <span class='ocrx_word' id='word_1_244' title='bbox 1062 1918 1096 1962; x_wconf 91' lang='lat' dir='ltr'><strong>si</strong></span> <span class='ocrx_word' id='word_1_245' title='bbox 1117 1917 1226 1978; x_wconf 89' lang='lat' dir='ltr'><strong>quid</strong></span> <span class='ocrx_word' id='word_1_246' title='bbox 1253 1918 1378 1962; x_wconf 88' lang='lat' dir='ltr'><strong>aliter</strong></span> <span class='ocrx_word' id='word_1_247' title='bbox 1399 1934 1464 1963; x_wconf 89' lang='lat' dir='ltr'><strong>sa-</strong></span> 
     </span>
     <span class='ocr_line' id='line_1_27' title="bbox 73 1987 1461 2051; baseline -0.001 -17"><span class='ocrx_word' id='word_1_248' title='bbox 73 1990 174 2049; x_wconf 91' lang='lat' dir='ltr'><strong>pitis</strong></span> <span class='ocrx_word' id='word_1_249' title='bbox 187 2024 198 2045; x_wconf 95' lang='lat'><strong>,</strong></span> <span class='ocrx_word' id='word_1_250' title='bbox 234 1989 317 2034; x_wconf 90' lang='lat' dir='ltr'><strong>hoc</strong></span> <span class='ocrx_word' id='word_1_251' title='bbox 338 2005 516 2051; x_wconf 91' lang='lat' dir='ltr'><strong>quoque</strong></span> <span class='ocrx_word' id='word_1_252' title='bbox 535 1990 659 2035; x_wconf 91' lang='lat' dir='ltr'><strong>vobis</strong></span> <span class='ocrx_word' id='word_1_253' title='bbox 680 1992 796 2033; x_wconf 90' lang='lat' dir='ltr'><strong>Deus</strong></span> <span class='ocrx_word' id='word_1_254' title='bbox 833 1987 1064 2042; x_wconf 85' lang='lat' dir='ltr'><strong>revelabit,</strong></span> <span class='ocrx_word' id='word_1_255' title='bbox 1089 1996 1390 2033; x_wconf 88' lang='lat' dir='ltr'><strong>verumtamen</strong></span> <span class='ocrx_word' id='word_1_256' title='bbox 1412 1989 1461 2033; x_wconf 91' lang='lat' dir='ltr'><strong>in</strong></span> 
     </span>
     <span class='ocr_line' id='line_1_28' title="bbox 73 2057 1039 2119; baseline -0.005 -15"><span class='ocrx_word' id='word_1_257' title='bbox 73 2059 193 2119; x_wconf 88' lang='lat' dir='ltr'><strong>quod</strong></span> <span class='ocrx_word' id='word_1_258' title='bbox 215 2061 514 2119; x_wconf 89' lang='lat' dir='ltr'><strong>pervenimus,</strong></span> <span class='ocrx_word' id='word_1_259' title='bbox 538 2060 585 2103; x_wconf 89' lang='lat' dir='ltr'><strong>in</strong></span> <span class='ocrx_word' id='word_1_260' title='bbox 607 2074 659 2104; x_wconf 84' lang='lat' dir='ltr'><strong>eo</strong></span> <span class='ocrx_word' id='word_1_261' title='bbox 677 2057 993 2104; x_wconf 48' lang='lat' dir='ltr'><strong>ambulemus&amp;</strong></span> <span class='ocrx_word' id='word_1_262' title='bbox 1019 2075 1039 2098; x_wconf 88' lang='lat'>»</span> 
     </span>
    </p>

    <p class='ocr_par' dir='ltr' id='par_1_4' title="bbox 74 2128 1461 2400">
     <span class='ocr_line' id='line_1_29' title="bbox 130 2128 1459 2190; baseline -0.002 -15"><span class='ocrx_word' id='word_1_263' title='bbox 130 2132 259 2175; x_wconf 82' lang='lat' dir='ltr'>VIII.</span> <span class='ocrx_word' id='word_1_264' title='bbox 277 2131 542 2190; x_wconf 89' lang='lat' dir='ltr'><strong>Incipiamus</strong></span> <span class='ocrx_word' id='word_1_265' title='bbox 567 2144 671 2189; x_wconf 86' lang='lat' dir='ltr'><strong>ergo</strong></span> <span class='ocrx_word' id='word_1_266' title='bbox 693 2128 844 2174; x_wconf 89' lang='lat' dir='ltr'><strong>audire</strong></span> <span class='ocrx_word' id='word_1_267' title='bbox 866 2135 1181 2187; x_wconf 89' lang='lat' dir='ltr'><strong>exponentem,</strong></span> <span class='ocrx_word' id='word_1_268' title='bbox 1216 2142 1348 2186; x_wconf 81' lang='lat' dir='ltr'><strong>quem</strong></span> <span class='ocrx_word' id='word_1_269' title='bbox 1377 2142 1459 2172; x_wconf 90' lang='lat' dir='ltr'><strong>au-</strong></span> 
     </span>
     <span class='ocr_line' id='line_1_30' title="bbox 74 2197 1455 2260; baseline -0.001 -16"><span class='ocrx_word' id='word_1_270' title='bbox 74 2199 260 2245; x_wconf 88' lang='lat' dir='ltr'><strong>divimus</strong></span> <span class='ocrx_word' id='word_1_271' title='bbox 299 2208 632 2260; x_wconf 88' lang='lat' dir='ltr'><strong>proponentem.</strong></span> <span class='ocrx_word' id='word_1_272' title='bbox 677 2217 698 2241; x_wconf 89' lang='lat'>«</span> <span class='ocrx_word' id='word_1_273' title='bbox 736 2199 850 2243; x_wconf 86' lang='lat' dir='ltr'><strong>Dixit</strong></span> <span class='ocrx_word' id='word_1_274' title='bbox 886 2213 989 2256; x_wconf 87' lang='lat' dir='ltr'><strong>ergo</strong></span> <span class='ocrx_word' id='word_1_275' title='bbox 1024 2197 1182 2240; x_wconf 89' lang='lat' dir='ltr'><strong>iterum</strong></span> <span class='ocrx_word' id='word_1_276' title='bbox 1213 2197 1272 2240; x_wconf 92' lang='lat' dir='ltr'><strong>eis</strong></span> <span class='ocrx_word' id='word_1_277' title='bbox 1306 2199 1428 2242; x_wconf 90' lang='lat' dir='ltr'><strong>Jesus</strong></span> <span class='ocrx_word' id='word_1_278' title='bbox 1444 2232 1455 2251; x_wconf 95' lang='lat'><strong>,</strong></span> 
     </span>
     <span class='ocr_line' id='line_1_31' title="bbox 77 2267 1455 2329; baseline -0.005 -13"><span class='ocrx_word' id='word_1_279' title='bbox 77 2288 97 2311; x_wconf 75' lang='grc' dir='ltr'>υ</span> <span class='ocrx_word' id='word_1_280' title='bbox 132 2274 293 2326; x_wconf 82' lang='lat' dir='ltr'><strong>Amen,</strong></span> <span class='ocrx_word' id='word_1_281' title='bbox 313 2286 438 2315; x_wconf 88' lang='lat' dir='ltr'><strong>amen</strong></span> <span class='ocrx_word' id='word_1_282' title='bbox 455 2271 553 2314; x_wconf 91' lang='lat' dir='ltr'><strong>dico</strong></span> <span class='ocrx_word' id='word_1_283' title='bbox 568 2269 690 2314; x_wconf 83' lang='lat' dir='ltr'><strong>vobis</strong></span> <span class='ocrx_word' id='word_1_284' title='bbox 702 2303 712 2323; x_wconf 92' lang='lat'><strong>,</strong></span> <span class='ocrx_word' id='word_1_285' title='bbox 730 2271 831 2329; x_wconf 90' lang='lat' dir='ltr'><strong>quia</strong></span> <span class='ocrx_word' id='word_1_286' title='bbox 845 2284 926 2327; x_wconf 88' lang='lat' dir='ltr'><strong>ego</strong></span> <span class='ocrx_word' id='word_1_287' title='bbox 940 2283 1036 2311; x_wconf 89' lang='lat' dir='ltr'><strong>sum</strong></span> <span class='ocrx_word' id='word_1_288' title='bbox 1054 2267 1214 2311; x_wconf 86' lang='lat' dir='ltr'><strong>ostium</strong></span> <span class='ocrx_word' id='word_1_289' title='bbox 1231 2268 1418 2311; x_wconf 84' lang='lat' dir='ltr'><strong>ovium⁵.</strong></span> <span class='ocrx_word' id='word_1_290' title='bbox 1435 2286 1455 2309; x_wconf 90' lang='lat'>»</span> 
     </span>
     <span class='ocr_line' id='line_1_32' title="bbox 74 2337 1461 2400; baseline -0.004 -15"><span class='ocrx_word' id='word_1_291' title='bbox 74 2342 186 2385; x_wconf 89' lang='lat' dir='ltr'><strong>Ecce</strong></span> <span class='ocrx_word' id='word_1_292' title='bbox 207 2341 349 2400; x_wconf 87' lang='lat' dir='ltr'><strong>ipsum</strong></span> <span class='ocrx_word' id='word_1_293' title='bbox 372 2341 529 2385; x_wconf 86' lang='lat' dir='ltr'><strong>ostium</strong></span> <span class='ocrx_word' id='word_1_294' title='bbox 546 2340 666 2398; x_wconf 89' lang='lat' dir='ltr'><strong>quod</strong></span> <span class='ocrx_word' id='word_1_295' title='bbox 686 2339 881 2383; x_wconf 87' lang='lat' dir='ltr'><strong>clausum</strong></span> <span class='ocrx_word' id='word_1_296' title='bbox 903 2345 1127 2396; x_wconf 88' lang='lat' dir='ltr'><strong>posuerat,</strong></span> <span class='ocrx_word' id='word_1_297' title='bbox 1153 2337 1336 2394; x_wconf 89' lang='lat' dir='ltr'><strong>aperuit.</strong></span> <span class='ocrx_word' id='word_1_298' title='bbox 1366 2340 1461 2395; x_wconf 88' lang='lat' dir='ltr'><strong>Ipse</strong></span> 
     </span>
    </p>
   </div>
   <div class='ocr_carea' id='block_1_3' title="bbox 75 2430 1456 2533">
    <p class='ocr_par' dir='ltr' id='par_1_5' title="bbox 75 2430 1456 2533">
     <span class='ocr_line' id='line_1_33' title="bbox 139 2430 1456 2478; baseline -0.005 -9"><span class='ocrx_word' id='word_1_299' title='bbox 139 2443 148 2459; x_wconf 91' lang='lat'>¹</span> <span class='ocrx_word' id='word_1_300' title='bbox 167 2438 260 2468; x_wconf 87' lang='lat' dir='ltr'><strong>Joan.</strong></span> <span class='ocrx_word' id='word_1_301' title='bbox 283 2447 316 2477; x_wconf 82' lang='lat' dir='ltr'><strong>x,</strong></span> <span class='ocrx_word' id='word_1_302' title='bbox 335 2435 369 2478; x_wconf 67' lang='grc'><strong>4,</strong></span> <span class='ocrx_word' id='word_1_303' title='bbox 393 2436 425 2468; x_wconf 88' lang='lat'><strong>5.</strong></span> <span class='ocrx_word' id='word_1_304' title='bbox 447 2453 485 2459; x_wconf 89' lang='lat'>—</span> <span class='ocrx_word' id='word_1_305' title='bbox 508 2443 518 2457; x_wconf 67' lang='lat'><strong>²</strong></span> <span class='ocrx_word' id='word_1_306' title='bbox 542 2435 622 2467; x_wconf 83' lang='lat' dir='ltr'><strong>lbid.</strong></span> <span class='ocrx_word' id='word_1_307' title='bbox 642 2433 675 2466; x_wconf 89' lang='lat'><strong>6.</strong></span> <span class='ocrx_word' id='word_1_308' title='bbox 703 2451 743 2457; x_wconf 91' lang='lat'>—</span> <span class='ocrx_word' id='word_1_309' title='bbox 765 2432 777 2456; x_wconf 84' lang='lat'>3</span> <span class='ocrx_word' id='word_1_310' title='bbox 801 2435 872 2466; x_wconf 73' lang='lat' dir='ltr'><strong>lsai.</strong></span> <span class='ocrx_word' id='word_1_311' title='bbox 902 2444 957 2474; x_wconf 84' lang='lat' dir='ltr'><strong>vii,</strong></span> <span class='ocrx_word' id='word_1_312' title='bbox 982 2443 1014 2474; x_wconf 87' lang='lat'><strong>9.</strong></span> <span class='ocrx_word' id='word_1_313' title='bbox 1042 2449 1080 2454; x_wconf 91' lang='lat'><strong>-—-</strong></span> <span class='ocrx_word' id='word_1_314' title='bbox 1101 2430 1115 2461; x_wconf 75' lang='grc'>4</span> <span class='ocrx_word' id='word_1_315' title='bbox 1135 2431 1248 2473; x_wconf 85' lang='lat' dir='ltr'><strong>Philip.</strong></span> <span class='ocrx_word' id='word_1_316' title='bbox 1272 2442 1317 2471; x_wconf 80' lang='grc' dir='ltr'>ιιι,</span> <span class='ocrx_word' id='word_1_317' title='bbox 1339 2433 1386 2464; x_wconf 89' lang='grc' dir='ltr'><strong>ι5.</strong></span> <span class='ocrx_word' id='word_1_318' title='bbox 1416 2449 1456 2454; x_wconf 89' lang='lat'>-</span> 
     </span>
     <span class='ocr_line' id='line_1_34' title="bbox 75 2491 268 2533; baseline 0 -10"><span class='ocrx_word' id='word_1_319' title='bbox 75 2491 166 2523; x_wconf 84' lang='lat' dir='ltr'><strong>Joan.</strong></span> <span class='ocrx_word' id='word_1_320' title='bbox 183 2501 216 2533; x_wconf 84' lang='lat' dir='ltr'><strong>x,</strong></span> <span class='ocrx_word' id='word_1_321' title='bbox 237 2501 268 2532; x_wconf 89' lang='lat'><strong>7.</strong></span> 
     </span>
    </p>
   </div>
   <div class='ocr_carea' id='block_1_4' title="bbox 1175 2538 1240 2577">
    <p class='ocr_par' dir='ltr' id='par_1_6' title="bbox 1175 2538 1240 2577">
     <span class='ocr_line' id='line_1_35' title="bbox 1175 2538 1240 2577; baseline -0.015 0"><span class='ocrx_word' id='word_1_322' title='bbox 1175 2538 1240 2577; x_wconf 76' lang='lat'><strong>3⁶2.</strong></span> 
     </span>
    </p>
   </div>
  </div>
 </body>
</html>
