1825 3214
266 249 309 274 m
343 245 517 274 JoANNIS
548 244 861 281 EVANGELIUM,
896 244 1042 272 TnAcT.
1080 246 1187 272 xvii.
1344 233 1420 270 171

48 332 69 356 »
104 328 174 358 me
209 316 388 358 aceto-¹.
418 331 439 354 »
471 317 527 357 At
554 313 629 356 ubi
654 311 828 370 impleta
853 319 953 355 sunt
981 313 1124 354 omnia
1147 325 1276 369 opera
1306 312 1423 370 ejus,

43 394 158 429 sexta
181 384 350 428 sabbati
375 383 581 427 inclinato
604 383 744 441 capite
770 380 957 425 reddidit
978 380 1199 439 spiritum,
1227 390 1270 424 et
1294 382 1335 424 in
1358 397 1425 424 se-

43 455 194 514 pulcro
217 454 400 497 sabbato
421 453 630 512 requievit
654 452 708 496 ab
732 451 936 496 omnibus
960 451 1163 509 operibus
1185 451 1284 495 suis.
1314 454 1427 509 Ergo

42 536 249 585 tanquam
275 524 438 568 diceret
468 524 630 568 judaeis
658 542 666 567 t
690 522 805 576 Quid
828 522 1060 581 expectatis
1089 530 1137 565 ut
1165 536 1252 565 non
1276 536 1427 580 operer

43 596 255 642 sabbato?
292 596 469 640 sabbati
514 594 605 639 dies
643 594 766 639 vobis
803 593 857 638 ad
890 593 1246 651 significationem
1288 608 1424 637 meam

42 675 285 728 praeceptus
314 675 391 711 est.
418 668 559 724 Opera
594 665 672 709 Dei
691 663 912 709 attenditis
940 684 947 708 :
980 679 1058 722 ego
1087 664 1147 708 ibi
1175 678 1290 708 eram
1326 677 1425 707 cum

43 739 212 791 tierent,
237 751 314 796 per
336 752 404 780 me
430 735 537 780 facta
553 744 655 780 suut
675 735 835 788 omnia,
861 749 940 792 ego
958 735 1059 780 novi
1083 754 1090 779 :
1121 754 1140 776 «
1168 737 1292 778 Pater
1308 748 1427 778 meus

44 827 64 850 »
99 824 238 868 usque
276 807 408 852 modo
439 817 658 866 operatur.
695 825 714 848 »
751 808 965 865 Operatus
995 815 1057 850 est
1091 809 1214 849 Pater
1244 805 1385 850 lucem
1414 822 1425 856 ;

41 879 113 923 sed
137 879 263 932 dixit,
283 887 330 922 ut
348 879 468 922 fieret
486 877 584 922 lux‘2
607 897 615 922 :
637 879 670 922 si
685 877 808 932 dixit,
835 877 980 922 Verbo
997 886 1200 936 operatus
1219 887 1302 934 est3
1319 879 1426 922 Ver-

42 950 147 994 bum
167 951 259 1009 ejus
276 963 410 1002 eram,
435 964 515 1007 ego
528 963 623 992 sum
642 967 649 992 :
671 963 746 1006 per
763 963 832 992 me
845 946 983 992 factus
1002 957 1064 992 est
1079 947 1270 992 mundus
1285 948 1328 992 in
1344 946 1426 992 illis

40 1019 266 1079 operibus,
286 1033 363 1078 per
382 1033 450 1062 me
471 1018 634 1076 regitur
649 1018 840 1062 mundus
861 1018 903 1061 in
934 1019 1021 1062 istis
1038 1018 1240 1077 operibus
1260 1037 1268 1063 z
1301 1021 1426 1062 Pater

39 1105 161 1135 meus
186 1098 230 1134 et
251 1098 357 1134 tunc
381 1098 582 1147 operatus
606 1097 670 1132 est
692 1103 793 1132 cum
814 1087 917 1132 fecit
946 1088 1186 1143 mundum,
1214 1098 1258 1133 et
1288 1103 1425 1148 usquc

39 1177 157 1206 nunc
186 1169 391 1220 operatur
417 1175 518 1205 cum
546 1160 656 1219 regit
678 1159 892 1205 mundum
915 1175 1043 1218 :ergo
1066 1169 1109 1204 et
1133 1174 1210 1218 per
1230 1175 1300 1204 me
1323 1158 1425 1204 fecit

39 1246 140 1276 cum
163 1230 286 1284 fecit,
307 1240 350 1275 et
373 1245 450 1289 per
471 1244 540 1274 me
560 1230 669 1288 regit
689 1244 790 1274 cum
815 1230 937 1288 regit.
960 1229 1072 1275 Dixit
1090 1231 1184 1274 haec
1203 1263 1215 1285 ‚
1233 1230 1308 1274 sed
1325 1230 1424 1290 qui—

39 1303 122 1347 bus
142 1304 160 1344 ⁶?
196 1301 362 1356 surdis,
396 1302 520 1346 caecis
542 1336 553 1356 ,
583 1300 773 1356 claudis,
801 1300 1043 1360 languidis,
1081 1301 1299 1347 medicum
1335 1316 1424 1345 nou

43 1371 398 1432 agnoscentibus,
435 1380 479 1416 et
513 1380 721 1431 tanquam
756 1371 801 1417 in
840 1371 1041 1431 phrenesi
1073 1380 1219 1416 mente
1254 1370 1423 1430 perdita

39 1442 238 1487 occidere
256 1441 521 1486 volentibus.

97 1514 217 1556 XVI.
246 1512 434 1557 Proinde
463 1511 571 1572 quid
595 1520 767 1558 secutus
791 1511 1067 1571 Evangelista
1095 1511 1233 1556 dixit?
1261 1530 1282 1555 α
1311 1510 1424 1555 Hinc

41 1601 62 1625 η
96 1597 198 1641 ergo
217 1583 350 1641 magis
367 1583 624 1643 quaerebant
641 1598 740 1627 eum
762 1585 785 1627 J
791 1582 905 1627 udaei
927 1583 1189 1637 interficere,
1214 1582 1315 1641 quia
1334 1597 1421 1627 non

41 1671 62 1696 »
96 1652 237 1698 solum
272 1653 468 1698 solvebat
508 1653 772 1711 sabbatum,
812 1654 889 1698 sed
924 1662 967 1698 ct
994 1662 1160 1712 patrem
1196 1667 1324 1698 suum
1361 1652 1423 1697 di-

40 1741 62 1766 »
95 1724 222 1769 cebat
250 1726 389 1769 Deum
412 1725 444 1769 ³.
481 1743 500 1766 ι)
541 1726 638 1770 Νοη
682 1723 1096 1784 quomodocumque
1123 1743 1132 1769 2
1169 1723 1241 1767 sed
1275 1723 1423 1784 quid?

39 1813 61 1837 «
93 1793 325 1854 AEqualem
352 1809 396 1838 se
414 1793 576 1840 faciens
597 1797 686 1840 Deo
703 1795 733 1838 ⁴.
759 1812 779 1834 n
800 1796 909 1841 Nam
933 1808 1081 1838 omnes
1100 1794 1284 1839 dicimus
1307 1796 1419 1848 Deo,

38 1867 164 1909 Pater
184 1873 329 1908 noster
351 1864 427 1924 qui
448 1879 492 1908 es
511 1865 556 1908 in
581 1863 716 1908 coelis.
751 1864 953 1923 Legimus
977 1873 1021 1909 et
1043 1864 1218 1910 Judaeos
1239 1863 1392 1909 dixisse
1411 1884 1419 1909 :

40 1953 61 1978 «
94 1936 205 1980 Cum
221 1943 269 1980 tu
284 1935 338 1978 sis
358 1943 480 1994 pater
491 1943 634 1979 noster
649 1936 680 1980 ⁵.
703 1937 854 1993 »Ergo
877 1951 966 1980 non
986 1936 1087 1980 hinc
1108 1936 1418 1990 irascebantur,

35 2004 137 2065 quia
170 2013 337 2064 patrem
372 2020 500 2053 suum
530 2004 704 2051 dicebat
728 2008 866 2050 Deum
897 2025 906 2052 :
943 2005 1019 2051 sed
1041 2006 1160 2066 quod
1183 2006 1313 2065 longe
1337 2004 1421 2050 alio

35 2075 166 2119 modo
183 2089 317 2135 quam
340 2076 552 2119 homines.
567 2078 679 2119 Eece
693 2075 944 2135 intelligunt
961 2079 985 2121 J
990 2076 1102 2122 udaei
1119 2076 1240 2136 quod
1254 2092 1342 2121 non
1354 2076 1417 2120 in-

35 2144 235 2203 telligunt
258 2145 419 2189 Ariani.
453 2145 600 2189 Ariani
630 2146 793 2206 quippe
822 2146 1084 2208 inaequalem
1118 2147 1232 2191 Patri
1258 2146 1417 2190 Filium

35 2214 186 2260 dicunt
202 2251 212 2270 ‚
234 2225 276 2259 et
298 2216 399 2259 inde
420 2216 591 2259 haeresis
608 2215 751 2274 pulsat
772 2218 1022 2261 Ecclesiam.
1047 2220 1158 2261 Ecce
1181 2218 1261 2276 ipsi
1282 2217 1385 2261 caeci
1403 2252 1415 2272 ‚

34 2285 112 2344 ipsi
155 2285 452 2330 interfectores
496 2286 655 2330 Christi
680 2321 690 2340 ,
741 2287 1047 2331 intellexerunt
1098 2296 1242 2330 tamen
1283 2288 1415 2331 verba

34 2356 206 2400 Christi.
233 2359 330 2401 Non
369 2372 468 2400 eum
489 2356 795 2401 intellexerunt
822 2373 911 2401 esse
932 2359 1151 2403 Christum
1170 2392 1181 2413 ,
1207 2373 1286 2402 nec
1314 2373 1415 2402 eum

33 2426 337 2471 intellexerunt
367 2428 523 2471 Filium
550 2429 650 2484 Dei3
671 2429 747 2472 sed
769 2438 915 2473 tamen
937 2429 1243 2474 intellexerunt
1269 2430 1313 2472 in
1334 2428 1414 2472 illis

80 2528 89 2544 ¹
117 2522 397 2563 Psal.txv111,22.
423 2539 464 2546 -·
483 2530 495 2546 ²
511 2526 589 2557 Gen.
607 2536 631 2566 ι,
651 2525 682 2556 3.
704 2541 745 2547 --
765 2523 778 2548 3
793 2526 886 2558 Joan.
907 2537 941 2566 v,
963 2526 1012 2559 18.
1036 2525 1105 2556 -4
1124 2525 1300 2566 Matth.v1,
1319 2527 1349 2556 9.
1368 2542 1408 2546 --

33 2575 129 2610 ⁵1sai.
151 2588 242 2619 Lxm,
266 2578 320 2619 16,
338 2583 371 2610 ct
388 2589 473 2619 mv,
488 2579 520 2610 8.
