1809 3173
370 200 452 241 154
796 211 829 238 s.
865 207 1090 239 Anaus'rmi
1121 208 1302 238 131218001’1

367 291 520 323 corum
557 274 754 319 membra
775 274 1056 333 stringentem
1073 308 1085 329 ,
1125 288 1254 334 super
1274 288 1392 318 mare
1428 272 1743 328 ambulantem,

368 348 506 393 ventis
535 347 820 405 imperantem
853 354 896 389 ct
924 344 1132 389 fluctibus
1150 379 1161 400 ,
1202 354 1397 389 mortuos
1443 340 1745 399 suscitantem,

368 430 488 466 tanta
509 420 627 478 signa
661 418 891 463 facientem
924 416 1144 471 viderunt,
1167 425 1211 459 et
1232 416 1301 460 vix
1328 414 1431 459 inde
1451 414 1578 474 pauci
1607 414 1748 458 credi—

368 492 540 537 derunt.
567 489 734 549 Populo
757 489 834 534 Dei
856 488 1027 548 loquor.
1056 490 1159 530 Tam
1194 486 1321 530 multi
1347 485 1625 540 credidimus,
1651 500 1750 544 quae

367 564 487 622 signa
518 561 735 607 vidimus?
774 559 889 603 Illud
917 573 1018 616 ergo
1048 557 1169 619 quod
1204 556 1371 602 factum
1412 566 1476 600 est
1511 566 1633 610 tunc,
1668 556 1751 600 hoc

367 633 489 695 quod
514 648 631 677 nunc
653 633 793 690 agitur
827 628 1130 690 portendebat.
1156 627 1297 672 Judaei
1330 626 1511 671 fuerunt
1550 627 1619 671 vel
1651 635 1753 670 sunt

367 704 525 750 similes
541 702 744 758 Galilaeis,
769 717 846 746 nos
867 699 1024 745 similes
1040 698 1123 744 illis
1143 698 1417 744 Samaritanis
1440 697 1750 756 :Evangelium

369 775 629 830 audivimus,
665 772 902 831 Evangelio
939 770 1249 825 consensimus,
1289 784 1366 829 per
1387 767 1673 826 Evangelium
1708 768 1753 812 in
1792 781 1806 822 ἡ

368 847 591 893 Christum
632 843 927 898 credidimus,
965 841 1087 886 nulla
1113 842 1231 900 signa
1268 840 1479 896 vidimus,
1511 837 1632 883 nulla
1666 839 1754 886 exi·
1806 839 1809 894 f

369 919 521 977 gimus.

427 990 503 1033 IV.
529 986 732 1040 Quamvis
754 985 870 1029 enim
893 999 1006 1028 unus
1028 998 1079 1028 ex
1096 980 1330 1041 duodecim
1347 981 1493 1026 electis
1514 989 1559 1024 et
1578 980 1752 1035 sanctis,

369 1068 519 1104 tamen
551 1056 745 1103 Israelita
775 1055 875 1110 fuit,
911 1055 967 1099 de
1000 1063 1127 1114 gente
1158 1053 1322 1098 scilicet
1353 1051 1544 1106 Domini,
1571 1051 1756 1103 Thomas

368 1129 458 1185 ille,
490 1130 567 1189 qui
593 1130 639 1172 in
665 1127 761 1172 loca
782 1127 1016 1172 vulnerum
1048 1124 1207 1184 digitos
1238 1123 1443 1183 cupiebat
1470 1122 1658 1166 mittere.
1689 1122 1756 1166 Sic

369 1216 471 1245 eum
493 1200 634 1258 arguit
655 1199 865 1243 Dominus
884 1195 1109 1258 quomodo
1139 1196 1270 1239 istum
1294 1193 1528 1252 Regulum.
1552 1192 1666 1237 Huic
1687 1192 1756 1236 di-

369 1273 448 1327 xit,
479 1290 500 1314 «
533 1271 622 1316 Nisi
658 1271 777 1327 signa
811 1278 853 1313 et
886 1267 1081 1329 prodigia
1121 1266 1329 1319 videritis,
1354 1280 1444 1309 non
1466 1263 1668 1308 creditis1
1696 1281 1706 1308 ε
1737 1283 1753 1304 »

370 1342 432 1386 illi
461 1351 606 1386 autem
629 1339 752 1385 dixit.
784 1359 804 1382 «
828 1339 938 1392 Quia
960 1337 1126 1393 vidisti,
1152 1335 1399 1380 credidisti2
1425 1352 1445 1376 »
1471 1333 1541 1379 Ad
1560 1332 1759 1377 Galilaeos

370 1420 565 1467 venerat,
591 1421 689 1471 post
709 1410 997 1456 Samaritanos
1018 1409 1093 1467 qui
1115 1406 1301 1452 sermoni
1330 1406 1421 1465 ejus
1453 1402 1729 1448 crediderant
1744 1437 1756 1458 ,

372 1483 490 1543 apud
506 1498 615 1543 quos
648 1482 768 1526 nulla
786 1479 995 1525 miracula
1013 1478 1194 1533 fecerat,
1221 1491 1329 1537 quos
1351 1476 1498 1519 firmos
1518 1474 1566 1518 in
1581 1473 1669 1518 fide
1690 1488 1760 1518 se-

372 1568 502 1599 curus
524 1553 610 1599 cito
645 1551 882 1609 dimiserat,
910 1550 1013 1611 quia
1049 1547 1286 1594 divinitatis
1319 1545 1548 1606 praesentia
1577 1559 1666 1588 non
1695 1543 1761 1587 di-

373 1625 561 1670 miserat.
584 1626 702 1683 Ergo
727 1621 905 1683 quando
928 1620 1099 1665 dicebat
1127 1619 1338 1664 Dominus
1367 1616 1543 1660 Thomae
1563 1634 1573 1659 2
1597 1614 1758 1669 «Veni,

380 1716 397 1737 »
431 1696 557 1740 mitte
593 1709 772 1739 manum
798 1702 936 1748 tuam,
971 1700 1015 1735 et
1046 1689 1136 1735 noli
1165 1704 1254 1734 esse
1294 1685 1561 1741 incredulus,
1601 1683 1676 1733 sed
1712 1685 1764 1728 si-
1807 1735 1809 1739 Ι

377 1784 398 1807 »
433 1766 541 1810 delis
567 1784 577 1810 ;
600 1783 620 1807 »
646 1774 689 1809 et
706 1779 808 1809 cum
838 1763 910 1806 ille
932 1761 1192 1806 exclamaret
1224 1758 1349 1807 tactis
1368 1756 1603 1803 vulnerum
1639 1754 1760 1810 locis,
1806 1762 1807 1766 ’

376 1846 420 1882 et
439 1836 602 1881 diceret
619 1871 630 1892 ,
675 1855 695 1878 «
723 1835 932 1880 Dominus
953 1847 1076 1876 meus
1098 1841 1141 1875 et
1162 1834 1276 1875 Deus
1305 1829 1485 1873 meusss:
1513 1846 1534 1869 »
1560 1830 1764 1885 Increpa-
1805 1822 1807 1869 ζ

380 1916 450 1952 tur
477 1916 521 1951 et
548 1906 706 1951 dicitur
728 1906 783 1960 ei,
809 1923 829 1947 «
855 1903 965 1958 Quia
991 1901 1160 1956 vidisti,
1181 1898 1414 1945 credidisti.
1450 1916 1470 1939 »
1491 1900 1660 1952 Quare,
1684 1896 1765 1940 nisi
1805 1925 1809 1939 2

381 1997 402 2020 »
437 1978 538 2039 quia
561 1978 774 2037 propheta
790 1976 836 2019 in
858 1974 996 2034 patria
1013 1988 1090 2017 sua
1104 1972 1315 2016 honorem
1330 1968 1597 2013 nonhabet?
1614 1985 1634 2009 »
1655 1967 1765 2020 Quia
1807 1969 1809 1971 ’

378 2064 482 2094 vero
504 2047 622 2107 apud
639 2047 899 2104 alienigenas
919 2044 1132 2104 propheta
1149 2042 1228 2086 iste
1247 2041 1460 2084 honorem
1481 2037 1632 2093 habet,
1657 2036 1766 2098 quid

379 2120 605 2178 sequitur?
640 2136 660 2159 «
684 2117 805 2160 Beati
832 2115 908 2175 qui
937 2129 1026 2158 non
1056 2113 1261 2156 viderunt
1297 2119 1341 2154 et
1369 2107 1678 2154 crediderunt⁴
1701 2126 1710 2151 :
1746 2126 1762 2148 »
1806 2147 1809 2157 ,

380 2188 582 2233 Praedicti
617 2202 766 2231 sumus
802 2200 880 2229 nos
908 2203 917 2229 :
942 2193 985 2228 et
1006 2181 1127 2242 quod
1158 2181 1367 2226 Dominus
1404 2188 1504 2223 ante
1541 2175 1764 2232 laudavit,
1806 2191 1809 2232 ξ

381 2269 424 2303 et
441 2260 486 2304 in
508 2259 632 2304 nobis
654 2256 833 2316 implere
866 2254 1068 2314 dignatus
1090 2261 1167 2296 est.
1197 2250 1414 2295 Viderunt
1441 2249 1518 2309 qui
1540 2247 1767 2292 crucifixe-

381 2339 508 2385 runt,
533 2329 834 2389 palpaverunt,
855 2335 898 2370 et
921 2325 981 2369 sic
1002 2324 1129 2384 pauci
1146 2320 1427 2366 erediderunt
1453 2338 1461 2364 :
1487 2333 1567 2362 nos
1592 2333 1682 2362 non
1702 2317 1769 2361 vi·

383 2399 543 2454 dimus,
568 2414 657 2443 non
679 2395 1058 2448 contrectavimus,
1089 2391 1350 2445 audivimus,
1370 2387 1649 2435 credidimus.
1674 2387 1771 2432 Fiat
1806 2385 1808 2416 ἶ

385 2469 431 2513 in
463 2469 602 2524 nobis,
627 2466 875 2527 perficiatur
896 2465 942 2508 in
963 2463 1088 2508 nobis
1121 2460 1348 2506 beatitudo
1375 2473 1509 2519 quam
1544 2456 1769 2518 promisit,
1808 2504 1809 2507 ,

435 2561 444 2575 ¹
465 2556 557 2586 Joan.
579 2552 702 2595 1v‚48.
726 2568 765 2574 -=
786 2558 798 2573 ²
818 2551 865 2583 Id.
889 2560 943 2590 xx,
966 2558 1019 2590 29.
1040 2562 1082 2572 -
1100 2546 1112 2570 3
1131 2546 1212 2579 Ibid.
1233 2546 1289 2578 28.
1310 2561 1351 2567 —
1366 2543 1385 2574 4
1401 2544 1481 2577 Ibid.
1502 2551 1555 2584 29.
