1825 3214
280 188 323 213 m
356 184 530 214 somnis
563 182 872 224 EvANGELmM,
907 185 1053 215 TuAcT.
1089 187 1219 216 xxxu.
1346 177 1430 217 350

44 250 215 296 Gaudet
236 252 419 312 quisquc
444 250 692 309 voluptate,
718 260 761 295 et
792 252 909 310 capit
935 252 989 295 dc
1016 268 1197 312 corpore
1228 254 1432 314 volupta-

45 330 130 365 tem
157 341 165 366 :
190 322 263 366 scd
297 337 444 381 separa
478 322 699 376 animum,
730 320 840 364 nihil
868 331 1000 366 restat
1030 323 1074 365 in
1102 339 1283 382 corpore
1313 327 1433 386 quod

43 393 254 450 gaudcat;
275 403 318 437 ct
338 394 372 437 si
394 393 448 437 dc
469 408 650 452 corpore
671 392 848 452 gaudet,
872 393 1040 437 animus
1059 395 1233 452 gaudet.
1263 398 1305 441 Si
1328 414 1434 456 gau-

42 462 117 507 det
139 463 193 508 de
216 463 347 508 domo
372 480 470 518 sua,
497 464 552 508 de
576 479 620 507 se
648 479 736 508 non
765 464 897 507 debet
926 463 1136 522 gauderc3
1161 475 1204 508 et
1236 467 1269 509 si
1304 469 1435 514 habet

43 534 213 578 animus
239 535 356 579 unde
384 535 634 579 oblectetur
664 535 949 589 extrinsecus,
979 536 1070 579 sine
1099 536 1262 581 deliciis
1291 550 1436 585 manet

42 606 330 650 intrinsecus?
345 608 534 650 Omnino
551 616 719 650 constat
735 606 832 665 plus
851 622 994 650 amare
1010 607 1228 651 hominem
1248 610 1435 655 animam

41 690 163 720 suam
188 693 319 736 quarn
338 693 494 736 corpus
516 692 659 721 suum.
682 677 765 720 Sed
781 686 824 720 ct
845 677 888 719 in
909 676 993 721 alio
1010 678 1184 722 homine
1204 678 1300 737 plus
1321 691 1438 726 amat

42 746 176 791 homo
197 748 383 791 animam
407 763 539 807 quam
552 762 723 805 corpus.
750 746 866 799 Quid
889 748 1004 790 enim
1029 757 1199 792 amatur
1212 749 1258 793 in
1279 751 1434 807 amico,

44 816 119 860 ubi
145 826 208 861 est
229 833 350 861 amor
369 817 576 862 sincerior
590 826 633 860 et
650 817 840 861 castior?
863 817 977 870 Quid
1001 827 1171 862 amatur
1192 819 1236 864 in
1265 821 1405 867 amico
1420 858 1432 879 ‚

45 888 213 932 animus
240 904 294 932 an
330 890 520 948 corpus?
548 889 590 933 Si
617 886 725 932 fides
753 897 947 944 amatur,
974 889 1143 934 animus
1175 901 1345 936 amatur
1371 913 1380 938 :
1404 895 1439 939 si

42 958 346 1004 benevolentia
375 970 566 1014 amatur,
593 959 912 1004 benevolentiae
940 960 1061 1005 sedes
1088 962 1257 1007 animus
1284 974 1348 1008 est
1373 966 1439 1011 :si

43 1032 128 1076 hoc
146 1046 261 1075 amas
282 1032 326 1075 in
345 1032 479 1076 altero
496 1067 506 1085 ‚
534 1031 635 1091 quia
657 1040 700 1075 et
723 1031 812 1090 ipse
836 1041 952 1076 amat
974 1040 1037 1087 te,
1072 1033 1266 1078 animum
1288 1050 1433 1095 amas3

43 1102 144 1162 quia
166 1117 255 1146 non
280 1118 380 1146 caro
396 1137 407 1155 ‚
433 1101 508 1146 sed
531 1102 701 1145 animus
731 1110 861 1145 amat.
892 1101 996 1146 Ideo
1019 1103 1135 1146 enim
1161 1119 1304 1160 amas,
1334 1106 1438 1165 quia

44 1180 87 1215 te
109 1180 225 1215 amat
251 1190 259 1215 :
289 1187 435 1231 quaerc
464 1171 583 1216 unde
616 1180 659 1214 te
687 1181 825 1226 amet,
851 1180 894 1216 et
916 1171 1014 1216 vide
1038 1173 1146 1232 quid
1174 1189 1305 1219 ames.
1333 1175 1437 1222 Plus

43 1256 146 1299 ergo
168 1250 337 1285 amatur
351 1277 361 1294 ‚
387 1250 432 1286 et
454 1257 543 1286 non
565 1240 752 1285 videtur.

104 1314 183 1355 ΙΙΙ.
206 1310 384 1372 Aliquid
406 1312 536 1356 etiam
559 1310 660 1357 volo
681 1311 847 1366 dicere,
881 1312 957 1357 ubi
980 1313 1114 1372 magis
1137 1325 1343 1374 appareat
1362 1317 1438 1361 Dia

42 1381 219 1427 lectioni
244 1385 406 1426 Vestrae
428 1391 643 1442 quantum
667 1392 836 1426 ametur
861 1384 1057 1438 animus,
1082 1394 1126 1428 et
1147 1387 1435 1445 quemadmo-

42 1451 148 1497 dum
181 1453 352 1512 corpori
375 1461 669 1511 praeponatur.
697 1452 765 1496 Illi
788 1452 867 1512 ipsi
901 1452 1048 1499 lascivi
1079 1465 1317 1512 amatores,
1355 1459 1433 1518 qui

43 1524 372 1584 pulchritudine
393 1539 628 1583 corporum
647 1523 923 1568 delectantur
939 1560 950 1580 ‚
979 1535 1022 1569 et
1048 1525 1184 1570 forma
1213 1529 1410 1575 membro

41 1610 140 1638 rum
163 1594 463 1639 accenduntur
480 1629 490 1648 ,
515 1603 619 1638 tunc
634 1605 781 1638 amant
802 1594 988 1654 amplius
1010 1600 1188 1656 quando
1211 1611 1429 1646 amantur.

40 1667 149 1711 Nam
173 1665 208 1710 si
226 1675 340 1709 amet
358 1674 401 1708 et
421 1665 579 1709 sentiat
603 1666 705 1725 quia
722 1665 822 1710 odio
835 1666 1024 1710 habetur
1039 1702 1050 1722 ‚
1080 1669 1213 1725 magis
1236 1669 1434 1716 irascitur

41 1751 174 1795 quam
205 1735 361 1794 diligit.
389 1737 530 1788 Quare
559 1737 695 1794 magis
729 1736 926 1780 irascitur
955 1753 1086 1797 quam
1129 1738 1302 1798 diligit?
1329 1741 1432 1801 quia

41 1821 131 1850 non
154 1805 193 1849 ei
228 1804 424 1849 redditur
456 1804 577 1865 quod
617 1806 845 1865 impendit.
874 1808 917 1851 Si
957 1823 1060 1866 ergo
1087 1808 1168 1867 ipsi
1188 1824 1430 1878 ³corporum

41 1886 253 1921 amatores
271 1875 484 1920 redamari
507 1891 551 1918 se
572 1875 750 1931 volunt,
781 1886 824 1920 et
851 1877 934 1921 hoc
967 1893 1040 1922 eos
1068 1880 1204 1938 magis
1243 1880 1430 1927 delectat

40 1947 74 1990 si
96 1955 298 1990 amentur
313 1980 324 2001 ,
349 1945 497 2005 quales
515 1954 617 1990 sunt
638 1955 850 1991 amatores
868 1948 1138 1993 animorum?
1160 1951 1262 1996 Etsi
1285 1954 1431 2011 magni

39 2027 143 2062 sunt
164 2027 375 2062 amatores
397 2017 640 2061 animorum
660 2052 670 2071 ‚
697 2017 844 2077 quales
864 2027 966 2062 sunt
988 2029 1200 2065 amatores
1230 2023 1328 2078 Dei,
1354 2025 1431 2084 qui

39 2087 246 2147 pulchros
270 2088 436 2131 animos
457 2085 593 2131 faciti>
615 2087 736 2132 Sicut
767 2089 882 2132 enim
906 2090 1074 2134 animus
1096 2090 1201 2135 facit
1230 2091 1362 2138 decus
1383 2093 1429 2138 in

40 2173 243 2217 corpore,
270 2159 328 2201 sic
352 2160 464 2202 Deus
482 2158 526 2200 in
549 2158 708 2203 animo.
734 2161 832 2204 Non
854 2159 971 2203 enim
992 2160 1096 2205 facit
1116 2163 1286 2222 corpori
1310 2163 1427 2208 unde

39 2238 208 2273 ametur
224 2228 304 2271 nisi
326 2228 494 2272 animus
517 2248 525 2272 ;
545 2228 621 2288 qui
641 2244 740 2272 cum
765 2230 1028 2288 migraverit,
1055 2232 1239 2277 cadaver
1255 2234 1427 2280 horres-

39 2299 125 2357 cis·‚
156 2308 199 2343 et
233 2308 641 2359 quantumcumque
670 2299 854 2358 pulchra
885 2301 957 2346 illa
985 2303 1177 2348 membra
1205 2304 1424 2362 dilexeris,

38 2369 219 2429 sepelire
241 2369 432 2414 festinas.
458 2374 573 2414 Deus
594 2385 697 2429 crgo
719 2373 931 2431 corporis,
957 2374 1124 2420 animus
1147 2395 1157 2420 z
1183 2376 1316 2421 decus
1338 2377 1428 2421 ani-

38 2440 122 2495 mi,
144 2443 272 2484 Deus.

99 2512 174 2554 IV.
199 2509 369 2555 Clamat
385 2525 487 2569 ergo
517 2511 726 2554 Dominus
754 2520 804 2555 ut
829 2513 1051 2557 veniamus
1076 2524 1118 2559 et
1143 2515 1363 2571 bibamus,
1390 2515 1421 2560 si
