1825 3214
293 210 336 237 JN
369 207 543 237 somma
575 205 888 245 Eunaeum«,
922 206 1069 236 TnAc‘r.
1107 208 1213 235 xxx.
1368 196 1451 236 343

67 291 168 332 nes,
190 284 233 320 ct
250 274 368 319 aliud
392 274 470 319 filii
493 274 718 318 hominum
738 274 756 314 ’ἶ
778 274 874 317 Non
898 282 1043 318 tamen
1066 275 1252 319 arbitror
1269 275 1360 318 sine
1383 275 1455 319 ali-

67 363 154 409 qua
177 347 487 405 significatione
508 344 797 389 distinctionis
816 345 899 388 hoc
921 344 1077 389 dixisse
1096 347 1303 405 Spiritum
1327 363 1453 392 sanc-

70 429 179 463 tum.
220 422 236 476 (
263 418 469 462 Homines
505 416 559 460 ad
589 416 780 475 primum
815 415 954 460 Adam
972 451 983 469 ‚
1027 416 1102 459 lilii
1140 418 1366 461 hominum
1402 418 1457 462 ad

67 490 289 536 Christum
300 491 330 532 ¹.
349 490 508 546 >Forte
523 487 639 531 enim
656 485 853 532 homines
868 486 1088 545 pertinent
1103 487 1157 530 ad
1176 489 1362 546 primum
1382 490 1458 533 lio-

68 560 257 606 minem:
274 559 511 604 filiiautom
530 559 757 603 hominum
771 557 993 617 pertinent
1015 557 1068 601 ad
1093 556 1231 601 filium
1252 559 1454 604 hominis.

128 633 204 676 IV.
228 650 249 674 «
275 633 421 676 Unum
443 645 553 690 opus
571 628 676 684 feci,
703 637 747 673 et
762 643 913 674 omnes
934 628 1164 672 miramini.
1196 646 1215 670 η
1242 631 1298 673 Et
1316 630 1459 673 conti—

69 717 160 747 nuo
175 702 420 763 subjungit:
450 721 471 744 «
498 705 732 760 Propterea
751 703 922 758 Moyses
945 698 1066 744 dedit
1086 700 1211 744 vobis
1233 701 1463 746 circumci—

73 792 95 816 »
129 774 296 818 sionem
312 777 344 816 2.
373 791 393 815 »
416 776 532 817 Bene
554 772 724 817 factum
746 781 810 816 est
824 781 874 816 ut
896 771 1148 831 acciperetis
1169 772 1464 818 circumcisio-

69 859 171 889 nem
194 860 217 888 a
234 846 400 902 Moyse.
430 846 563 890 «Non
584 844 688 903 quia
709 858 761 887 ex
780 845 931 900 Moyse
953 851 1032 896 est,
1053 841 1129 886 sed
1146 858 1197 886 ex
1212 843 1460 887 Patribus.»

70 915 292 961 Abraham
315 915 479 974 quippe
501 914 666 974 primus
689 914 854 973 accepit
872 913 1245 958 circumcisionem
1269 930 1293 959 a
1311 914 1463 959 Domi-

71 1002 130 1031 no
143 988 174 1030 ³.
195 988 288 1031 «Et
309 986 355 1030 in
371 985 555 1030 sabbato
576 984 935 1030 circumciditis.»
956 984 1155 1029 Convicit
1175 1000 1252 1030 vos
1272 988 1462 1043 Moyses.

70 1059 122 1102 In
145 1060 261 1116 Lege
284 1056 506 1116 accepistis
532 1065 584 1101 ut
601 1055 920 1101 circumcidatis
937 1064 1093 1100 octavo
1112 1055 1182 1100 die
1204 1074 1214 1101 :
1242 1057 1467 1116 accepistis

70 1128 116 1172 in
139 1130 253 1186 Lege
273 1136 323 1171 ut
341 1127 502 1172 vacetis
530 1127 717 1186 septimo
743 1125 813 1170 die
839 1145 849 1170 :
875 1127 910 1170 si
938 1135 1117 1171 octavus
1140 1126 1231 1171 dies
1252 1127 1369 1172 illius
1390 1128 1469 1189 qui

73 1208 201 1244 natus
234 1207 297 1243 est
323 1207 522 1243 occurret
542 1198 598 1243 ad
635 1196 752 1242 diem
775 1197 1011 1257 septimum
1034 1197 1233 1254 sabbati,
1257 1199 1368 1259 quid
1397 1198 1467 1244 fa-

73 1270 194 1316 cietis
207 1271 225 1314 P
236 1269 457 1315 Vacabitis
474 1277 524 1313 ut
545 1268 722 1314 servetis
737 1267 988 1323 sabbatum,
1004 1284 1059 1313 an
1076 1268 1396 1316 circumcidetis
1415 1280 1467 1316 ut

71 1340 285 1401 impleatis
307 1349 627 1385 sacramentum
645 1338 734 1384 diei
754 1339 924 1384 octavi?
942 1337 1028 1385 Sed
1040 1340 1158 1395 novi,
1175 1340 1337 1400 inquit,
1357 1341 1467 1402 quid

70 1411 252 1457 faciatis.
272 1431 292 1454 «
311 1411 633 1456 Circumciditis
655 1410 895 1455 hominem.
916 1431 934 1452 »
952 1412 1127 1464 Quare?
1144 1411 1253 1465 Quia
1275 1412 1466 1457 circum-

70 1484 174 1530 cisio
197 1485 386 1544 pertinet
407 1482 463 1528 ad
500 1483 678 1543 aliquod
710 1481 982 1541 signaculum
1005 1482 1176 1539 salutis,
1201 1493 1244 1528 et
1267 1499 1358 1529 non
1385 1485 1468 1529 de-

70 1555 179 1600 bent
212 1555 410 1600 homines
441 1553 625 1599 sabbato
646 1569 799 1599 vacare
831 1568 854 1598 a
875 1553 1028 1599 salute.
1055 1556 1173 1613 Ergo
1205 1570 1286 1599 nec
1317 1573 1337 1597 a
1357 1555 1467 1600 mihi

74 1644 96 1668 »
129 1625 401 1680 irascamini,
425 1624 527 1684 quia
544 1623 713 1669 salvum
737 1622 820 1669 feci
843 1633 985 1669 totum
1006 1624 1229 1669 hominem
1247 1625 1431 1671 sabbato
1452 1644 1462 1671 :

73 1716 95 1753 i»
129 1697 165 1742 si
186 1696 582 1750 circumcisionem,
607 1695 773 1755 inquit,
795 1695 951 1755 accipit
966 1695 1100 1740 homo
1116 1695 1162 1739 in
1183 1696 1366 1741 sabbato
1380 1731 1391 1752 ,
1412 1706 1463 1742 ut

74 1788 93 1810 »
129 1783 220 1812 non
243 1767 435 1812 solvatur
457 1769 546 1810 Lex
565 1766 735 1824 Moysi⁴²
759 1784 769 1811 z
797 1785 817 1808 »
836 1765 1030 1827 (aliquid
1047 1766 1162 1810 enim
1183 1782 1261 1826 per
1281 1770 1467 1825 Moysen

71 1838 118 1882 in
154 1837 227 1882 illa
250 1837 562 1882 constitutione
591 1836 930 1881 circumcisionis
952 1837 1184 1881 salubriter
1211 1837 1465 1883 institutum

71 1918 166 1954 est:
191 1909 337 1968 >mihi
372 1908 570 1968 operanti
603 1905 787 1953 salutem
809 1909 855 1952 in
883 1908 1068 1953 sabbato
1100 1924 1237 1969 quare
1257 1910 1462 1969 indigna-

69 1981 210 2026 mini?

129 2054 185 2096 V.
210 2054 342 2096 Forte
359 2051 474 2095 enim
492 2050 564 2094 illa
583 2050 856 2096 circumcisio
878 2051 1020 2111 ipsum
1041 2052 1278 2097 Dominum
1291 2053 1461 2112 signifi-

71 2123 198 2169 cabat
213 2158 225 2178 ‚
250 2123 321 2167 cui
341 2123 410 2167 isti
428 2122 600 2168 curanti
623 2132 667 2167 et
683 2123 853 2167 sananti
870 2123 1227 2181 indignabantur.
1251 2127 1275 2169 J
1281 2140 1377 2170 ussa
1396 2133 1461 2169 est

72 2194 188 2238 enim
211 2193 408 2238 adhiberi
436 2202 590 2237 octavo
612 2192 684 2237 die
722 2193 1022 2238 circumcisio⁵
1049 2213 1058 2240 :
1083 2204 1128 2239 et
1148 2195 1257 2255 quid
1284 2206 1347 2241 est
1375 2195 1460 2241 cir-

71 2264 301 2318 cumcisio,
339 2263 420 2307 nisi
442 2262 582 2307 carnis
614 2262 873 2322 expoliatio?
897 2265 1118 2323 Significat
1139 2281 1242 2325 ergo
1263 2267 1343 2312 ista
1375 2266 1461 2311 cir-

72 2334 279 2379 cumcisio
304 2333 639 2393 expoliationem
668 2349 692 2378 a
728 2335 858 2380 corde
880 2335 1171 2395 cupiditatum
1199 2337 1455 2384 carnalium.

57 2407 170 2452 Non
192 2419 294 2463 ergo
311 2404 403 2448 sine
424 2419 552 2449 causa
573 2403 674 2448 data
691 2413 771 2460 est,
791 2413 835 2449 et
855 2406 902 2450 in
918 2422 970 2452 eo
991 2408 1188 2453 membro
1203 2409 1321 2469 jussa
1338 2409 1458 2455 fieri:

135 2511 146 2527 1
179 2504 255 2535 Haec
280 2501 459 2534 redundare
484 2502 647 2534 videntur.
671 2519 714 2526 —
733 2509 746 2526 ²
765 2505 859 2536 Joau.
882 2515 942 2546 vn,
959 2513 1014 2538 22.
1035 2523 1076 2529 —
1096 2504 1109 2529 3
1130 2508 1210 2540 Gen.
1236 2517 1315 2547 xvn,
1340 2517 1389 2539 ιο.
1414 2523 1455 2530 -

75 2557 92 2589 4
108 2560 200 2592 joan.
217 2569 275 2601 vn,
290 2559 344 2592 23.
370 2574 413 2582 --
429 2556 444 2582 ⁵
459 2558 562 2592 Levit.
583 2569 641 2599 xn,
658 2557 690 2591 3.
