1825 3214
262 210 303 235 m
338 208 511 240 sommis
544 212 853 253 numenium,
889 217 1033 245 -ιιιΑείκ
1072 222 1167 248 xxv.
1323 214 1406 250 289

31 291 50 314 «
74 273 220 317 eibum
255 290 342 320 non
365 279 438 336 qui
466 279 590 337 perit,
615 281 688 324 sed
712 282 787 341 qui
812 295 1035 342 permanet
1059 287 1100 328 in
1131 297 1356 333 merium).
1383 309 1402 331 »

28 344 324 391 Attendebant
349 365 446 392 enm
471 350 567 408 plus
600 353 948 410 promittentem,
982 365 1021 397 et
1054 360 1173 415 qnasi
1212 361 1406 404 nondum

27 414 233 459 videbant
271 420 427 478 majora
470 422 713 466 facientem.
750 426 1045 470 Attendebant
1083 428 1228 488 itaque
1264 432 1406 490 qualia

28 485 194 530 fecisset
217 491 401 545 Moyses,
425 499 466 534 et
489 491 631 535 adime
667 493 807 553 aliqua
834 497 992 555 majora
1017 498 1223 543 volebant
1248 502 1336 544 sieri
1357 503 1409 545 ab

27 573 77 602 eo
100 558 173 616 ιμιί
198 568 279 602 tam
307 575 454 616 magna
488 563 786 620 pollicebatur.
814 566 945 619 Quid,
972 568 1200 627 inquiunt,
1236 570 1335 615 facis
1363 583 1410 616 ut

27 628 252 672 credamus
277 630 387 674 tibi?
413 635 463 675 Et
486 643 534 677 ut
558 635 726 678 noveris
748 637 846 696 qnia
873 638 1078 683 miracula
1103 639 1174 684 illa
1196 641 1295 685 huie
1328 644 1410 686 mi-

29 700 176 743 raculo
199 702 523 760 comparabant,
549 714 591 748 et
615 704 712 749 ideo
730 708 851 766 quasi
871 709 1036 753 minora
1060 711 1137 755 ista
1155 712 1414 771 judicabant

28 786 126 829 quae
159 769 342 815 faciebat
375 776 497 817 Jesus
525 794 533 818 :
565 794 583 815 α
625 779 795 831 Patres,
836 778 1062 837 inquiunt,
1095 783 1229 826 nostri
1256 800 1413 829 manna

31 860 50 882 υ
88 843 461 888 manducaverunt
485 846 527 889 in
570 846 784 908 deserto&
828 869 846 889 »
883 851 966 895 Sed
994 853 1099 912 quid
1138 865 1199 898 est
1227 862 1415 902 manna?

29 914 157 956 Forte
176 915 466 959 contemnitis.
490 936 508 957 «
537 917 656 962 Sicut
673 920 880 979 seriptum
900 932 978 975 est,
1008 924 1133 968 Dedit
1154 925 1238 970 illis
1257 943 1415 972 manna

32 1001 51 1023 »
88 983 364 1028 manducare.
392 1006 408 1027 »
439 990 517 1030 Per
535 991 714 1046 Moysen
732 1000 873 1049 patres
893 995 1024 1036 nosti-i
1055 1010 1209 1053 panem
1225 997 1280 1041 de
1303 998 1415 1044 ewlo

29 1066 285 1114 acceperunt
306 1092 315 1110 ,
352 1066 394 1101 et
424 1074 512 1102 non
535 1059 592 1102 eis
615 1061 779 1104 dietum
804 1071 867 1105 est
889 1079 911 1106 a
931 1067 1095 1122 Moyse,
1126 1087 1141 1105 «
1162 1070 1415 1127 Operamini

33 1144 52 1166 »
87 1126 232 1170 cibum
263 1143 350 1171 non
375 1130 449 1188 qui
478 1131 602 1188 perit.
634 1150 652 1171 u
680 1135 743 1176 Tu
777 1135 1032 1192 promittis«
1060 1138 1208 1183 eibum
1233 1156 1323 1185 non
1341 1143 1416 1201 qui

31 1215 50 1237 υ
87 1197 225 1255 perit,
257 1198 330 1242 sed
356 1199 430 1258 qui
461 1211 686 1259 permanet
716 1203 760 1246 in
787 1204 916 1249 vitam
947 1216 1176 1264 aeternam,
1201 1229 1220 1251 »
1251 1221 1294 1256 et
1328 1229 1416 1257 non

29 1266 127 1311 talia
149 1284 277 1326 opera
301 1271 488 1329 operaris
511 1271 654 1331 qualia
686 1277 871 1331 Moyses.
900 1279 1034 1322 Panes
1065 1279 1327 1327 hordeaceos
1345 1283 1418 1328 ille

28 1352 117 1382 non
132 1338 268 1393 dedit,
285 1339 359 1383 sed
378 1339 497 1384 dedit
514 1357 668 1387 manna
685 1344 739 1388 de
754 1345 882 1391 coelo.

85 1412 208 1454 XIII.
239 1429 257 1451 «
286 1411 398 1455 Dixit
419 1428 521 1470 ergo
555 1415 614 1458 eis
649 1418 788 1471 Jesus,
812 1422 967 1474 Amen,
994 1437 1119 1466 amen
1141 1423 1239 1469 dico
1274 1427 1411 1482 vobis,

29 1497 49 1521 »
85 1495 172 1524 non
211 1484 382 1538 Moyses
419 1482 539 1528 dedit
571 1486 692 1529 vobis
724 1503 878 1547 panem
911 1489 966 1534 de
996 1492 1110 1537 eoelo
1132 1530 1142 1547 ,
1180 1495 1252 1539 sed
1290 1500 1416 1541 Pater

31 1570 50 1591 n
85 1567 205 1596 meus
228 1552 348 1596 dedit
368 1555 490 1598 vobis
511 1571 667 1614 panem
690 1558 745 1602 de
762 1559 889 1603 coelo.
913 1564 1046 1607 Verus
1070 1565 1183 1608 enim
1209 1569 1332 1625 panis
1348 1579 1416 1613 est

30 1641 48 1662 η
84 1623 159 1682 qui
182 1623 236 1666 de
258 1625 371 1668 coelo
399 1624 639 1680 descendit,
667 1639 707 1672 et
726 1629 798 1673 dat
823 1631 955 1675 vitam
996 1636 1207 1680 mundo'2.
1235 1657 1252 1678 »
1277 1641 1414 1684 Verus

25 1708 128 1751 ergo
150 1693 222 1737 ille
252 1695 372 1752 panis
394 1705 470 1743 θεῖ,
498 1698 572 1756 qui
612 1697 685 1741 dat
705 1700 835 1743 vitam
879 1704 1043 1748 mundo
1072 1725 1079 1749 :
1103 1715 1145 1749 et
1173 1708 1263 1766 ipse
1291 1711 1414 1755 cibus

25 1773 104 1817 est,
134 1763 188 1807 de
210 1780 298 1824 quo
321 1765 450 1823 paulo
469 1776 568 1810 ante
596 1766 767 1813 Iocutus
790 1786 885 1814 sum
903 1807 912 1825 ‚
953 1793 969 1814 «
992 1776 1242 1833 Operamini
1265 1780 1413 1825 eibum

28 1854 48 1876 »
83 1850 171 1879 non
195 1836 269 1895 qui
304 1837 436 1895 perit,
463 1837 538 1882 sed
560 1839 635 1897 qui
658 1853 882 1898 permanet
908 1845 949 1888 in
977 1847 1111 1891 vitam
1139 1858 1360 1896 aetei’nam.
1388 1872 1407 1894 υ

26 1908 140 1964 Ergo
163 1916 206 1950 et
224 1905 334 1950 illud
356 1923 514 1952 manna
539 1910 620 1954 hoc
641 1912 925 1969 significabat,
952 1925 994 1960 et
1027 1917 1100 1962 illa
1122 1922 1267 1966 omnia
1290 1924 1410 1982 signa

24 1992 117 2021 mea
140 1987 276 2021 erant.
306 1978 432 2037 Signa
459 1995 551 2024 mea
575 1981 780 2027 dilexistis
805 1987 910 2044 :qui
934 1988 1276 2048 significabatur,
1303 2011 1412 2039 con-

24 2048 242 2092 temnitis?
270 2051 366 2093 Non
398 2065 498 2108 ergo
528 2054 697 2109 Moyses
719 2053 839 2098 dedit
862 2071 1016 2115 panem
1040 2059 1095 2103 de
1116 2061 1230 2107 coelo
1261 2084 1268 2108 :
1296 2068 1409 2111 Deus

22 2119 96 2162 dat
127 2135 300 2178 panem.
329 2119 413 2164 Sed
434 2138 562 2181 quem
600 2127 790 2182 panem?
815 2125 924 2171 forte
962 2135 1151 2176 manna?
1173 2136 1291 2188 Non,
1333 2138 1410 2182 sed

22 2204 179 2248 panem
198 2206 327 2250 quem
352 2191 609 2250 significavit
626 2209 799 2249 manna,
821 2197 962 2256 ipsum
988 2202 1149 2247 seilicet
1172 2207 1407 2252 Dominum

24 2263 186 2304 Jesum.
215 2280 233 2302 «
257 2265 381 2305 Pater
402 2278 522 2307 meus
545 2264 620 2308 dat
641 2266 763 2310 vobis
780 2282 933 2326 panem
955 2286 1120 2318 verum.
1143 2279 1268 2322 Panis
1291 2281 1407 2324 enim

20 2348 48 2372 ,»
83 2331 159 2375 Dei
174 2340 237 2376 est
259 2333 333 2392 qui
348 2332 571 2377 deseendit
588 2334 643 2378 de
665 2336 792 2391 coelo,
819 2348 861 2383 et
882 2340 957 2385 dat
979 2343 1110 2388 vitam
1128 2349 1309 2393 mundo.
1337 2351 1410 2394 Di-

26 2418 48 2442 »
83 2411 240 2446 xerunt
261 2418 364 2462 ergo
388 2404 442 2448 ad
460 2420 578 2459 eum,
607 2407 808 2463 Domine,
834 2410 888 2454 da
907 2413 1029 2457 nobis
1051 2430 1220 2476 semper
1249 2435 1406 2478 panem

29 2490 49 2514 »
84 2473 243 2518 hunc³.
273 2491 293 2515 »
319 2475 546 2527 Quomodo
565 2476 722 2521 mulier
742 2477 816 2523 illa
839 2481 1120 2542 Samaritana,
1153 2489 1224 2532 cui
1240 2489 1408 2535 dietum

76 2563 83 2580 ¹
105 2560 198 2590 Joan.
213 2569 258 2599 vs,
279 2558 331 2590 31.
354 2575 394 2583 -
415 2565 428 2583 ²
449 2559 531 2592 Ibid.
552 2559 608 2602 32,
626 2560 677 2593 33.
700 2578 742 2585 —
758 2559 772 2586 3
790 2562 869 2597 Ibid.
892 2564 944 2607 34.

184 2623 321 2652 cxxii.
1169 2627 1218 2665 19
