1825 3214
301 238 345 265 m
378 235 552 267 somma
584 236 865 265 eunonium
885 255 895 275 ,
930 236 1077 264 ·rnAcT.
1115 239 1186 265 xv.
1343 229 1426 267 119

45 306 287 358 minuatur,
316 311 366 348 ut
388 305 477 348 Deo
498 311 723 361 augeatur.
756 304 859 347 llaec
884 302 1127 347 testimonia
1150 312 1193 347 et
1222 303 1332 348 hauc
1355 320 1428 349 vc-

46 376 214 420 ritatem
235 408 246 428 ‚
265 374 394 418 etiam
412 373 681 432 passionibus
696 372 782 417 suis
799 373 1151 430 significaverunt
1171 375 1366 420 Christus
1388 385 1431 420 et

45 449 249 491 JoanneS.
276 446 384 489 Nam
406 446 593 488 joannes
615 443 755 502 capite
777 443 994 498 minutus,
1019 443 1216 489 Christus
1238 445 1282 488 in
1304 461 1431 491 cruce

46 515 256 562 exaltatus
278 534 286 559 ;
312 524 361 559 ut
383 524 425 559 et
454 515 513 558 ibi
550 523 776 574 appareret
799 514 905 574 quid
943 522 1034 569 est,
1066 533 1086 555 «
1109 513 1241 559 Illum
1262 525 1433 573 oportet

50 605 70 628 »
105 600 296 631 crescere
313 620 324 641 ,
349 600 418 629 me
441 594 585 629 autem
605 585 756 629 minui.
775 603 795 626 »
814 584 980 629 Deinde
1001 593 1129 630 natus
1151 594 1216 630 est
1237 585 1434 631 Christus

47 672 148 702 cum
179 657 269 716 jam
307 655 548 714 inciperent
585 670 775 700 crescere
809 653 900 699 dies
924 689 935 709 ‚
972 663 1099 700 natus
1142 664 1205 700 cst
1246 657 1435 701 Joannes

47 727 226 788 quando
250 734 482 785 coeperunt
512 725 652 770 minui
674 726 780 771 dies.
805 728 1020 770 Attestata
1043 735 1105 772 est
1127 726 1216 786 ipsa
1238 735 1435 771 creatura

49 808 93 844 et
114 800 216 858 ipsae
234 798 448 858 passiones
471 798 610 842 verbis
631 797 810 843 Joannis
827 796 1012 842 dicentis
1032 817 1040 843 ι
1070 817 1091 841 «
1110 797 1242 844 Illum
1265 807 1438 858 oportet

54 890 75 913 υ
109 885 320 925 creseere,
342 885 410 913 me
432 879 578 914 autem
597 870 750 914 minui.
779 887 799 911 :·›
826 871 999 915 Crescat
1015 884 1119 929 ergo
1136 870 1180 915 in
1201 870 1328 916 nobis
1350 871 1437 930 glo-

52 943 112 986 ria
136 942 234 996 Dei,
259 949 303 985 et
322 941 544 985 minuatur
574 940 711 999 gloria
739 950 910 996 nostra,
936 941 1052 986 utin
1089 943 1180 986 Deo
1209 951 1373 987 crescat
1395 951 1438 986 et

51 1021 211 1058 nostra.
251 1013 344 1056 Hoc
383 1010 500 1055 enim
528 1009 635 1056 dicit
662 1011 895 1071 Apostolus
910 1045 921 1067 ‚
962 1012 1047 1056 hoc
1079 1011 1183 1057 dicit
1218 1013 1438 1072 Scriptura

52 1092 199 1129 sancta
221 1101 230 1128 ;
255 1101 275 1124 «
300 1082 386 1136 Qui
409 1081 636 1140 gloriatur,
655 1082 700 1125 in
722 1081 908 1126 Domino
931 1082 1181 1140 glorietur1.
1197 1101 1217 1124 »
1241 1085 1293 1126 In
1314 1092 1358 1127 te
1377 1084 1440 1129 vis

52 1154 256 1214 gloriari?
273 1167 462 1198 crescere
483 1153 571 1197 vis:
591 1150 667 1196 sed
680 1151 795 1197 malo
809 1161 886 1197 tuo
908 1151 1020 1197 male
1041 1152 1210 1197 crescis.
1222 1152 1308 1206 Qui
1325 1153 1442 1197 enim

52 1225 166 1270 male
185 1224 360 1278 crescit,
387 1226 504 1284 juste
526 1223 753 1267 minuitur.
779 1224 952 1268 Crescat
973 1237 1076 1280 ergo
1098 1225 1213 1268 Deus
1233 1222 1310 1282 qui
1326 1238 1442 1267 sem-

53 1311 130 1356 per
148 1293 364 1355 perfectus
388 1304 478 1349 est,
503 1302 668 1338 creseat
689 1294 735 1339 in
758 1302 819 1338 te.
841 1295 1017 1347 Quanto
1034 1293 1150 1338 enim
1166 1294 1303 1353 magis
1321 1294 1444 1339 intel-

53 1365 149 1424 ligis
167 1368 328 1420 Deum,
352 1374 396 1409 et
416 1373 583 1424 quanto
605 1365 742 1423 magis
763 1364 903 1424 capis,
929 1364 1106 1410 videtur
1126 1364 1171 1409 in
1191 1373 1234 1409 te
1252 1380 1444 1410 crescere

54 1439 170 1481 Deus
196 1455 205 1481 :
230 1436 276 1479 in
297 1450 342 1480 se
362 1444 508 1480 autem
530 1450 621 1480 non
643 1436 818 1491 crescit,
842 1434 918 1480 sed
939 1449 1107 1494 semper
1121 1434 1341 1495 perfectus
1363 1445 1442 1481 est.

56 1505 333 1565 Intelligebas
359 1506 451 1550 heri
474 1505 697 1551 modicum
715 1540 728 1561 ,
757 1505 960 1564 intelligis
982 1505 1112 1550 hodie
1134 1505 1343 1565 amplius,
1375 1506 1446 1550 in-

55 1575 223 1636 telliges
245 1591 337 1621 cras
368 1575 507 1621 multo
530 1576 751 1635 amplius?
782 1575 934 1620 lumen
956 1576 1098 1635 ipsum
1122 1576 1200 1620 Dei
1228 1576 1380 1621 crescit
1400 1576 1446 1620 in

56 1658 127 1708 te3
151 1648 210 1692 ita
230 1647 352 1693 velut
373 1650 487 1692 Deus
520 1647 675 1692 crescit
693 1681 704 1702 ,
729 1647 806 1707 qui
835 1661 1004 1707 semper
1040 1645 1259 1706 perfectus
1280 1656 1442 1692 manet.
1490 1679 1495 1684 -

56 1717 439 1773 Quemadmodum
476 1718 511 1762 si
542 1725 801 1762 curarentur
837 1716 1021 1777 alicujus
1043 1717 1161 1763 oculi
1182 1733 1233 1763 ex
1267 1718 1447 1778 pristina

57 1791 273 1845 caecitate,
314 1799 358 1834 et
383 1790 594 1849 inciperet
615 1788 762 1834 videre
784 1788 1017 1848 paululum
1038 1789 1147 1834 lucis
1165 1824 1176 1846 ,
1201 1798 1244 1834 et
1264 1788 1348 1835 alia
1379 1789 1450 1835 die

58 1862 156 1921 plus
177 1860 367 1915 videret,
388 1869 432 1904 et
453 1860 579 1904 tertia
595 1858 666 1904 die
682 1858 870 1919 amplius
883 1893 896 1916 ‚
915 1858 1138 1906 videretur
1160 1859 1222 1906 illi
1243 1860 1320 1905 lux
1336 1876 1450 1906 cres-

59 1948 156 1978 cere
183 1952 192 1977 2
218 1932 292 1976 lux
318 1941 465 1976 tamen
496 1930 688 1991 perfecta
715 1940 780 1976 est
811 1931 899 1977 sive
931 1932 1022 1992 ipse
1057 1934 1227 1989 videat,
1252 1933 1341 1979 sive
1363 1949 1451 1978 non

62 2003 222 2049 videat.
247 2003 315 2048 Sic
332 2012 396 2047 est
417 2011 460 2047 et
477 2003 655 2048 interior
676 2003 810 2048 homo
836 2022 846 2049 ς
872 2004 1046 2063 proficit
1065 2004 1247 2065 quidem
1268 2006 1314 2050 in
1331 2008 1421 2051 Deo
1438 2040 1449 2060 ‚

60 2084 105 2119 et
127 2077 240 2119 Deus
259 2074 305 2118 in
321 2073 398 2119 illo
419 2073 593 2118 videtur
614 2089 806 2119 crescere
828 2093 836 2119 2
859 2074 950 2133 ipse
973 2083 1121 2120 tamen
1143 2076 1383 2132 minuitur,
1403 2084 1453 2120 ut

61 2160 86 2190 a
107 2144 243 2203 gloria
264 2159 342 2188 sua
361 2143 556 2199 decidat,
581 2153 625 2189 et
644 2145 691 2189 in
713 2144 896 2204 gloriam
918 2146 996 2190 Dei
1013 2155 1174 2205 surgat.

115 2217 174 2259 VI
182 2249 190 2258 .
198 2217 254 2259 Et
267 2215 470 2259 distincte
476 2216 568 2274 jam
579 2223 622 2260 et
630 2214 857 2260 manifeste
868 2225 1049 2276 apparet
1060 2216 1183 2278 quod
1193 2215 1325 2262 modo
1333 2217 1453 2262 audi-

65 2286 219 2331 vimus.
240 2305 261 2328 «
275 2287 360 2339 Qui
373 2285 428 2331 de
444 2301 616 2330 sursum
626 2287 759 2342 venit,
773 2302 902 2347 supra
917 2303 1068 2334 omnes
1085 2298 1163 2334 est.
1186 2288 1328 2334 »Vide
1342 2288 1451 2349 quid

66 2356 183 2401 dicat
198 2355 252 2401 de
265 2357 451 2402 Christo·
472 2355 588 2410 Quid
605 2357 660 2401 de
674 2357 863 2410 se?«Qui
875 2367 939 2403 est
957 2357 1012 2403 de
1029 2369 1158 2416 terra,
1175 2360 1230 2404 de
1246 2369 1358 2404 terra
1373 2367 1452 2413 est,

70 2445 91 2469 »
125 2437 169 2472 et
184 2426 238 2471 de
262 2437 372 2472 terra
394 2427 604 2487 loquitur.
627 2429 710 2482 Qui
727 2428 782 2472 de
804 2444 975 2474 sursum
995 2431 1132 2487 venit,
1157 2447 1287 2492 supra
1304 2445 1455 2475 omnes

72 2516 92 2539 >›
127 2500 233 2554 est²‚
261 2517 280 2540 »
301 2499 500 2544 Christus
523 2508 586 2544 est
614 2519 622 2544 :
647 2519 666 2541 «
689 2500 808 2553 Qui»
825 2510 969 2546 autem
995 2521 1015 2544 «
1036 2512 1099 2548 est
1120 2511 1258 2558 terra,
1273 2502 1327 2546 de
1346 2510 1457 2545 terra

119 2591 126 2607 ¹
153 2595 164 2616 ι
181 2586 254 2617 Cor.
274 2584 365 2626 1,31,
389 2589 420 2616 et
439 2587 546 2617 Jeren]
566 2596 612 2624 rx,
631 2585 685 2617 23.
710 2600 750 2609 ·---
771 2592 782 2607 ²
798 2587 890 2618 Joan.
909 2597 955 2625 ιιι,
981 2598 1032 2619 ιι.
