1825 3214
244 214 287 240 ιΝ
320 213 494 241 somma
526 213 830 249 ΕνΔΝαΕιιυΜ,
866 212 1012 240 ΤιιΛεΤ.
1049 213 1219 240 xxxvn.
1333 199 1411 241 411

35 278 167 324 tentia
192 278 375 324 verbum
409 278 720 323 dubitationis?
743 280 959 338 numquid
985 277 1123 332 dixit,
1149 279 1234 331 Qui
1259 293 1328 322 me
1354 279 1418 322 vi-

35 348 128 403 dit,
158 348 336 393 forsitan
360 347 467 392 vidit
491 356 533 392 et
566 350 765 392 Patrem?
788 351 957 400 Quare?
982 348 1087 400 Quia
1108 347 1244 391 fidelis
1264 349 1417 393 audio-

34 418 109 462 bat
129 453 139 473 ‚
162 433 249 462 non
283 417 380 462 fidei
404 426 654 476 persecutor
676 437 684 462 ;
708 417 803 461 ideo
822 433 910 462 non
932 427 1023 461 crat
1044 418 1251 461 Dominus
1275 419 1416 461 incre-

33 498 158 547 pator
174 524 185 544 ‚
208 488 283 532 scd
307 487 473 534 doctor.
505 508 524 530 «
550 489 634 542 Qui
657 504 725 532 me
747 488 878 543 vidit,
906 488 1013 534 vidit
1043 497 1084 532 et
1104 492 1274 532 Patrem
1303 508 1312 533 :
1336 507 1355 529 »
1377 498 1420 533 et

32 559 124 614 hic,
150 579 170 603 «
193 560 234 604 Si
259 574 326 603 me
342 560 522 614 sciretis,
548 570 590 604 ct
617 564 785 605 Patrem
810 575 954 604 meum
973 559 1135 604 sciretis
1157 579 1165 603 2
1187 558 1420 603 »tollamus

31 631 214 676 verbum
236 646 325 690 quo
347 641 494 676 notata
512 640 575 676 est
598 630 830 676 infidelitas
848 629 1136 685 audientium,
1153 639 1196 674 et
1214 630 1303 690 ipsa
1321 645 1419 674 sen-

33 710 167 746 tentia
190 711 268 745 est.

91 774 274 816 v1.Jam
295 772 496 815 hesterno
513 770 583 814 die
603 757 1001 815 commendavimus
1019 770 1228 816 charitati
1238 772 1416 826 Vestrae,

31 850 74 887 et
104 841 290 886 diximus
314 842 548 886 sententias
581 841 759 885 loannis
783 839 1056 898 evangelistae
1075 875 1085 895 ‚
1112 840 1272 900 quibus
1294 841 1420 885 nobis

30 921 176 958 narrat
196 912 316 972 quod
349 929 371 956 a
404 913 590 956 Domino
621 911 794 965 didicit,
817 927 896 956 nec
920 910 1211 955 discutiendas
1232 910 1363 956 fuisse
1385 913 1418 957 si

28 983 121 1029 fieri
154 993 323 1043 posset,
361 984 439 1027 nisi
474 984 778 1027 haercticorum
810 992 1055 1027 commenta
1088 982 1414 1042 compellerent.

28 1054 222 1099 Breviter
240 1069 340 1111 ergo
364 1055 566 1099 hesterno
588 1054 657 1098 ‹lie
684 1054 998 1098 insinuavimus
1020 1054 1230 1098 Charitati
1255 1056 1419 1098 Vestrae

29 1140 119 1173 esse
142 1126 369 1170 haereticos
393 1126 468 1184 qui
501 1134 714 1170 vocantur
732 1125 1055 1184 Patripassiani‚
1081 1124 1149 1168 vel
1172 1140 1194 1168 a
1216 1140 1294 1169 suo
1318 1140 1421 1169 auc-

29 1205 122 1240 tore
147 1195 381 1240 Sabelliani
409 1195 487 1240 shi
517 1195 670 1239 dicunt
699 1196 840 1254 ipsum
865 1210 955 1239 esse
979 1198 1148 1239 Patrem
1173 1195 1248 1254 qui
1267 1204 1330 1240 est
1347 1195 1421 1238 Fi-

29 1265 142 1318 lius;
175 1266 351 1310 nomina
385 1265 577 1321 diversa,
604 1282 736 1310 unam
773 1281 874 1310 vero
911 1281 1000 1310 esse
1037 1281 1279 1325 personam.
1306 1267 1419 1311 Cum

30 1335 153 1390 vult,
178 1340 303 1380 Pater
320 1345 410 1390 est,
437 1336 671 1396 inquiunt3
695 1352 794 1380 cum
813 1335 930 1390 vult,
954 1335 1115 1380 Filius:
1138 1345 1283 1380 tamen
1305 1326 1441 1381 unus⁸

30 1416 112 1452 est.
140 1410 249 1451 Item
272 1416 374 1450 sunt
397 1406 467 1450 alii
488 1407 676 1450 haerctici
695 1406 998 1466 quivocantui·
1014 1406 1177 1450 Ariani.
1196 1406 1421 1450 Confiten-

30 1487 102 1522 tur
126 1478 304 1537 quidem
324 1478 501 1522 unicum
528 1477 662 1520 Patris
686 1476 844 1520 Filium
873 1476 1105 1520 Dominum
1129 1484 1325 1519 nostrum
1343 1478 1418 1520 Je-

30 1563 124 1596 sum
148 1548 370 1594 Christum
386 1583 396 1602 ,
428 1547 551 1592 illum
577 1551 747 1591 Patrem
778 1546 898 1602 Filii,
915 1546 1045 1590 istum
1069 1545 1228 1590 Filium
1251 1546 1415 1605 Patris3

30 1634 131 1664 eum
156 1619 231 1679 qui
262 1623 387 1663 Pater
411 1629 473 1663 est
489 1654 500 1674 ,
532 1634 620 1662 non
645 1633 734 1662 esse
759 1617 917 1662 Filium
937 1652 947 1672 ‚
982 1632 1081 1660 eum
1103 1617 1178 1677 qui
1200 1616 1335 1661 Filius
1356 1627 1419 1662 est

30 1705 119 1735 non
140 1705 232 1734 esse
262 1693 433 1734 Patrem
457 1709 465 1734 2
491 1691 757 1734 confitentur
780 1688 1099 1748 generationem
1120 1723 1132 1743 ‚
1163 1687 1238 1731 sed
1259 1698 1419 1746 negant

30 1760 340 1820 aequalitatem.
366 1763 452 1805 Nos
470 1796 480 1815 ‚
504 1759 548 1805 id
563 1771 625 1804 est
643 1795 654 1815 ,
675 1759 885 1804 catholica
905 1759 1011 1804 fides
1033 1759 1210 1804 veniens
1238 1760 1292 1803 de
1310 1758 1419 1804 doc-

31 1830 142 1875 trina
162 1830 471 1890 Apostolorum
487 1865 498 1885 ,
526 1830 720 1890 plantata
745 1830 789 1874 in
807 1829 950 1884 nobis,
977 1845 1054 1888 per
1075 1829 1228 1873 seriem
1250 1844 1419 1874 succes-

31 1900 161 1945 sionis
202 1910 378 1960 accepta
394 1935 405 1955 ,
446 1916 547 1945 sana
589 1899 643 1944 ad
675 1909 870 1960 posteros
913 1898 1244 1944 transmittenda
1261 1935 1272 1955 ‚
1307 1900 1419 1944 inter

27 1979 239 2030 utrosque
257 2005 268 2026 ‚
293 1970 336 2017 id
360 1980 444 2026 est,
475 1971 589 2017 inter
619 1979 857 2030 utrumque
878 1985 1068 2015 errorem
1094 1971 1236 2015 tenuit
1256 1971 1417 2015 verita-

30 2050 134 2086 tem.
162 2044 214 2086 In
231 2056 375 2089 errore
403 2041 749 2086 Sabellianorum
769 2057 883 2085 unus
900 2050 964 2085 est
985 2040 1118 2096 solus,
1138 2042 1228 2101 ipse
1251 2050 1314 2086 est
1341 2045 1418 2086 Pa-

29 2120 96 2162 ter
112 2111 187 2171 qui
210 2110 346 2157 Filius
373 2130 382 2155 :
407 2111 454 2154 in
472 2126 616 2155 errore
639 2111 916 2167 Arianorum,
939 2111 1047 2155 alius
1065 2120 1128 2155 est
1144 2111 1322 2172 quidem
1342 2115 1419 2156 Pa-

30 2191 117 2236 ter,
134 2181 242 2226 alius
257 2181 396 2226 Filius
412 2202 424 2240 3
438 2181 514 2226 sed
533 2182 623 2241 ipse
642 2181 777 2226 Filius
794 2198 883 2227 non
900 2181 1041 2227 solum
1059 2182 1182 2237 alius,
1198 2182 1273 2227 sed
1287 2183 1418 2227 etiam

28 2251 148 2297 aliud
181 2260 245 2296 est
274 2270 282 2296 ;
309 2260 359 2296 tu
396 2252 443 2296 in
476 2252 619 2296 medio
654 2252 794 2312 quid?
830 2253 1058 2297 Exclusisti
1090 2250 1383 2297 Sabellianum
1402 2288 1414 2309 ,

28 2321 210 2367 exclude
232 2330 275 2366 et
295 2321 523 2366 Arianum.
552 2325 678 2366 Pater
693 2357 704 2378 ‚
734 2326 859 2367 Pater
873 2332 936 2367 est
954 2344 965 2380 3
994 2322 1146 2379 Filius,
1172 2322 1307 2367 Filius
1325 2334 1412 2368 est:

25 2391 138 2441 *alius
154 2427 168 2446 ,
193 2407 284 2435 non
305 2391 452 2448 aliud3
476 2393 580 2453 quia
607 2412 627 2434 «
651 2408 732 2451 ego
750 2402 792 2437 et
816 2396 964 2448 Pater,
989 2393 1159 2454 inquit,
1180 2409 1317 2437 unum
1339 2409 1415 2437 su-

34 2479 55 2503 »
91 2465 208 2504 mus¹
233 2479 242 2505 ;
264 2479 283 2501 »
307 2461 419 2506 sicut
435 2462 564 2506 etiam
585 2462 787 2506 hesterno
807 2461 895 2518 die,
911 2472 1127 2522 quantum
1141 2462 1281 2523 potui,
1302 2478 1415 2507 com-

83 2551 88 2564 ·
117 2546 207 2575 Joan.
222 2554 254 2584 x,
273 2544 326 2576 30.
