1809 3173
361 146 441 184 318
791 153 825 182 s.
862 152 1091 185 mensum
1125 158 1303 186 EPISCOPI

357 220 412 265 ad
434 233 608 279 paucos.
640 218 725 264 Sed
746 235 837 265 non
859 222 1059 266 turbatur
1081 223 1195 282 ipsc,
1221 224 1321 284 quia
1340 223 1394 266 ab
1417 223 1542 267 initio
1562 233 1741 268 noverat

357 302 399 335 et
421 291 497 351 qui
517 290 743 336 credentes
760 302 916 349 essent,
937 302 978 338 ct
1000 295 1180 354 quinon
1198 295 1421 339 credentes
1449 313 1457 339 ε
1475 309 1551 338 nos
1568 295 1600 338 si
1618 294 1742 339 nobis

355 362 593 420 contingat,
614 363 938 422 perturbamur.
963 363 1172 409 Solatium
1191 366 1235 409 in
1252 365 1436 409 Domino
1452 365 1738 421 inveniamus,

355 440 398 476 et
421 441 567 477 tamen
590 442 716 477 caute
733 434 865 478 verba
888 434 1096 478 dieamus.

414 506 492 548 IX.
516 507 662 564 Atque
679 503 753 548 ille
774 504 829 549 ad
845 519 1007 564 paucos
1026 505 1102 565 qui
1120 515 1411 550 remanserant
1432 525 1441 551 z
1463 525 1482 548 «
1504 506 1618 550 Dixit
1638 520 1742 565 ergo

357 592 378 618 ))
414 577 537 620 Jesus
563 574 798 620 duodecim
824 577 837 602 ¹
871 575 945 620 :id
968 585 1032 619 est
1054 575 1138 619 illis
1166 575 1395 620 duodecim
1425 578 1499 636 qui
1523 591 1741 621 remanse-

355 655 475 691 runt.
507 665 528 689 «
561 646 787 705 Numquid
815 656 858 690 et
885 662 981 701 VOS,
1008 646 1176 706 inquit,
1212 646 1344 691 vultis
1371 648 1432 690 ire
1444 650 1461 689 Ὺ
1486 666 1506 688 »
1530 650 1628 693 Non
1651 647 1742 692 dis-

353 719 479 762 cessit
502 733 582 762 nec
605 717 756 762 Judas.
784 717 868 762 Sed
888 734 1021 777 quare
1042 718 1264 773 manebat,
1291 719 1477 763 Domino
1493 719 1583 779 jam
1606 734 1741 779 appa-

354 789 498 845 rebat,
534 789 660 833 nobis
692 797 840 848 postea
870 788 1168 834 manifestatus
1201 799 1279 834 est.
1317 790 1558 850 Respondit
1591 793 1742 835 Petrus

352 876 432 920 pro
468 861 688 914 omnibus,
730 875 843 903 unus
878 875 957 920 pro
993 861 1167 916 multis,
1208 861 1352 905 unitas
1388 876 1468 920 pro
1505 862 1739 920 universis3

358 949 378 972 «
413 930 659 990 Respondit
679 945 782 989 ergo
806 931 845 973 ei
866 931 1013 975 Simon
1039 934 1191 976 Petrus
1216 947 1224 973 τ
1247 933 1429 976 Domine
1447 933 1501 976 ad
1516 948 1646 993 quem
1664 932 1744 976 ibi-

355 1018 375 1042 »
412 1016 509 1045 mus
530 1003 581 1043 ²?
605 1019 625 1043 »
654 1000 843 1060 Repellis
865 1017 944 1046 nos
968 1017 991 1045 a
1013 1009 1072 1056 te,
1098 1001 1152 1046 da
1175 1002 1300 1046 nobis
1326 1003 1509 1046 alterum
1540 1012 1596 1047 te.
1627 1021 1647 1044 «
1674 1003 1742 1047 Ad

355 1089 376 1113 »
412 1087 545 1132 quem
568 1072 761 1116 ibimus?
789 1091 805 1112 »
839 1072 882 1116 Si
905 1087 929 1116 a
956 1081 998 1116 te
1020 1073 1290 1131 recedimus,
1317 1072 1371 1117 ad
1395 1088 1525 1133 quem
1555 1074 1742 1118 ibimus?

356 1160 377 1184 «
411 1143 556 1187 Verba
588 1143 690 1188 vitae
722 1151 896 1186 aeternae
924 1143 1073 1187 habes.
1121 1161 1140 1185 »
1183 1145 1334 1188 Videte
1369 1144 1741 1204 quemadmodum

352 1216 505 1257 Petrus
538 1214 670 1257 dante
700 1216 812 1268 Deo,
851 1223 1071 1258 recreante
1107 1214 1271 1273 Spiritu
1307 1225 1476 1270 sancto,
1512 1215 1738 1259 intellexit.

353 1284 500 1339 Unde,
537 1283 619 1327 nisi
641 1284 743 1344 quia
767 1283 985 1328 credidit?
1008 1304 1028 1326 «
1061 1285 1202 1328 Verba
1227 1285 1324 1329 vitae
1343 1295 1516 1329 aeternae
1540 1286 1688 1330 habes.
1717 1304 1739 1327 η

352 1354 498 1398 Vitam
521 1355 636 1397 enim
663 1363 871 1398 aeternam
906 1354 1041 1398 habes
1074 1355 1119 1398 in
1150 1355 1466 1399 ministratione
1488 1356 1679 1416 corporis
1699 1365 1744 1400 et

333 1425 573 1485 ,sanguinis
607 1425 688 1469 tui.
719 1444 738 1467 «
764 1427 819 1468 Et
844 1440 922 1469 nos
950 1424 1236 1481 credidimus,
1266 1436 1309 1471 et
1331 1428 1614 1486 cognovimus
1648 1429 1679 1470 3.
1717 1445 1738 1469 η

352 1499 452 1542 Non
482 1497 766 1554 cognovimus
801 1504 844 1539 et
881 1495 1166 1551 credidimus,
1206 1496 1281 1540 sed
1323 1516 1343 1539 «
1379 1497 1669 1552 Credidimus,
1700 1506 1744 1542 et

355 1585 375 1609 »
411 1567 711 1627 cognovimus.
750 1585 769 1608 »
803 1567 1079 1611 Credidimus
1114 1568 1230 1611 enim
1266 1578 1314 1612 ut
1348 1583 1739 1626 cognosceremus:

352 1655 454 1684 nam
477 1640 511 1684 si
532 1639 652 1699 prius
675 1653 952 1698 cognoscere,
979 1648 1022 1683 et
1039 1638 1198 1683 deinde
1213 1639 1388 1683 credere
1407 1639 1637 1695 vellemus,
1663 1655 1743 1684 nec

353 1726 614 1769 cognoscere
642 1726 724 1755 nec
753 1710 929 1755 credere
949 1710 1207 1756 valeremus.
1234 1710 1350 1764 Quid
1384 1711 1669 1767 credidimus,
1701 1721 1745 1756 et

352 1782 461 1842 quid
489 1783 799 1840 cognovimus?
836 1801 855 1824 «
880 1782 991 1834 Quia
1014 1791 1063 1825 tu
1084 1797 1128 1825 es
1149 1781 1347 1827 Christus
1368 1781 1504 1826 Filius
1523 1783 1613 1826 Dei.
1645 1801 1664 1824 »
1692 1781 1744 1826 Id

353 1862 436 1909 est,
464 1853 567 1913 quia
587 1854 681 1912 ipsa
709 1852 799 1897 vita
826 1861 989 1896 aeterna
1022 1861 1070 1897 tu
1098 1867 1158 1908 es,
1184 1861 1227 1897 et
1257 1868 1345 1896 non
1381 1853 1456 1896 das
1478 1854 1521 1896 in
1549 1868 1678 1898 carne
1701 1861 1744 1897 et

353 1925 567 1984 sanguine
584 1934 661 1969 tuo
683 1923 766 1967 nisi
787 1923 908 1983 quod
926 1938 986 1967 es.

412 1999 470 2040 X.
496 1996 568 2040 Ait
589 2009 690 2053 ergo
718 1994 929 2038 Dominus
954 1996 1077 2037 Jesus
1109 2011 1119 2037 z
1155 2011 1175 2035 «
1199 1996 1353 2038 Nonne
1374 2008 1454 2052 ego
1476 2009 1550 2038 vos
1579 1994 1744 2039 duode-

358 2085 379 2110 >›
414 2067 500 2111 cim
521 2065 648 2124 elegi,
668 2074 712 2109 et
729 2080 842 2108 unus
861 2080 912 2108 ex
925 2065 1045 2108 vobis
1063 2063 1263 2107 diabolus
1277 2073 1341 2107 est
1355 2065 1395 2106 4?
1409 2067 1522 2123 Ergo
1540 2065 1742 2109 undecim

359 2156 380 2180 »
415 2137 528 2197 elegi
553 2156 573 2179 »
596 2136 760 2180 diceret
786 2155 795 2180 :
821 2151 878 2179 an
894 2135 1069 2193 eligitur
1088 2144 1131 2178 et
1154 2134 1373 2190 diabolus,
1390 2145 1435 2178 et
1450 2137 1494 2179 in
1512 2136 1657 2180 electis
1680 2146 1745 2181 est

354 2207 558 2253 diabolus
587 2209 604 2249 ’ἒ
629 2206 768 2251 Electi
799 2205 845 2249 in
875 2203 1007 2248 laude
1028 2203 1169 2249 solent
1193 2204 1280 2249 dici
1307 2223 1315 2249 :
1341 2220 1395 2248 an
1428 2204 1588 2249 electus
1616 2215 1679 2250 est
1700 2215 1744 2250 et

356 2281 437 2325 iste
452 2314 463 2335 ,
488 2279 542 2323 de
564 2295 652 2339 quo
674 2279 852 2323 nolente
887 2287 929 2321 et
952 2277 1170 2321 nesciente
1202 2292 1410 2335 magnum
1442 2276 1607 2337 aliquid
1639 2278 1743 2322 boni

357 2352 511 2396 fieret?
535 2354 628 2396 Hoc
646 2360 709 2395 est
732 2349 955 2409 proprium
985 2350 1061 2393 Dei
1088 2367 1097 2393 :
1123 2348 1388 2393 contrarium
1417 2349 1589 2409 iniquis.
1626 2350 1744 2394 Sicut

358 2423 474 2467 enim
494 2422 635 2482 iniqui
659 2419 772 2465 male
799 2428 985 2464 utuntur
1006 2419 1130 2463 bonis
1154 2419 1358 2478 operibus
1381 2419 1485 2475 Dei,
1510 2419 1570 2464 sic
1592 2429 1743 2465 contra

410 2512 527 2542 'Joam
542 2520 591 2550 vl,
611 2508 666 2541 68.
687 2523 729 2530 -
748 2513 760 2529 ²
781 2506 863 2538 Ibid.
882 2505 939 2547 69.
957 2521 998 2528 —-
1019 2504 1031 2528 3
1050 2504 1133 2537 Ibid.
1155 2515 1209 2544 70.
1229 2520 1269 2527 —-
1290 2500 1402 2536 lolliid.
1422 2516 1476 2547 71.
