<?xml version="1.0" encoding="UTF-8"?>
<!DOCTYPE html PUBLIC "-//W3C//DTD XHTML 1.0 Transitional//EN"
    "http://www.w3.org/TR/xhtml1/DTD/xhtml1-transitional.dtd">
<html xmlns="http://www.w3.org/1999/xhtml" xml:lang="en" lang="en">
 <head>
  <title>
</title>
<meta http-equiv="Content-Type" content="text/html;charset=utf-8" />
  <meta name='ocr-system' content='tesseract 3.04.00' />
  <meta name='ocr-capabilities' content='ocr_page ocr_carea ocr_par ocr_line ocrx_word'/>
</head>
<body>
  <div class='ocr_page' id='page_1' title='image "./operaomniaaccura15auguuoft_0462.png"; bbox 0 0 1809 3173; ppageno 0'>
   <div class='ocr_carea' id='block_1_1' title="bbox 358 179 1292 220">
    <p class='ocr_par' dir='ltr' id='par_1_1' title="bbox 358 179 1292 220">
     <span class='ocr_line' id='line_1_1' title="bbox 358 179 1292 220; baseline 0 -2"><span class='ocrx_word' id='word_1_1' title='bbox 358 179 441 219; x_wconf 77' lang='lat'><strong>450</strong></span> <span class='ocrx_word' id='word_1_2' title='bbox 779 191 814 219; x_wconf 87' lang='lat' dir='ltr'><strong>s.</strong></span> <span class='ocrx_word' id='word_1_3' title='bbox 850 191 935 219; x_wconf 64' lang='lat' dir='ltr'><strong>Auo</strong></span> <span class='ocrx_word' id='word_1_4' title='bbox 944 193 1079 219; x_wconf 63' lang='lat' dir='ltr'><strong>ustum</strong></span> <span class='ocrx_word' id='word_1_5' title='bbox 1112 193 1292 220; x_wconf 76' lang='lat' dir='ltr'>EPISCOPI</span> 
     </span>
    </p>
   </div>
   <div class='ocr_carea' id='block_1_2' title="bbox 346 253 1747 2505">
    <p class='ocr_par' dir='ltr' id='par_1_2' title="bbox 346 253 1746 2003">
     <span class='ocr_line' id='line_1_2' title="bbox 354 253 1738 316; baseline 0.004 -18"><span class='ocrx_word' id='word_1_6' title='bbox 354 253 489 298; x_wconf 87' lang='lat' dir='ltr'><strong>malos</strong></span> <span class='ocrx_word' id='word_1_7' title='bbox 518 257 743 314; x_wconf 81' lang='lat' dir='ltr'><strong>patiuntur</strong></span> <span class='ocrx_word' id='word_1_8' title='bbox 760 291 770 311; x_wconf 91' lang='lat'><strong>,</strong></span> <span class='ocrx_word' id='word_1_9' title='bbox 806 254 975 301; x_wconf 85' lang='lat' dir='ltr'><strong>venales</strong></span> <span class='ocrx_word' id='word_1_10' title='bbox 1001 271 1044 298; x_wconf 85' lang='lat' dir='ltr'><strong>se</strong></span> <span class='ocrx_word' id='word_1_11' title='bbox 1069 265 1250 314; x_wconf 71' lang='lat' dir='ltr'><strong>petunt,</strong></span> <span class='ocrx_word' id='word_1_12' title='bbox 1277 271 1364 300; x_wconf 89' lang='lat' dir='ltr'><strong>non</strong></span> <span class='ocrx_word' id='word_1_13' title='bbox 1386 267 1630 316; x_wconf 71' lang='lat' dir='ltr'>quaerentes</span> <span class='ocrx_word' id='word_1_14' title='bbox 1657 259 1738 303; x_wconf 90' lang='lat' dir='ltr'><strong>do-</strong></span> 
     </span>
     <span class='ocr_line' id='line_1_3' title="bbox 349 323 1738 386; baseline 0.004 -22"><span class='ocrx_word' id='word_1_15' title='bbox 349 323 517 365; x_wconf 90' lang='lat' dir='ltr'><strong>minum</strong></span> <span class='ocrx_word' id='word_1_16' title='bbox 542 339 631 366; x_wconf 91' lang='lat' dir='ltr'><strong>non</strong></span> <span class='ocrx_word' id='word_1_17' title='bbox 667 324 852 378; x_wconf 81' lang='lat' dir='ltr'><strong>habere,</strong></span> <span class='ocrx_word' id='word_1_18' title='bbox 887 323 961 367; x_wconf 88' lang='lat' dir='ltr'><strong>scd</strong></span> <span class='ocrx_word' id='word_1_19' title='bbox 989 323 1139 366; x_wconf 83' lang='lat' dir='ltr'><strong>saltem</strong></span> <span class='ocrx_word' id='word_1_20' title='bbox 1174 334 1343 369; x_wconf 81' lang='lat' dir='ltr'><strong>mutare</strong></span> <span class='ocrx_word' id='word_1_21' title='bbox 1370 345 1379 370; x_wconf 76' lang='lat'>2</span> <span class='ocrx_word' id='word_1_22' title='bbox 1404 341 1549 370; x_wconf 83' lang='lat' dir='ltr'><strong>servus</strong></span> <span class='ocrx_word' id='word_1_23' title='bbox 1573 328 1738 386; x_wconf 86' lang='lat' dir='ltr'><strong>peccati</strong></span> 
     </span>
     <span class='ocr_line' id='line_1_4' title="bbox 349 392 1737 456; baseline 0.004 -21"><span class='ocrx_word' id='word_1_24' title='bbox 349 393 457 452; x_wconf 86' lang='lat' dir='ltr'><strong>quid</strong></span> <span class='ocrx_word' id='word_1_25' title='bbox 486 392 644 438; x_wconf 69' lang='lat' dir='ltr'><strong>iaciat?</strong></span> <span class='ocrx_word' id='word_1_26' title='bbox 683 410 815 454; x_wconf 87' lang='lat' dir='ltr'><strong>quem</strong></span> <span class='ocrx_word' id='word_1_27' title='bbox 845 393 1124 452; x_wconf 69' lang='lat' dir='ltr'><strong>interpellet?</strong></span> <span class='ocrx_word' id='word_1_28' title='bbox 1154 394 1274 453; x_wconf 83' lang='lat' dir='ltr'><strong>apud</strong></span> <span class='ocrx_word' id='word_1_29' title='bbox 1297 412 1430 455; x_wconf 82' lang='lat' dir='ltr'><strong>quem</strong></span> <span class='ocrx_word' id='word_1_30' title='bbox 1462 397 1737 456; x_wconf 77' lang='lat' dir='ltr'><strong>interpellet?</strong></span> 
     </span>
     <span class='ocr_line' id='line_1_5' title="bbox 348 462 1738 523; baseline 0.003 -17"><span class='ocrx_word' id='word_1_31' title='bbox 348 462 466 521; x_wconf 85' lang='lat' dir='ltr'><strong>apud</strong></span> <span class='ocrx_word' id='word_1_32' title='bbox 483 478 616 523; x_wconf 82' lang='lat' dir='ltr'><strong>quem</strong></span> <span class='ocrx_word' id='word_1_33' title='bbox 639 479 683 508; x_wconf 89' lang='lat' dir='ltr'><strong>se</strong></span> <span class='ocrx_word' id='word_1_34' title='bbox 706 463 905 510; x_wconf 87' lang='lat' dir='ltr'><strong>venalem</strong></span> <span class='ocrx_word' id='word_1_35' title='bbox 931 464 1078 522; x_wconf 73' lang='lat' dir='ltr'><strong>petat?</strong></span> <span class='ocrx_word' id='word_1_36' title='bbox 1101 463 1264 506; x_wconf 80' lang='lat' dir='ltr'>Deinde</span> <span class='ocrx_word' id='word_1_37' title='bbox 1282 480 1428 509; x_wconf 88' lang='lat' dir='ltr'><strong>servus</strong></span> <span class='ocrx_word' id='word_1_38' title='bbox 1450 466 1634 509; x_wconf 87' lang='lat' dir='ltr'><strong>hominis</strong></span> <span class='ocrx_word' id='word_1_39' title='bbox 1659 467 1738 511; x_wconf 87' lang='lat' dir='ltr'><strong>ali-</strong></span> 
     </span>
     <span class='ocr_line' id='line_1_6' title="bbox 347 533 1738 594; baseline 0.004 -18"><span class='ocrx_word' id='word_1_40' title='bbox 347 534 524 593; x_wconf 87' lang='lat' dir='ltr'><strong>quando</strong></span> <span class='ocrx_word' id='word_1_41' title='bbox 547 535 613 579; x_wconf 91' lang='lat' dir='ltr'><strong>sui</strong></span> <span class='ocrx_word' id='word_1_42' title='bbox 631 535 801 580; x_wconf 89' lang='lat' dir='ltr'><strong>domini</strong></span> <span class='ocrx_word' id='word_1_43' title='bbox 831 534 949 579; x_wconf 88' lang='lat' dir='ltr'><strong>duris</strong></span> <span class='ocrx_word' id='word_1_44' title='bbox 972 533 1161 592; x_wconf 86' lang='lat' dir='ltr'><strong>imperiis</strong></span> <span class='ocrx_word' id='word_1_45' title='bbox 1183 533 1385 592; x_wconf 82' lang='lat' dir='ltr'><strong>fatigatus</strong></span> <span class='ocrx_word' id='word_1_46' title='bbox 1402 570 1413 590; x_wconf 94' lang='lat'><strong>,</strong></span> <span class='ocrx_word' id='word_1_47' title='bbox 1438 534 1648 594; x_wconf 80' lang='lat' dir='ltr'><strong>fugiendo</strong></span> <span class='ocrx_word' id='word_1_48' title='bbox 1666 553 1738 581; x_wconf 90' lang='lat' dir='ltr'><strong>re-</strong></span> 
     </span>
     <span class='ocr_line' id='line_1_7' title="bbox 348 602 1739 666; baseline 0.002 -19"><span class='ocrx_word' id='word_1_49' title='bbox 348 604 529 663; x_wconf 85' lang='lat' dir='ltr'><strong>quiescit</strong></span> <span class='ocrx_word' id='word_1_50' title='bbox 551 624 560 650; x_wconf 91' lang='lat'>:</span> <span class='ocrx_word' id='word_1_51' title='bbox 586 621 735 650; x_wconf 84' lang='lat' dir='ltr'><strong>servus</strong></span> <span class='ocrx_word' id='word_1_52' title='bbox 763 604 930 664; x_wconf 84' lang='lat' dir='ltr'><strong>peccati</strong></span> <span class='ocrx_word' id='word_1_53' title='bbox 948 619 1036 663; x_wconf 89' lang='lat' dir='ltr'><strong>quo</strong></span> <span class='ocrx_word' id='word_1_54' title='bbox 1064 602 1207 662; x_wconf 75' lang='lat' dir='ltr'><strong>fugit?</strong></span> <span class='ocrx_word' id='word_1_55' title='bbox 1232 606 1389 648; x_wconf 87' lang='lat' dir='ltr'><strong>Secum</strong></span> <span class='ocrx_word' id='word_1_56' title='bbox 1411 620 1455 648; x_wconf 86' lang='lat' dir='ltr'><strong>se</strong></span> <span class='ocrx_word' id='word_1_57' title='bbox 1473 606 1604 649; x_wconf 87' lang='lat' dir='ltr'><strong>trahit</strong></span> <span class='ocrx_word' id='word_1_58' title='bbox 1627 622 1739 666; x_wconf 83' lang='lat' dir='ltr'><strong>quo-</strong></span> 
     </span>
     <span class='ocr_line' id='line_1_8' title="bbox 346 674 1739 735; baseline 0.001 -16"><span class='ocrx_word' id='word_1_59' title='bbox 346 690 534 735; x_wconf 80' lang='lat' dir='ltr'><strong>cumque</strong></span> <span class='ocrx_word' id='word_1_60' title='bbox 552 676 730 735; x_wconf 82' lang='lat' dir='ltr'><strong>fugerit.</strong></span> <span class='ocrx_word' id='word_1_61' title='bbox 753 678 850 721; x_wconf 91' lang='lat' dir='ltr'><strong>Non</strong></span> <span class='ocrx_word' id='word_1_62' title='bbox 874 674 986 733; x_wconf 80' lang='lat' dir='ltr'><strong>sugit</strong></span> <span class='ocrx_word' id='word_1_63' title='bbox 1006 690 1049 719; x_wconf 87' lang='lat' dir='ltr'><strong>se</strong></span> <span class='ocrx_word' id='word_1_64' title='bbox 1070 676 1207 734; x_wconf 80' lang='lat' dir='ltr'>ipsam</span> <span class='ocrx_word' id='word_1_65' title='bbox 1225 674 1338 719; x_wconf 82' lang='lat' dir='ltr'><strong>mala</strong></span> <span class='ocrx_word' id='word_1_66' title='bbox 1355 677 1633 732; x_wconf 88' lang='lat' dir='ltr'><strong>conscientia,</strong></span> <span class='ocrx_word' id='word_1_67' title='bbox 1650 693 1739 721; x_wconf 91' lang='lat' dir='ltr'><strong>non</strong></span> 
     </span>
     <span class='ocr_line' id='line_1_9' title="bbox 348 746 1741 807; baseline 0.001 -18"><span class='ocrx_word' id='word_1_68' title='bbox 348 755 412 790; x_wconf 88' lang='lat' dir='ltr'><strong>est</strong></span> <span class='ocrx_word' id='word_1_69' title='bbox 433 762 521 805; x_wconf 88' lang='lat' dir='ltr'><strong>quo</strong></span> <span class='ocrx_word' id='word_1_70' title='bbox 544 756 628 801; x_wconf 85' lang='lat' dir='ltr'><strong>eat,</strong></span> <span class='ocrx_word' id='word_1_71' title='bbox 651 747 848 807; x_wconf 86' lang='lat' dir='ltr'><strong>sequitur</strong></span> <span class='ocrx_word' id='word_1_72' title='bbox 867 761 912 789; x_wconf 88' lang='lat' dir='ltr'><strong>se</strong></span> <span class='ocrx_word' id='word_1_73' title='bbox 937 765 946 790; x_wconf 88' lang='grc'>;</span> <span class='ocrx_word' id='word_1_74' title='bbox 966 746 1054 790; x_wconf 92' lang='lat' dir='ltr'><strong>imo</strong></span> <span class='ocrx_word' id='word_1_75' title='bbox 1076 761 1167 790; x_wconf 90' lang='lat' dir='ltr'><strong>non</strong></span> <span class='ocrx_word' id='word_1_76' title='bbox 1184 747 1349 790; x_wconf 76' lang='lat' dir='ltr'><strong>recedit</strong></span> <span class='ocrx_word' id='word_1_77' title='bbox 1370 763 1394 791; x_wconf 88' lang='lat' dir='ltr'><strong>a</strong></span> <span class='ocrx_word' id='word_1_78' title='bbox 1418 762 1462 791; x_wconf 87' lang='lat' dir='ltr'><strong>se</strong></span> <span class='ocrx_word' id='word_1_79' title='bbox 1481 766 1490 791; x_wconf 77' lang='lat'>2</span> <span class='ocrx_word' id='word_1_80' title='bbox 1512 757 1741 806; x_wconf 88' lang='lat' dir='ltr'><strong>peccatum</strong></span> 
     </span>
     <span class='ocr_line' id='line_1_10' title="bbox 347 817 1742 878; baseline 0.001 -18"><span class='ocrx_word' id='word_1_81' title='bbox 347 817 463 860; x_wconf 87' lang='lat' dir='ltr'><strong>enim</strong></span> <span class='ocrx_word' id='word_1_82' title='bbox 485 817 605 877; x_wconf 80' lang='lat' dir='ltr'><strong>quod</strong></span> <span class='ocrx_word' id='word_1_83' title='bbox 630 817 760 873; x_wconf 77' lang='lat' dir='ltr'><strong>lacit,</strong></span> <span class='ocrx_word' id='word_1_84' title='bbox 785 818 902 862; x_wconf 87' lang='lat' dir='ltr'><strong>intus</strong></span> <span class='ocrx_word' id='word_1_85' title='bbox 925 826 1003 861; x_wconf 87' lang='lat' dir='ltr'><strong>est.</strong></span> <span class='ocrx_word' id='word_1_86' title='bbox 1032 818 1152 861; x_wconf 84' lang='lat' dir='ltr'><strong>Fecit</strong></span> <span class='ocrx_word' id='word_1_87' title='bbox 1178 827 1408 876; x_wconf 88' lang='lat' dir='ltr'><strong>peccatum</strong></span> <span class='ocrx_word' id='word_1_88' title='bbox 1426 853 1437 874; x_wconf 92' lang='lat'><strong>,</strong></span> <span class='ocrx_word' id='word_1_89' title='bbox 1472 828 1522 862; x_wconf 89' lang='lat' dir='ltr'><strong>ut</strong></span> <span class='ocrx_word' id='word_1_90' title='bbox 1549 819 1742 878; x_wconf 81' lang='lat' dir='ltr'>aliquam</span> 
     </span>
     <span class='ocr_line' id='line_1_11' title="bbox 346 889 1741 949; baseline 0.001 -17"><span class='ocrx_word' id='word_1_91' title='bbox 346 889 616 948; x_wconf 81' lang='lat' dir='ltr'><strong>corporalem</strong></span> <span class='ocrx_word' id='word_1_92' title='bbox 636 900 809 949; x_wconf 85' lang='lat' dir='ltr'><strong>caperet</strong></span> <span class='ocrx_word' id='word_1_93' title='bbox 828 889 1098 948; x_wconf 86' lang='lat' dir='ltr'><strong>voluptatem</strong></span> <span class='ocrx_word' id='word_1_94' title='bbox 1119 908 1128 933; x_wconf 87' lang='grc'>;</span> <span class='ocrx_word' id='word_1_95' title='bbox 1156 889 1354 948; x_wconf 89' lang='lat' dir='ltr'><strong>voluptas</strong></span> <span class='ocrx_word' id='word_1_96' title='bbox 1379 891 1555 945; x_wconf 85' lang='lat' dir='ltr'><strong>transit,</strong></span> <span class='ocrx_word' id='word_1_97' title='bbox 1585 906 1741 949; x_wconf 86' lang='lat' dir='ltr'><strong>pecca-</strong></span> 
     </span>
     <span class='ocr_line' id='line_1_12' title="bbox 351 958 1742 1020; baseline 0.002 -19"><span class='ocrx_word' id='word_1_98' title='bbox 351 967 444 1002; x_wconf 88' lang='lat' dir='ltr'><strong>tum</strong></span> <span class='ocrx_word' id='word_1_99' title='bbox 466 969 645 1005; x_wconf 88' lang='lat' dir='ltr'><strong>manet:</strong></span> <span class='ocrx_word' id='word_1_100' title='bbox 681 960 887 1019; x_wconf 79' lang='lat' dir='ltr'><strong>praeteriit</strong></span> <span class='ocrx_word' id='word_1_101' title='bbox 920 958 1042 1019; x_wconf 88' lang='lat' dir='ltr'><strong>quod</strong></span> <span class='ocrx_word' id='word_1_102' title='bbox 1073 958 1322 1003; x_wconf 84' lang='lat' dir='ltr'><strong>delectabat</strong></span> <span class='ocrx_word' id='word_1_103' title='bbox 1339 993 1350 1014; x_wconf 91' lang='lat'><strong>,</strong></span> <span class='ocrx_word' id='word_1_104' title='bbox 1376 960 1582 1003; x_wconf 81' lang='lat' dir='ltr'><strong>remansit</strong></span> <span class='ocrx_word' id='word_1_105' title='bbox 1620 959 1742 1020; x_wconf 83' lang='lat' dir='ltr'><strong>quod</strong></span> 
     </span>
     <span class='ocr_line' id='line_1_13' title="bbox 349 1030 1742 1091; baseline 0.001 -18"><span class='ocrx_word' id='word_1_106' title='bbox 349 1040 529 1090; x_wconf 85' lang='lat' dir='ltr'><strong>pungat.</strong></span> <span class='ocrx_word' id='word_1_107' title='bbox 570 1031 685 1077; x_wconf 87' lang='lat' dir='ltr'><strong>Mala</strong></span> <span class='ocrx_word' id='word_1_108' title='bbox 719 1032 916 1075; x_wconf 87' lang='lat' dir='ltr'><strong>servitus.</strong></span> <span class='ocrx_word' id='word_1_109' title='bbox 954 1030 1204 1091; x_wconf 78' lang='lat' dir='ltr'>Aliquando</span> <span class='ocrx_word' id='word_1_110' title='bbox 1233 1030 1410 1090; x_wconf 71' lang='lat' dir='ltr'><strong>fugiunt</strong></span> <span class='ocrx_word' id='word_1_111' title='bbox 1447 1031 1643 1075; x_wconf 88' lang='lat' dir='ltr'><strong>homines</strong></span> <span class='ocrx_word' id='word_1_112' title='bbox 1685 1030 1742 1075; x_wconf 82' lang='lat' dir='ltr'><strong>ad</strong></span> 
     </span>
     <span class='ocr_line' id='line_1_14' title="bbox 349 1100 1742 1161; baseline 0.001 -18"><span class='ocrx_word' id='word_1_113' title='bbox 349 1100 609 1157; x_wconf 83' lang='lat' dir='ltr'><strong>Ecclesiam,</strong></span> <span class='ocrx_word' id='word_1_114' title='bbox 635 1111 678 1146; x_wconf 90' lang='lat' dir='ltr'><strong>et</strong></span> <span class='ocrx_word' id='word_1_115' title='bbox 701 1102 958 1161; x_wconf 77' lang='lat' dir='ltr'><strong>plerumque</strong></span> <span class='ocrx_word' id='word_1_116' title='bbox 981 1117 1052 1146; x_wconf 87' lang='lat' dir='ltr'><strong>eos</strong></span> <span class='ocrx_word' id='word_1_117' title='bbox 1071 1102 1261 1160; x_wconf 85' lang='lat' dir='ltr'><strong>patimur</strong></span> <span class='ocrx_word' id='word_1_118' title='bbox 1280 1110 1489 1161; x_wconf 79' lang='lat' dir='ltr'><strong>tanquam</strong></span> <span class='ocrx_word' id='word_1_119' title='bbox 1511 1101 1742 1160; x_wconf 89' lang='lat' dir='ltr'><strong>indiscipli-</strong></span> 
     </span>
     <span class='ocr_line' id='line_1_15' title="bbox 350 1172 1742 1232; baseline 0 -17"><span class='ocrx_word' id='word_1_120' title='bbox 350 1181 474 1216; x_wconf 88' lang='lat' dir='ltr'><strong>natos</strong></span> <span class='ocrx_word' id='word_1_121' title='bbox 496 1192 505 1217; x_wconf 76' lang='grc' dir='ltr'><strong>ι</strong></span> <span class='ocrx_word' id='word_1_122' title='bbox 532 1173 726 1218; x_wconf 87' lang='lat' dir='ltr'><strong>volentes</strong></span> <span class='ocrx_word' id='word_1_123' title='bbox 744 1189 888 1217; x_wconf 88' lang='lat' dir='ltr'><strong>carere</strong></span> <span class='ocrx_word' id='word_1_124' title='bbox 911 1173 1119 1228; x_wconf 87' lang='lat' dir='ltr'><strong>dominis,</strong></span> <span class='ocrx_word' id='word_1_125' title='bbox 1140 1173 1217 1232; x_wconf 87' lang='lat' dir='ltr'><strong>qui</strong></span> <span class='ocrx_word' id='word_1_126' title='bbox 1241 1172 1398 1216; x_wconf 86' lang='lat' dir='ltr'><strong>nolunt</strong></span> <span class='ocrx_word' id='word_1_127' title='bbox 1419 1188 1563 1216; x_wconf 83' lang='lat' dir='ltr'><strong>carere</strong></span> <span class='ocrx_word' id='word_1_128' title='bbox 1587 1188 1742 1231; x_wconf 83' lang='lat' dir='ltr'><strong>pecca-</strong></span> 
     </span>
     <span class='ocr_line' id='line_1_16' title="bbox 353 1241 1743 1302; baseline 0 -17"><span class='ocrx_word' id='word_1_129' title='bbox 353 1243 421 1286; x_wconf 90' lang='lat' dir='ltr'><strong>tis.</strong></span> <span class='ocrx_word' id='word_1_130' title='bbox 446 1241 696 1302; x_wconf 83' lang='lat' dir='ltr'><strong>Aliquando</strong></span> <span class='ocrx_word' id='word_1_131' title='bbox 719 1254 864 1288; x_wconf 88' lang='lat' dir='ltr'><strong>autem</strong></span> <span class='ocrx_word' id='word_1_132' title='bbox 891 1245 1021 1287; x_wconf 88' lang='lat' dir='ltr'><strong>etiam</strong></span> <span class='ocrx_word' id='word_1_133' title='bbox 1050 1243 1202 1287; x_wconf 88' lang='lat' dir='ltr'><strong>illicito</strong></span> <span class='ocrx_word' id='word_1_134' title='bbox 1218 1244 1326 1302; x_wconf 72' lang='lat' dir='ltr'><strong>jugo</strong></span> <span class='ocrx_word' id='word_1_135' title='bbox 1349 1252 1391 1286; x_wconf 90' lang='lat' dir='ltr'><strong>et</strong></span> <span class='ocrx_word' id='word_1_136' title='bbox 1413 1244 1613 1302; x_wconf 77' lang='lat' dir='ltr'><strong>improbo</strong></span> <span class='ocrx_word' id='word_1_137' title='bbox 1634 1244 1743 1285; x_wconf 81' lang='lat' dir='ltr'><strong>sub-</strong></span> 
     </span>
     <span class='ocr_line' id='line_1_17' title="bbox 347 1312 1744 1373; baseline 0.001 -17"><span class='ocrx_word' id='word_1_138' title='bbox 347 1314 454 1372; x_wconf 86' lang='lat' dir='ltr'><strong>jecti</strong></span> <span class='ocrx_word' id='word_1_139' title='bbox 479 1313 657 1372; x_wconf 80' lang='lat' dir='ltr'><strong>fugiunt</strong></span> <span class='ocrx_word' id='word_1_140' title='bbox 689 1315 744 1359; x_wconf 85' lang='lat' dir='ltr'><strong>ad</strong></span> <span class='ocrx_word' id='word_1_141' title='bbox 770 1316 1008 1359; x_wconf 83' lang='lat' dir='ltr'><strong>Ecclesiam</strong></span> <span class='ocrx_word' id='word_1_142' title='bbox 1026 1350 1037 1369; x_wconf 91' lang='lat'><strong>,</strong></span> <span class='ocrx_word' id='word_1_143' title='bbox 1070 1315 1174 1373; x_wconf 82' lang='lat' dir='ltr'><strong>quia</strong></span> <span class='ocrx_word' id='word_1_144' title='bbox 1210 1316 1451 1358; x_wconf 81' lang='lat' dir='ltr'><strong>retinentur</strong></span> <span class='ocrx_word' id='word_1_145' title='bbox 1475 1314 1657 1372; x_wconf 79' lang='lat' dir='ltr'><strong>ingenui</strong></span> <span class='ocrx_word' id='word_1_146' title='bbox 1687 1312 1744 1357; x_wconf 88' lang='lat' dir='ltr'><strong>ad</strong></span> 
     </span>
     <span class='ocr_line' id='line_1_18' title="bbox 350 1384 1740 1444; baseline 0.001 -17"><span class='ocrx_word' id='word_1_147' title='bbox 350 1384 603 1428; x_wconf 81' lang='lat' dir='ltr'><strong>servitutem</strong></span> <span class='ocrx_word' id='word_1_148' title='bbox 618 1419 628 1439; x_wconf 92' lang='lat'><strong>,</strong></span> <span class='ocrx_word' id='word_1_149' title='bbox 649 1394 692 1428; x_wconf 92' lang='lat' dir='ltr'><strong>et</strong></span> <span class='ocrx_word' id='word_1_150' title='bbox 713 1385 1014 1443; x_wconf 82' lang='lat' dir='ltr'><strong>interpellatur</strong></span> <span class='ocrx_word' id='word_1_151' title='bbox 1037 1386 1263 1444; x_wconf 86' lang='lat' dir='ltr'><strong>episcopus</strong></span> <span class='ocrx_word' id='word_1_152' title='bbox 1286 1404 1295 1429; x_wconf 73' lang='lat' dir='ltr'><strong><em>z</em></strong></span> <span class='ocrx_word' id='word_1_153' title='bbox 1322 1393 1364 1428; x_wconf 89' lang='lat' dir='ltr'><strong>et</strong></span> <span class='ocrx_word' id='word_1_154' title='bbox 1388 1385 1469 1428; x_wconf 85' lang='lat' dir='ltr'><strong>nisi</strong></span> <span class='ocrx_word' id='word_1_155' title='bbox 1499 1394 1622 1429; x_wconf 89' lang='lat' dir='ltr'><strong>curet</strong></span> <span class='ocrx_word' id='word_1_156' title='bbox 1639 1400 1740 1444; x_wconf 86' lang='lat' dir='ltr'><strong>ope-</strong></span> 
     </span>
     <span class='ocr_line' id='line_1_19' title="bbox 352 1454 1744 1514; baseline 0.001 -17"><span class='ocrx_word' id='word_1_157' title='bbox 352 1469 444 1498; x_wconf 89' lang='lat' dir='ltr'><strong>ram</strong></span> <span class='ocrx_word' id='word_1_158' title='bbox 466 1454 721 1514; x_wconf 87' lang='lat' dir='ltr'><strong>impendere</strong></span> <span class='ocrx_word' id='word_1_159' title='bbox 736 1489 747 1508; x_wconf 92' lang='lat'><strong>,</strong></span> <span class='ocrx_word' id='word_1_160' title='bbox 776 1470 830 1498; x_wconf 87' lang='lat' dir='ltr'><strong>ne</strong></span> <span class='ocrx_word' id='word_1_161' title='bbox 853 1456 1097 1513; x_wconf 80' lang='lat' dir='ltr'><strong>ingenuitas</strong></span> <span class='ocrx_word' id='word_1_162' title='bbox 1119 1457 1417 1514; x_wconf 87' lang='lat' dir='ltr'><strong>opprimatur,</strong></span> <span class='ocrx_word' id='word_1_163' title='bbox 1445 1455 1744 1499; x_wconf 79' lang='lat' dir='ltr'><strong>immisericors</strong></span> 
     </span>
     <span class='ocr_line' id='line_1_20' title="bbox 351 1523 1744 1585; baseline 0.001 -17"><span class='ocrx_word' id='word_1_164' title='bbox 351 1524 603 1583; x_wconf 86' lang='lat' dir='ltr'><strong>deputatur.</strong></span> <span class='ocrx_word' id='word_1_165' title='bbox 638 1525 707 1568; x_wconf 86' lang='lat' dir='ltr'><strong>Ad</strong></span> <span class='ocrx_word' id='word_1_166' title='bbox 729 1523 952 1569; x_wconf 83' lang='lat' dir='ltr'><strong>Christum</strong></span> <span class='ocrx_word' id='word_1_167' title='bbox 970 1540 1119 1568; x_wconf 90' lang='lat' dir='ltr'><strong>omnes</strong></span> <span class='ocrx_word' id='word_1_168' title='bbox 1138 1524 1354 1584; x_wconf 83' lang='lat' dir='ltr'><strong>fugiamus</strong></span> <span class='ocrx_word' id='word_1_169' title='bbox 1375 1561 1386 1581; x_wconf 87' lang='lat'><strong>,</strong></span> <span class='ocrx_word' id='word_1_170' title='bbox 1416 1535 1566 1570; x_wconf 87' lang='lat' dir='ltr'><strong>contra</strong></span> <span class='ocrx_word' id='word_1_171' title='bbox 1588 1541 1744 1585; x_wconf 86' lang='lat' dir='ltr'><strong>pecca-</strong></span> 
     </span>
     <span class='ocr_line' id='line_1_21' title="bbox 352 1585 1744 1658; baseline 0.001 -19"><span class='ocrx_word' id='word_1_172' title='bbox 352 1605 446 1639; x_wconf 84' lang='lat' dir='ltr'><strong>tum</strong></span> <span class='ocrx_word' id='word_1_173' title='bbox 468 1585 607 1640; x_wconf 87' lang='lat' dir='ltr'><strong>Deum</strong></span> <span class='ocrx_word' id='word_1_174' title='bbox 627 1596 905 1658; x_wconf 81' lang='lat' dir='ltr'><strong>liberatorem</strong></span> <span class='ocrx_word' id='word_1_175' title='bbox 941 1595 1267 1655; x_wconf 85' lang='lat' dir='ltr'><strong>interpellemus</strong></span> <span class='ocrx_word' id='word_1_176' title='bbox 1293 1616 1302 1642; x_wconf 85' lang='lat'><strong>:</strong></span> <span class='ocrx_word' id='word_1_177' title='bbox 1327 1598 1498 1641; x_wconf 81' lang='lat' dir='ltr'><strong>venales</strong></span> <span class='ocrx_word' id='word_1_178' title='bbox 1520 1613 1598 1641; x_wconf 85' lang='lat' dir='ltr'><strong>nos</strong></span> <span class='ocrx_word' id='word_1_179' title='bbox 1622 1607 1744 1656; x_wconf 86' lang='lat' dir='ltr'><strong>peta-</strong></span> 
     </span>
     <span class='ocr_line' id='line_1_22' title="bbox 354 1666 1742 1727; baseline 0.002 -18"><span class='ocrx_word' id='word_1_180' title='bbox 354 1681 450 1709; x_wconf 86' lang='lat' dir='ltr'><strong>mus</strong></span> <span class='ocrx_word' id='word_1_181' title='bbox 468 1700 479 1721; x_wconf 91' lang='lat'><strong>,</strong></span> <span class='ocrx_word' id='word_1_182' title='bbox 506 1676 555 1710; x_wconf 90' lang='lat' dir='ltr'><strong>ut</strong></span> <span class='ocrx_word' id='word_1_183' title='bbox 577 1669 667 1727; x_wconf 82' lang='lat' dir='ltr'><strong>ejus</strong></span> <span class='ocrx_word' id='word_1_184' title='bbox 689 1667 899 1726; x_wconf 85' lang='lat' dir='ltr'><strong>sanguine</strong></span> <span class='ocrx_word' id='word_1_185' title='bbox 920 1666 1197 1711; x_wconf 84' lang='lat' dir='ltr'><strong>redimamur.</strong></span> <span class='ocrx_word' id='word_1_186' title='bbox 1225 1669 1338 1712; x_wconf 87' lang='lat' dir='ltr'><strong>Dicit</strong></span> <span class='ocrx_word' id='word_1_187' title='bbox 1361 1669 1476 1711; x_wconf 88' lang='lat' dir='ltr'><strong>enim</strong></span> <span class='ocrx_word' id='word_1_188' title='bbox 1499 1670 1708 1713; x_wconf 85' lang='lat' dir='ltr'><strong>Dominus</strong></span> <span class='ocrx_word' id='word_1_189' title='bbox 1731 1687 1742 1712; x_wconf 76' lang='lat'>2</span> 
     </span>
     <span class='ocr_line' id='line_1_23' title="bbox 359 1736 1742 1794; baseline 0.001 -17"><span class='ocrx_word' id='word_1_190' title='bbox 359 1757 379 1778; x_wconf 84' lang='lat'>«</span> <span class='ocrx_word' id='word_1_191' title='bbox 414 1736 554 1780; x_wconf 82' lang='lat' dir='ltr'><strong>Gratis</strong></span> <span class='ocrx_word' id='word_1_192' title='bbox 577 1736 835 1780; x_wconf 86' lang='lat' dir='ltr'><strong>venumdati</strong></span> <span class='ocrx_word' id='word_1_193' title='bbox 853 1738 951 1778; x_wconf 85' lang='lat' dir='ltr'><strong>estis</strong></span> <span class='ocrx_word' id='word_1_194' title='bbox 969 1769 980 1789; x_wconf 80' lang='lat'><strong>,</strong></span> <span class='ocrx_word' id='word_1_195' title='bbox 1000 1747 1042 1778; x_wconf 88' lang='lat' dir='ltr'><strong>et</strong></span> <span class='ocrx_word' id='word_1_196' title='bbox 1063 1739 1154 1781; x_wconf 86' lang='lat' dir='ltr'><strong>sine</strong></span> <span class='ocrx_word' id='word_1_197' title='bbox 1171 1749 1352 1794; x_wconf 78' lang='lat' dir='ltr'><strong>argento</strong></span> <span class='ocrx_word' id='word_1_198' title='bbox 1374 1739 1646 1782; x_wconf 81' lang='lat' dir='ltr'><strong>redimemini</strong></span> <span class='ocrx_word' id='word_1_199' title='bbox 1665 1742 1694 1782; x_wconf 81' lang='lat'><strong>¹.</strong></span> <span class='ocrx_word' id='word_1_200' title='bbox 1721 1756 1742 1780; x_wconf 87' lang='lat'>»</span> 
     </span>
     <span class='ocr_line' id='line_1_24' title="bbox 354 1805 1744 1865; baseline 0.003 -15"><span class='ocrx_word' id='word_1_201' title='bbox 354 1807 453 1851; x_wconf 89' lang='lat' dir='ltr'><strong>Sine</strong></span> <span class='ocrx_word' id='word_1_202' title='bbox 482 1807 642 1865; x_wconf 86' lang='lat' dir='ltr'><strong>pretio,</strong></span> <span class='ocrx_word' id='word_1_203' title='bbox 668 1806 745 1849; x_wconf 84' lang='lat' dir='ltr'><strong>sed</strong></span> <span class='ocrx_word' id='word_1_204' title='bbox 768 1814 913 1850; x_wconf 89' lang='lat' dir='ltr'><strong>vestro</strong></span> <span class='ocrx_word' id='word_1_205' title='bbox 937 1825 945 1850; x_wconf 92' lang='grc'>;</span> <span class='ocrx_word' id='word_1_206' title='bbox 971 1805 1073 1865; x_wconf 85' lang='lat' dir='ltr'><strong>quia</strong></span> <span class='ocrx_word' id='word_1_207' title='bbox 1101 1821 1214 1849; x_wconf 89' lang='lat' dir='ltr'><strong>meo.</strong></span> <span class='ocrx_word' id='word_1_208' title='bbox 1246 1808 1338 1850; x_wconf 86' lang='lat' dir='ltr'><strong>Hoc</strong></span> <span class='ocrx_word' id='word_1_209' title='bbox 1359 1807 1572 1851; x_wconf 86' lang='lat' dir='ltr'><strong>Dominus</strong></span> <span class='ocrx_word' id='word_1_210' title='bbox 1599 1808 1709 1853; x_wconf 89' lang='lat' dir='ltr'><strong>dicit</strong></span> <span class='ocrx_word' id='word_1_211' title='bbox 1734 1828 1744 1854; x_wconf 76' lang='lat' dir='ltr'><strong><em>z</em></strong></span> 
     </span>
     <span class='ocr_line' id='line_1_25' title="bbox 350 1876 1746 1937; baseline 0.001 -16"><span class='ocrx_word' id='word_1_212' title='bbox 350 1878 440 1937; x_wconf 88' lang='lat' dir='ltr'><strong>ipse</strong></span> <span class='ocrx_word' id='word_1_213' title='bbox 463 1878 578 1921; x_wconf 88' lang='lat' dir='ltr'><strong>enim</strong></span> <span class='ocrx_word' id='word_1_214' title='bbox 602 1877 788 1936; x_wconf 89' lang='lat' dir='ltr'><strong>pretium</strong></span> <span class='ocrx_word' id='word_1_215' title='bbox 813 1876 959 1931; x_wconf 83' lang='lat' dir='ltr'><strong>dedit,</strong></span> <span class='ocrx_word' id='word_1_216' title='bbox 986 1892 1074 1920; x_wconf 91' lang='lat' dir='ltr'><strong>non</strong></span> <span class='ocrx_word' id='word_1_217' title='bbox 1103 1886 1360 1933; x_wconf 82' lang='lat' dir='ltr'><strong>argentum,</strong></span> <span class='ocrx_word' id='word_1_218' title='bbox 1395 1879 1470 1921; x_wconf 79' lang='lat' dir='ltr'><strong>scd</strong></span> <span class='ocrx_word' id='word_1_219' title='bbox 1493 1879 1746 1936; x_wconf 81' lang='lat' dir='ltr'><strong>sanguinem</strong></span> 
     </span>
     <span class='ocr_line' id='line_1_26' title="bbox 351 1946 1508 2003; baseline -0.001 -11"><span class='ocrx_word' id='word_1_220' title='bbox 351 1963 495 1992; x_wconf 89' lang='lat' dir='ltr'><strong>suum.</strong></span> <span class='ocrx_word' id='word_1_221' title='bbox 518 1949 627 1992; x_wconf 88' lang='lat' dir='ltr'><strong>Nam</strong></span> <span class='ocrx_word' id='word_1_222' title='bbox 650 1962 726 1990; x_wconf 90' lang='lat' dir='ltr'><strong>nos</strong></span> <span class='ocrx_word' id='word_1_223' title='bbox 749 1955 792 1990; x_wconf 90' lang='lat' dir='ltr'><strong>et</strong></span> <span class='ocrx_word' id='word_1_224' title='bbox 812 1946 922 1990; x_wconf 87' lang='lat' dir='ltr'><strong>servi</strong></span> <span class='ocrx_word' id='word_1_225' title='bbox 942 1955 985 1989; x_wconf 90' lang='lat' dir='ltr'><strong>et</strong></span> <span class='ocrx_word' id='word_1_226' title='bbox 1003 1947 1131 2003; x_wconf 82' lang='lat' dir='ltr'><strong>egeni</strong></span> <span class='ocrx_word' id='word_1_227' title='bbox 1150 1962 1508 1991; x_wconf 83' lang='lat' dir='ltr'><strong>remanseramus.</strong></span> 
     </span>
    </p>

    <p class='ocr_par' dir='ltr' id='par_1_3' title="bbox 353 2018 1747 2505">
     <span class='ocr_line' id='line_1_27' title="bbox 424 2018 1737 2080; baseline 0.001 -17"><span class='ocrx_word' id='word_1_228' title='bbox 424 2021 477 2063; x_wconf 89' lang='lat' dir='ltr'><strong>V.</strong></span> <span class='ocrx_word' id='word_1_229' title='bbox 510 2019 684 2062; x_wconf 83' lang='lat' dir='ltr'><strong>Liberat</strong></span> <span class='ocrx_word' id='word_1_230' title='bbox 704 2033 806 2076; x_wconf 84' lang='lat' dir='ltr'><strong>ergo</strong></span> <span class='ocrx_word' id='word_1_231' title='bbox 829 2018 883 2061; x_wconf 87' lang='lat' dir='ltr'><strong>ab</strong></span> <span class='ocrx_word' id='word_1_232' title='bbox 913 2019 992 2061; x_wconf 83' lang='lat' dir='ltr'><strong>hac</strong></span> <span class='ocrx_word' id='word_1_233' title='bbox 1015 2018 1221 2061; x_wconf 81' lang='lat' dir='ltr'><strong>servitute</strong></span> <span class='ocrx_word' id='word_1_234' title='bbox 1246 2018 1361 2062; x_wconf 82' lang='lat' dir='ltr'><strong>solus</strong></span> <span class='ocrx_word' id='word_1_235' title='bbox 1387 2020 1593 2063; x_wconf 82' lang='lat' dir='ltr'><strong>Dominus</strong></span> <span class='ocrx_word' id='word_1_236' title='bbox 1620 2039 1629 2064; x_wconf 77' lang='lat'><em>2</em></span> <span class='ocrx_word' id='word_1_237' title='bbox 1659 2020 1737 2080; x_wconf 89' lang='lat' dir='ltr'><strong>qui</strong></span> 
     </span>
     <span class='ocr_line' id='line_1_28' title="bbox 353 2087 1730 2147; baseline 0.001 -13"><span class='ocrx_word' id='word_1_238' title='bbox 353 2089 474 2134; x_wconf 87' lang='lat' dir='ltr'><strong>illam</strong></span> <span class='ocrx_word' id='word_1_239' title='bbox 494 2106 584 2134; x_wconf 89' lang='lat' dir='ltr'><strong>non</strong></span> <span class='ocrx_word' id='word_1_240' title='bbox 605 2090 760 2133; x_wconf 81' lang='lat' dir='ltr'><strong>habuit</strong></span> <span class='ocrx_word' id='word_1_241' title='bbox 774 2123 784 2143; x_wconf 90' lang='lat'><strong>,</strong></span> <span class='ocrx_word' id='word_1_242' title='bbox 810 2088 901 2147; x_wconf 86' lang='lat' dir='ltr'><strong>ipse</strong></span> <span class='ocrx_word' id='word_1_243' title='bbox 923 2087 977 2131; x_wconf 88' lang='lat' dir='ltr'><strong>de</strong></span> <span class='ocrx_word' id='word_1_244' title='bbox 999 2087 1070 2131; x_wconf 87' lang='lat' dir='ltr'><strong>illa</strong></span> <span class='ocrx_word' id='word_1_245' title='bbox 1092 2088 1249 2132; x_wconf 85' lang='lat' dir='ltr'><strong>liberat</strong></span> <span class='ocrx_word' id='word_1_246' title='bbox 1270 2108 1279 2145; x_wconf 79' lang='lat'><em>3</em></span> <span class='ocrx_word' id='word_1_247' title='bbox 1308 2088 1423 2133; x_wconf 88' lang='lat' dir='ltr'><strong>solus</strong></span> <span class='ocrx_word' id='word_1_248' title='bbox 1445 2091 1560 2133; x_wconf 87' lang='lat' dir='ltr'><strong>enim</strong></span> <span class='ocrx_word' id='word_1_249' title='bbox 1582 2091 1627 2134; x_wconf 92' lang='lat' dir='ltr'><strong>in</strong></span> <span class='ocrx_word' id='word_1_250' title='bbox 1652 2091 1730 2135; x_wconf 89' lang='lat' dir='ltr'><strong>hac</strong></span> 
     </span>
     <span class='ocr_line' id='line_1_29' title="bbox 354 2161 1733 2219; baseline 0.001 -14"><span class='ocrx_word' id='word_1_251' title='bbox 354 2177 482 2206; x_wconf 84' lang='lat' dir='ltr'><strong>carne</strong></span> <span class='ocrx_word' id='word_1_252' title='bbox 514 2161 630 2206; x_wconf 75' lang='lat' dir='ltr'><strong>venit</strong></span> <span class='ocrx_word' id='word_1_253' title='bbox 661 2162 751 2205; x_wconf 89' lang='lat' dir='ltr'><strong>sine</strong></span> <span class='ocrx_word' id='word_1_254' title='bbox 780 2168 970 2219; x_wconf 82' lang='lat' dir='ltr'><strong>peccato.</strong></span> <span class='ocrx_word' id='word_1_255' title='bbox 1010 2161 1118 2204; x_wconf 88' lang='lat' dir='ltr'><strong>Nam</strong></span> <span class='ocrx_word' id='word_1_256' title='bbox 1140 2176 1249 2219; x_wconf 87' lang='lat' dir='ltr'><strong>quos</strong></span> <span class='ocrx_word' id='word_1_257' title='bbox 1282 2161 1434 2205; x_wconf 86' lang='lat' dir='ltr'><strong>videtis</strong></span> <span class='ocrx_word' id='word_1_258' title='bbox 1455 2162 1501 2204; x_wconf 88' lang='lat' dir='ltr'><strong>in</strong></span> <span class='ocrx_word' id='word_1_259' title='bbox 1534 2162 1733 2206; x_wconf 84' lang='lat' dir='ltr'><strong>manibus</strong></span> 
     </span>
     <span class='ocr_line' id='line_1_30' title="bbox 356 2230 1742 2292; baseline 0 -15"><span class='ocrx_word' id='word_1_260' title='bbox 356 2242 545 2277; x_wconf 86' lang='lat' dir='ltr'><strong>matrum</strong></span> <span class='ocrx_word' id='word_1_261' title='bbox 568 2231 770 2291; x_wconf 68' lang='lat' dir='ltr'><strong>parvulos</strong></span> <span class='ocrx_word' id='word_1_262' title='bbox 797 2230 928 2285; x_wconf 85' lang='lat' dir='ltr'><strong>ferri,</strong></span> <span class='ocrx_word' id='word_1_263' title='bbox 959 2231 1158 2274; x_wconf 89' lang='lat' dir='ltr'><strong>nondum</strong></span> <span class='ocrx_word' id='word_1_264' title='bbox 1191 2231 1441 2287; x_wconf 86' lang='lat' dir='ltr'><strong>ambulant,</strong></span> <span class='ocrx_word' id='word_1_265' title='bbox 1468 2241 1510 2276; x_wconf 89' lang='lat' dir='ltr'><strong>et</strong></span> <span class='ocrx_word' id='word_1_266' title='bbox 1527 2233 1616 2292; x_wconf 83' lang='lat' dir='ltr'><strong>jam</strong></span> <span class='ocrx_word' id='word_1_267' title='bbox 1637 2242 1742 2278; x_wconf 90' lang='lat' dir='ltr'><strong>sunt</strong></span> 
     </span>
     <span class='ocr_line' id='line_1_31' title="bbox 360 2301 1747 2363; baseline -0.001 -14"><span class='ocrx_word' id='word_1_268' title='bbox 360 2303 596 2363; x_wconf 90' lang='lat' dir='ltr'><strong>compediti</strong></span> <span class='ocrx_word' id='word_1_269' title='bbox 615 2337 626 2358; x_wconf 95' lang='lat'><strong>,</strong></span> <span class='ocrx_word' id='word_1_270' title='bbox 653 2310 878 2346; x_wconf 83' lang='lat' dir='ltr'><strong>traxerunt</strong></span> <span class='ocrx_word' id='word_1_271' title='bbox 915 2302 1030 2344; x_wconf 87' lang='lat' dir='ltr'><strong>enim</strong></span> <span class='ocrx_word' id='word_1_272' title='bbox 1073 2301 1128 2344; x_wconf 90' lang='lat' dir='ltr'><strong>de</strong></span> <span class='ocrx_word' id='word_1_273' title='bbox 1165 2302 1305 2346; x_wconf 83' lang='lat' dir='ltr'><strong>Adam</strong></span> <span class='ocrx_word' id='word_1_274' title='bbox 1348 2303 1468 2362; x_wconf 83' lang='lat' dir='ltr'><strong>quod</strong></span> <span class='ocrx_word' id='word_1_275' title='bbox 1510 2302 1679 2348; x_wconf 85' lang='lat' dir='ltr'><strong>solvant</strong></span> <span class='ocrx_word' id='word_1_276' title='bbox 1722 2320 1747 2348; x_wconf 85' lang='lat' dir='ltr'><strong>a</strong></span> 
     </span>
     <span class='ocr_line' id='line_1_32' title="bbox 361 2371 1747 2433; baseline -0.001 -13"><span class='ocrx_word' id='word_1_277' title='bbox 361 2375 548 2422; x_wconf 82' lang='lat' dir='ltr'><strong>Christo.</strong></span> <span class='ocrx_word' id='word_1_278' title='bbox 587 2373 780 2418; x_wconf 88' lang='lat' dir='ltr'><strong>Pertinet</strong></span> <span class='ocrx_word' id='word_1_279' title='bbox 816 2373 946 2416; x_wconf 82' lang='lat' dir='ltr'><strong>etiam</strong></span> <span class='ocrx_word' id='word_1_280' title='bbox 982 2371 1037 2416; x_wconf 83' lang='lat' dir='ltr'><strong>ad</strong></span> <span class='ocrx_word' id='word_1_281' title='bbox 1069 2371 1180 2431; x_wconf 87' lang='lat' dir='ltr'><strong>ipsos</strong></span> <span class='ocrx_word' id='word_1_282' title='bbox 1206 2388 1306 2417; x_wconf 88' lang='lat' dir='ltr'><strong>cum</strong></span> <span class='ocrx_word' id='word_1_283' title='bbox 1340 2375 1642 2433; x_wconf 79' lang='lat' dir='ltr'><strong>baptizantur,</strong></span> <span class='ocrx_word' id='word_1_284' title='bbox 1667 2375 1747 2419; x_wconf 84' lang='lat' dir='ltr'><strong>ista</strong></span> 
     </span>
     <span class='ocr_line' id='line_1_33' title="bbox 366 2442 1747 2505; baseline -0.001 -15"><span class='ocrx_word' id='word_1_285' title='bbox 366 2447 500 2505; x_wconf 84' lang='lat' dir='ltr'><strong>gratia</strong></span> <span class='ocrx_word' id='word_1_286' title='bbox 523 2460 654 2505; x_wconf 85' lang='lat' dir='ltr'><strong>quam</strong></span> <span class='ocrx_word' id='word_1_287' title='bbox 679 2444 887 2488; x_wconf 88' lang='lat' dir='ltr'><strong>Dominus</strong></span> <span class='ocrx_word' id='word_1_288' title='bbox 909 2442 1139 2503; x_wconf 86' lang='lat' dir='ltr'><strong>pollicetur</strong></span> <span class='ocrx_word' id='word_1_289' title='bbox 1165 2462 1174 2488; x_wconf 74' lang='grc' dir='ltr'><strong><em>ι</em></strong></span> <span class='ocrx_word' id='word_1_290' title='bbox 1199 2443 1299 2503; x_wconf 85' lang='lat' dir='ltr'><strong>quia</strong></span> <span class='ocrx_word' id='word_1_291' title='bbox 1331 2443 1384 2487; x_wconf 84' lang='lat' dir='ltr'><strong>de</strong></span> <span class='ocrx_word' id='word_1_292' title='bbox 1418 2454 1596 2504; x_wconf 86' lang='lat' dir='ltr'><strong>peccato</strong></span> <span class='ocrx_word' id='word_1_293' title='bbox 1631 2445 1747 2490; x_wconf 88' lang='lat' dir='ltr'><strong>solus</strong></span> 
     </span>
    </p>
   </div>
   <div class='ocr_carea' id='block_1_3' title="bbox 418 2530 640 2572">
    <p class='ocr_par' dir='ltr' id='par_1_4' title="bbox 418 2530 640 2572">
     <span class='ocr_line' id='line_1_34' title="bbox 418 2530 640 2572; baseline -0.014 -9"><span class='ocrx_word' id='word_1_294' title='bbox 418 2537 426 2554; x_wconf 91' lang='lat'>¹</span> <span class='ocrx_word' id='word_1_295' title='bbox 445 2532 516 2563; x_wconf 77' lang='lat' dir='ltr'><strong>lsai.</strong></span> <span class='ocrx_word' id='word_1_296' title='bbox 536 2540 590 2572; x_wconf 74' lang='grc' dir='ltr'><strong>ιιι,</strong></span> <span class='ocrx_word' id='word_1_297' title='bbox 610 2530 640 2561; x_wconf 85' lang='grc'><strong>3.</strong></span> 
     </span>
    </p>
   </div>
  </div>
 </body>
</html>
