1809 3173
383 209 465 247 252
810 219 842 244 s.
882 215 1108 244 Auotis‘rmi
1142 217 1322 244 EPISCOPI

382 291 445 326 est
460 281 662 325 diseretio
683 300 691 326 :
715 296 802 326 non
821 280 987 326 dictum
1010 290 1089 336 est,
1113 280 1300 325 Audierit
1317 281 1478 325 mortui
1491 297 1642 326 vocem
1667 283 1764 326 Filii

383 353 475 407 Dei,
512 361 556 395 et
583 367 682 396 cum
712 351 955 407 audierint,
989 351 1060 395 alii
1097 353 1272 406 vivent,
1299 351 1370 395 alii
1400 352 1726 396 damnabuntur
1751 373 1760 397 :

383 424 474 477 sed,
503 442 523 464 «
548 424 708 467 Omnes
731 424 805 483 qui
827 422 1057 476 audierint,
1083 422 1256 466 vivent¹
1284 442 1293 467 z
1322 442 1341 464 »
1366 423 1466 483 quia
1488 423 1563 483 qui
1581 425 1766 468 credunt

383 494 548 549 vivent,
572 494 645 554 qui
667 494 831 537 habent
853 493 1107 537 charitatem
1129 495 1292 547 vivent,
1320 502 1363 537 et
1386 509 1514 538 nemo
1538 495 1762 538 morietur.

385 570 447 611 De
479 565 772 610 monumentis
804 574 970 618 autem,
1001 584 1019 604 «
1042 563 1233 607 Audient
1261 580 1427 617 vocem,
1463 575 1506 609 et
1534 564 1769 624 procedent

387 655 409 679 »
444 637 518 697 qui
544 636 654 680 bene
688 634 901 687 fecerunt,
934 633 987 678 ad
1016 634 1373 678 resurrectionem
1397 634 1526 692 vitae·⁷
1553 637 1629 695 qui
1658 635 1770 680 male

388 725 409 749 »
445 707 669 759 fecerunt,
706 705 759 748 ad
792 705 1146 748 resurrectionem
1167 705 1365 764 judicii2.
1390 723 1410 745 »
1444 708 1536 750 Hoc
1569 716 1631 750 est
1652 705 1771 765 judi-

387 778 519 832 cium,
545 792 675 836 poena
697 775 769 819 illa
788 775 842 819 de
870 792 955 835 qua
978 775 1110 834 paulo
1141 785 1240 819 ante
1267 775 1446 831 dixerat,
1476 796 1495 817 «
1521 778 1605 830 Qui
1635 775 1771 820 credit

388 867 409 890 »
444 849 488 892 in
522 863 589 891 me
606 882 617 901 ,
649 846 817 890 transiit
843 863 865 890 a
889 855 1028 891 morte
1052 845 1105 890 ad
1130 846 1280 902 vitam,
1313 856 1355 890 et
1375 847 1421 890 in
1440 846 1654 906 judicium
1683 862 1770 891 non

389 937 409 960 »
445 926 603 962 vemet.
634 935 653 957 »

446 990 566 1032 XIV.
597 1007 613 1027 «
638 990 735 1032 Non
757 1002 929 1048 possum
966 1003 1046 1045 ego
1073 1003 1096 1030 a
1116 1001 1186 1030 me
1212 987 1305 1046 ipso
1327 987 1469 1031 facere
1491 987 1732 1047 quidquam
1759 1006 1768 1031 :

389 1078 410 1101 »
445 1060 555 1103 sicut
587 1058 716 1103 audio
743 1059 911 1118 judico,
934 1067 976 1102 et
997 1057 1210 1118 judicium
1243 1074 1386 1102 meum
1406 1059 1573 1117 justum
1605 1059 1713 1102 est-³.
1751 1078 1768 1099 »

389 1131 431 1175 Si
450 1131 559 1175 sicut
581 1130 702 1174 audis
713 1129 898 1190 judicas,
915 1145 938 1173 a
955 1145 1044 1190 quo
1065 1128 1219 1173 audis?
1237 1129 1279 1173 Si
1301 1145 1323 1172 a
1341 1132 1483 1183 Patre,
1509 1138 1624 1172 certe
1648 1132 1774 1172 Pater

387 1215 476 1244 non
511 1200 679 1261 judicat
720 1215 1009 1260 quemquam,
1051 1214 1180 1244 omne
1219 1198 1433 1258 judicium
1479 1198 1600 1243 dedit
1642 1198 1768 1242 Filio.

388 1271 574 1325 Quando
597 1282 644 1316 tu
667 1271 858 1331 quodam
887 1271 1019 1315 modo
1032 1285 1176 1330 praeco
1198 1270 1334 1314 Patris
1350 1305 1360 1324 ,
1381 1269 1500 1330 quod
1523 1268 1666 1324 audis,
1692 1270 1773 1314 hoc

387 1343 492 1386 dicis
509 1344 526 1384 ⁶?
542 1341 667 1395 Quod
685 1341 816 1385 audio
835 1342 918 1385 hoc
936 1340 1049 1396 dieo,
1068 1341 1169 1401 quia
1184 1339 1305 1400 quod
1320 1349 1381 1384 est
1396 1344 1538 1395 Pater,
1550 1341 1633 1385 hoc
1648 1354 1742 1384 sum
1761 1358 1769 1384 z

388 1413 531 1457 dicere
553 1413 666 1456 enim
686 1427 829 1456 meum
850 1427 938 1455 esse
960 1422 1046 1469 est,
1071 1412 1172 1472 quia
1186 1412 1379 1455 Verbum
1401 1412 1534 1455 Patris
1552 1426 1662 1455 sum.
1681 1413 1774 1454 Hoc

376 1485 501 1528 'enim
526 1484 605 1527 tibi
628 1483 732 1528 dicit
751 1483 963 1528 Christus.
991 1482 1101 1526 Inde
1131 1482 1185 1526 de
1215 1484 1336 1526 tuo4.
1358 1481 1472 1535 Quid
1498 1491 1583 1537 est,
1614 1500 1633 1523 «
1657 1481 1776 1526 Sicut

390 1574 409 1596 »
446 1554 592 1609 audio,
614 1553 852 1614 itajudico,
884 1573 902 1595 »
921 1553 1002 1596 nisi
1027 1554 1147 1597 Sicut
1167 1551 1538 1605 sumPQuomodo
1562 1552 1677 1595 enim
1698 1567 1775 1595 au-

387 1623 451 1669 dit
473 1625 701 1669 Christus?
725 1623 892 1678 fratres,
912 1638 1158 1683 quaeramus
1176 1637 1281 1681 rogo
1304 1638 1393 1666 vos.
1424 1621 1558 1666 Audit
1579 1621 1775 1666 Christus

386 1709 410 1738 a
445 1696 599 1738 Patre?
625 1693 858 1747 Quomodo
886 1693 949 1737 illi
973 1692 1079 1737 dicit
1109 1694 1263 1736 Pater?
1288 1693 1447 1752 Utique
1480 1692 1514 1735 si
1542 1692 1647 1735 dicit
1686 1691 1771 1746 illi,

386 1765 517 1808 verba
534 1764 589 1808 ad
610 1764 734 1808 illum
756 1764 858 1808 facit
880 1783 888 1808 :
915 1764 1054 1808 omnis
1072 1764 1187 1806 enim
1211 1763 1286 1822 qui
1309 1762 1474 1821 aliquid
1496 1761 1622 1806 alicui
1651 1760 1771 1817 dicit,

386 1836 521 1880 verbo
535 1835 656 1879 dicit.
674 1833 906 1888 Quomodo
923 1837 1049 1877 Pater
1067 1833 1176 1877 Filio
1194 1833 1314 1888 dicit,
1330 1831 1508 1893 quando
1524 1832 1658 1876 Filius
1673 1834 1777 1876 Ver-

389 1906 494 1949 bum
519 1906 655 1949 Patris
686 1907 779 1948 est?
814 1903 1037 1964 Quidquid
1071 1903 1196 1946 nobis
1221 1906 1347 1946 Pater
1377 1903 1502 1958 dicit,
1528 1903 1663 1947 verbo
1697 1918 1776 1946 suo

389 1976 494 2020 dicit
531 1996 539 2021 :
572 1977 766 2020 Verbum
802 1975 938 2019 Patris
977 1974 1110 2018 Filius
1139 1982 1227 2028 est,
1267 1974 1349 2032 ipsi
1386 1974 1533 2017 Verbo
1565 1989 1654 2034 quo
1692 1972 1775 2017 alio

387 2047 522 2091 verbo
540 2047 643 2090 dicit
665 2048 682 2090 Ρ
704 2048 822 2090 Unus
840 2055 901 2090 est
920 2048 1049 2099 Deus,
1069 2060 1206 2088 unum
1230 2044 1424 2087 Verbum
1442 2044 1591 2097 habet,
1612 2043 1657 2086 in
1686 2059 1776 2087 uno

390 2119 535 2162 Verbo
559 2118 703 2162 omnia
725 2118 934 2161 eontinet.
961 2116 1077 2170 Quid
1095 2124 1159 2160 est
1189 2131 1306 2173 ergo,
1332 2135 1351 2157 «
1388 2115 1508 2159 Sicut
1535 2114 1688 2168 audio,
1716 2114 1775 2158 ita

395 2209 412 2230 »
443 2189 625 2248 judico?
651 2207 670 2230 »
695 2188 813 2233 Sicut
834 2188 888 2232 de
916 2191 1041 2232 Patre
1064 2202 1176 2242 sum,
1207 2187 1264 2230 ita
1284 2185 1451 2246 judico.
1474 2189 1590 2244 Ergo
1612 2205 1631 2227 «
1654 2184 1776 2246 judi-

393 2278 412 2301 »
448 2260 563 2303 cium
581 2275 727 2303 meum
744 2260 910 2318 justum
933 2267 1009 2302 est.
1032 2260 1176 2301 »Nam
1200 2258 1233 2301 si
1247 2255 1354 2300 nihil
1371 2254 1472 2300 facis
1495 2272 1543 2299 ex
1563 2266 1621 2308 te,
1647 2271 1672 2299 o
1693 2259 1777 2300 Do-

391 2331 508 2374 mine
535 2332 654 2384 Jesu,
690 2329 912 2389 quomodo
942 2329 1135 2372 sentiunt
1165 2328 1354 2372 carnales
1375 2348 1385 2383 3
1407 2328 1439 2370 si
1462 2326 1570 2370 nihil
1594 2325 1696 2370 facis
1726 2341 1776 2369 ex

394 2409 449 2454 te,
485 2399 707 2459 quomodo
737 2399 867 2457 paulo
901 2408 1000 2442 ante
1038 2398 1196 2452 dixisti,
1221 2397 1288 2442 Sic
1325 2407 1368 2441 et
1389 2396 1524 2440 Filius
1550 2411 1657 2456 quos
1681 2395 1776 2439 vult

392 2471 611 2516 vivificat?
632 2469 765 2515 Modo
786 2469 907 2524 dicis,
936 2473 1001 2513 Ex
1022 2484 1091 2513 me
1114 2468 1225 2513 facio
1258 2467 1379 2511 nihil.
1412 2467 1495 2512 Sed
1517 2466 1625 2526 quid
1652 2481 1774 2510 com-

441 2561 449 2577 ¹
472 2557 562 2587 Joan.
585 2565 615 2595 v,
634 2555 688 2587 25.
714 2571 755 2578 —·
776 2562 788 2577 ²
809 2554 891 2586 ibid.
911 2564 963 2595 ῖς).
989 2572 1026 2576 -
1051 2553 1063 2577 3
1083 2554 1150 2585 ibid
1188 2553 1237 2585 30.
1271 2570 1299 2576 -
1318 2552 1331 2582 4
1354 2553 1456 2584 Forte
1480 2554 1508 2583 in
1529 2552 1707 2583 cordetuo.
