1825 3214
296 187 334 211 m
371 187 542 211 ioannis
577 186 881 220 unisonum,
904 186 1044 210 ϊιιωτ.
1084 186 1181 211 Χιν.
1338 175 1417 212 497

44 258 299 301 tractantes,
339 249 601 297 dividentes,
628 248 904 302 definientes,
942 250 1286 292 ratiocinationes
1318 265 1422 293 acu-

43 319 222 361 tissimas
245 318 570 370 concludentes,
595 317 726 361 libros
750 318 977 376 implentes
995 354 1005 371 ‚
1031 335 1151 362 suam
1169 321 1422 378 sapientiam

40 387 187 431 buccis
210 389 484 447 crepantibus
504 386 761 431 ventilantes
780 407 788 431 z
806 389 880 446 qui
899 389 1027 432 etiam
1052 390 1194 432 dicere
1215 390 1423 433 auderent

40 458 310 511 hominibus,
344 461 428 503 Nos
460 458 716 517 sequimini,
752 467 912 502 sectam
950 469 1138 502 nostram
1178 469 1341 513 tenete,
1390 460 1423 503 si

38 528 168 572 vultis
193 529 316 572 beate
338 530 495 572 vivere.
521 529 604 572 Sed
639 543 727 572 non
756 528 968 572 intrarant
997 543 1074 587 per
1104 529 1263 573 ostium
1287 548 1296 573 ;
1321 544 1423 587 per-

38 597 140 641 dere
162 597 390 652 volebant,
417 608 603 641 mactare
621 607 663 640 et
682 598 893 641 occidere.

97 671 171 712 lv.
191 669 302 720 Quid
325 670 379 712 de
409 669 497 712 istis
519 667 691 712 dicam?
720 670 832 712 Ecce
857 668 936 726 ipsi
963 668 1166 712 Pharisaei
1189 667 1418 724 legebant,

37 747 79 781 et
102 739 145 781 in
168 754 219 782 eo
252 738 372 797 quod
404 738 635 797 legebant,
667 738 888 782 Christum
912 738 1152 792 sonabant,
1188 746 1422 781 venturum

36 810 290 868 sperabant,
316 819 359 853 et
393 819 645 868 praesentem
671 825 757 852 non
782 809 1073 866 agnoscebant
1102 828 1109 852 :
1131 809 1355 868 jactabant
1380 823 1424 852 se

36 881 164 924 etiam
180 881 257 939 ipsi
274 880 606 933 intervidentes,
619 881 701 923 hoc
715 889 777 923 est
789 880 902 923 inter
914 880 1144 938 sapientes,
1155 889 1198 923 et
1209 878 1425 936 negabant

35 951 275 1004 Christum,
290 960 332 994 et
350 966 438 994 non
455 951 676 993 intrabant
688 965 764 1008 per
778 950 951 994 ostium.
965 952 1081 1008 Ergo
1095 958 1137 993 et
1154 949 1249 1007 ipsi,
1267 949 1423 1005 siquos

35 1021 148 1065 forte
165 1020 446 1074 seducerent,
474 1019 727 1064 mactandos
751 1029 794 1063 et
821 1018 1106 1072 occidendos,
1126 1034 1214 1062 non
1230 1018 1423 1062 liberan-

36 1091 113 1135 dos
129 1093 400 1136 seducerent.
420 1094 475 1134 Et
498 1092 575 1134 hos
593 1090 861 1133 dimittamus
883 1108 891 1132 ε
916 1088 1139 1132 videamus
1156 1088 1251 1132 illos
1265 1088 1297 1132 si
1312 1088 1424 1132 forte

36 1162 114 1220 ipsi
126 1163 288 1205 intrant
302 1177 376 1220 per
390 1162 564 1214 ostium,
577 1161 651 1219 qui
664 1158 962 1218 ipsiusChristi
975 1159 1150 1202 nomine
1164 1158 1419 1216 gloriantur.

94 1234 147 1274 V.
171 1230 515 1275 Innumerabiles
532 1229 647 1273 enim
662 1238 778 1283 sunt,
795 1228 870 1287 qui
888 1243 931 1271 se
954 1229 1150 1271 videntes
1171 1243 1259 1271 non
1281 1227 1423 1271 solum

30 1304 217 1362 jactant,
241 1303 315 1345 sed
336 1318 356 1345 a
381 1302 553 1345 Christo
568 1299 834 1343 illuminatos
850 1297 986 1341 videri
1009 1296 1164 1341 volunt
1190 1315 1199 1341 ι
1223 1306 1325 1340 sunt
1345 1312 1424 1340 au-

36 1381 123 1416 tem
144 1372 352 1416 haeretici.
375 1374 506 1415 Forte
541 1370 620 1428 ipsi
655 1384 732 1428 per
761 1369 941 1428 januam
964 1367 1267 1411 intraverunt?
1295 1367 1422 1410 absit.

38 1442 248 1487 Sabellius
271 1441 396 1494 dicit,
424 1441 509 1493 Qui
529 1439 662 1483 Filius
689 1446 774 1492 est,
813 1438 988 1496 ipse-est
1019 1440 1143 1480 Pater
1170 1436 1273 1480 :sed
1295 1436 1329 1479 si
1352 1437 1425 1479 Fi-

35 1513 116 1556 lius
132 1548 142 1567 ‚
183 1528 271 1556 non
305 1520 368 1555 est
390 1514 529 1554 Pater.
550 1511 648 1553 Non
684 1508 817 1551 intrat
839 1522 915 1565 per
947 1506 1105 1550 ostium
1121 1539 1131 1559 ,
1157 1506 1233 1564 qui
1264 1505 1424 1548 Filium

35 1581 139 1626 dicit
158 1585 345 1625 Patrem.
367 1580 494 1623 Arius
511 1578 632 1631 dicit,
653 1575 785 1620 Aliud
803 1585 866 1619 est
885 1579 1025 1628 Pater,
1051 1574 1169 1617 aliud
1189 1583 1251 1616 est
1271 1574 1421 1617 Filius.

36 1655 169 1695 Recte
186 1650 371 1704 diceret,
393 1650 425 1692 si
443 1647 607 1691 diceret
622 1681 632 1700 ,
655 1645 785 1701 alius3
808 1660 923 1698 non,
945 1642 1077 1687 aliud.
1104 1642 1290 1696 Quando
1308 1643 1423 1686 enim

35 1721 140 1766 dicit
177 1720 296 1764 aliud
314 1755 324 1774 ‚
351 1720 390 1762 ei
425 1716 683 1763 contradicit
706 1731 729 1758 a
748 1730 836 1774 quo
869 1714 991 1757 audit
1016 1733 1024 1756 :
1056 1732 1075 1754 ι(
1101 1716 1194 1771 Ego
1219 1722 1262 1756 et
1298 1716 1424 1756 Pater

39 1810 58 1831 n
94 1806 232 1834 unum
254 1790 442 1833 sumus¹.
476 1808 493 1828 ι»
519 1789 608 1831 Nec
632 1785 723 1844 ipse
745 1799 848 1842 ergo
865 1798 942 1841 per
956 1783 1113 1826 ostium
1137 1784 1295 1825 intrat:
1314 1797 1426 1840 prae-

36 1861 150 1905 dicat
173 1861 285 1904 enim
310 1859 529 1904 Christum
553 1855 727 1916 qualem
750 1854 831 1898 sibi
851 1853 1001 1911 fingit,
1038 1867 1125 1895 non
1150 1850 1325 1910 qualem
1345 1866 1421 1894 ve-

36 1932 137 1974 ritas
165 1931 282 1974 dicit.
310 1931 478 1974 Nomen
510 1927 669 1978 habes,
707 1938 797 1966 rem
832 1937 921 1966 non
955 1921 1104 1964 habes.
1138 1919 1330 1978 Alieujus
1361 1920 1422 1963 rei

36 2017 197 2046 nomen
211 2009 274 2044 est
296 1999 492 2044 Christus
518 2015 527 2040 z
553 2005 650 2039 tene
668 1995 804 2052 ipsam
837 2006 928 2035 rem
944 2026 956 2046 ‚
981 1991 1013 2034 si
1034 1991 1096 2034 vis
1114 1989 1317 2048 prodesse
1341 1990 1421 2033 tibi

36 2086 212 2116 nomen.
234 2069 355 2114 Alius
371 2067 514 2111 nescio
532 2065 650 2109 unde
666 2098 677 2118 ‚
694 2063 806 2107 sicut
824 2062 1035 2105 Photinus
1047 2094 1057 2113 ‚
1074 2060 1269 2104 Christus
1287 2060 1420 2104 homo

36 2152 124 2190 est,
161 2141 329 2200 inquit,
364 2142 478 2182 Deus
500 2150 589 2179 non
622 2143 700 2178 est.
724 2135 813 2178 Nee
845 2132 935 2190 ipse
966 2131 1101 2173 intrat
1122 2145 1199 2188 per
1229 2130 1417 2185 ostium,

37 2212 138 2272 quia
155 2210 350 2255 Christus
367 2217 408 2251 et
430 2209 562 2250 homo
585 2213 628 2247 et
650 2206 764 2246 Deus
781 2211 859 2245 est.
880 2204 936 2245 Et
948 2200 1056 2260 quid
1078 2215 1186 2259 opus
1205 2209 1269 2243 est
1281 2200 1421 2244 multa

35 2296 312 2341 percurrere,
337 2288 380 2322 et
404 2276 540 2320 multa
557 2289 667 2318 vana
684 2273 900 2316 haeresum
930 2272 1211 2314 enumerare?
1235 2273 1328 2314 Hoc
1350 2279 1419 2314 te-

35 2363 136 2396 nete
155 2387 164 2405 ‚
201 2350 313 2395 ovile
337 2348 494 2394 Christi
526 2359 615 2388 esse
644 2340 901 2386 catholicam
929 2339 1182 2384 Ecclesiam.
1209 2340 1420 2391 Quicum-

37 2439 122 2482 que
155 2421 250 2465 vult
273 2421 434 2463 intrare
464 2415 519 2460 ad
548 2412 682 2468 ovile,
717 2426 795 2470 per
825 2410 984 2455 ostium
1007 2409 1165 2464 intret,
1196 2409 1419 2454 Christum

92 2512 101 2530 ¹
122 2508 211 2538 Joan.
228 2516 261 2545 x,
285 2505 337 2536 30.

232 2567 370 2598 cxxix.
1215 2545 1266 2584 32
