1825 3214
297 251 340 277 uv
374 247 548 278 somma
582 248 892 286 nunctum«,
927 249 1072 276 TnAc‘r.
1111 251 1188 276 xii.
1394 240 1443 275 87

62 325 162 370 tres,
186 323 343 359 tenete.
363 317 459 359 Non
481 329 556 359 vos
579 314 819 372 palpamus,
846 312 964 356 nulla
989 328 1084 371 spos
1107 323 1244 357 vestra
1265 315 1304 357 in
1325 314 1446 357 nobis·

61 387 113 430 sit
141 403 147 426 :
174 401 252 429 nec
271 384 395 429 nobis
423 384 684 439 blandimur,
715 400 793 428 nec
816 385 937 428 vobis
963 400 971 424 τ
1001 385 1298 444 unusquisque
1326 401 1446 429 suani

60 456 268 502 sarcinam
296 465 452 515 portat.
474 457 679 500 Nostrum
697 465 760 499 est
776 454 935 510 dicere,
962 470 1016 498 ne
1037 454 1150 498 male
1171 454 1418 514 judicemur
1439 475 1447 500 :

62 535 252 572 vestrum
275 536 338 571 cst
356 526 522 582 audire,
550 536 593 571 et
614 524 744 571 corde
768 524 933 581 audire,
949 540 1003 568 ne
1026 525 1222 583 exigatur
1239 526 1358 585 quod
1374 527 1450 570 da-

62 613 188 657 mus,
212 599 298 643 imo
330 598 509 658 quando
541 598 740 657 exigitur,
766 597 937 641 lucrum
960 595 1223 651 inveniatur,
1260 611 1349 640 non
1372 596 1450 639 de—

63 670 335 714 trimentum.

122 742 174 784 V.
196 740 308 784 Dicit
346 740 557 784 Dominus
581 737 834 793 Nicodemo,
871 747 914 782 et
954 737 1130 797 exponit
1151 737 1216 792 ei,
1242 755 1262 778 «
1285 739 1424 781 Amen
1440 773 1451 792 ,

65 829 86 852 n
122 825 247 855 amen
269 810 367 855 dico
389 809 486 864 tibi,
512 810 593 854 nisi
610 810 707 870 quis
729 818 903 854 renatus
924 808 1054 853 suerit
1072 823 1122 852 ex
1149 823 1261 869 aqua
1290 817 1333 852 et
1357 809 1455 867 Spi-

64 899 85 923 »
121 881 224 934 ritu,
251 895 339 924 non
364 889 502 939 potest
528 880 704 925 introire
727 880 771 923 in
794 894 977 939 regnum
1001 879 1118 923 Dei‘.
1144 897 1164 920 »
1185 881 1266 931 Tu,
1292 878 1449 938 inquit,

62 949 278 996 carnalem
302 950 624 1007 generationem
650 949 868 1008 intelligis,
895 965 996 994 cum
1014 948 1120 993 dicis
1147 969 1155 994 z
1186 968 1205 991 «
1230 948 1451 1008 Numquid

64 1039 85 1063 »
120 1030 262 1080 potest
279 1021 410 1065 homo
427 1021 567 1064 redire
588 1022 633 1064 in
652 1021 814 1065 viscera
838 1021 985 1065 matris
1007 1023 1126 1064 suae?
1147 1039 1166 1061 »
1192 1023 1256 1064 Ex
1276 1036 1387 1080 aqua
1410 1028 1450 1062 et

66 1092 230 1151 Spiritu
262 1100 435 1151 oportet
476 1100 526 1135 ut
573 1100 813 1135 nascuntur
842 1100 1018 1150 propter
1054 1105 1238 1149 regnum
1275 1091 1366 1133 Dei.
1412 1090 1450 1134 Si

63 1171 241 1222 propter
255 1163 554 1207 haereditatem
576 1162 709 1222 patris
731 1163 918 1207 hominis
935 1160 1216 1222 temporalem
1241 1161 1449 1214 nascitur,

63 1242 263 1278 nascatur
285 1248 335 1277 ex
356 1233 588 1277 visceribus
608 1232 753 1276 matris
777 1231 960 1277 carnalis
988 1251 997 1276 :
1021 1231 1055 1276 si
1070 1225 1249 1291 pro'pter
1265 1229 1451 1274 haeredi-

65 1312 197 1348 tatem
213 1304 346 1363 patris
370 1304 446 1348 Dei
473 1304 796 1363 sempiternam,
821 1312 1021 1348 nascatur
1038 1318 1089 1346 ex
1110 1302 1347 1347 visceribus
1366 1304 1451 1345 Ec-

63 1374 218 1420 elesiae.
255 1376 444 1419 Generat
465 1390 541 1435 per
567 1390 746 1420 uxorem
783 1374 923 1418 filiurn
947 1383 1067 1433 pater
1096 1373 1332 1418 moriturus
1355 1388 1453 1417 suc-

64 1460 309 1500 cessurum:
329 1454 503 1505 generat
526 1448 640 1490 Deus
653 1445 708 1490 de
728 1445 918 1490 Ecclesia
932 1444 1042 1490 filios
1054 1460 1142 1490 non
1161 1458 1449 1497 successuros,

64 1515 140 1562 sed
161 1531 306 1561 secum
330 1531 569 1562 mansuros.
595 1519 651 1561 Et
672 1517 883 1576 sequitnr,
915 1535 936 1559 «
971 1515 1097 1569 Quod
1121 1525 1272 1559 natum
1304 1524 1367 1558 est
1398 1514 1453 1557 dc

68 1605 89 1629 »
122 1602 267 1642 carne,
287 1603 388 1632 caro
410 1596 474 1632 est
493 1607 502 1633 ι
523 1596 565 1631 et
584 1587 705 1647 quod
723 1597 875 1632 natum
899 1595 962 1631 est
980 1586 1034 1630 de
1059 1587 1256 1646 Spiritu„
1278 1585 1453 1644 spiritus

70 1676 92 1700 υ
127 1659 232 1703 est².
254 1676 273 1699 n
317 1658 573 1718 Spiritaliter
594 1674 696 1717 ergo
729 1658 961 1712 nascimur,
982 1666 1025 1701 et
1046 1658 1091 1701 in
1124 1657 1277 1717 spiritu
1311 1656 1452 1700 nasci-

65 1744 179 1783 mur,
201 1728 335 1774 verbo
353 1738 395 1773 et
421 1738 706 1773 sacramento.
733 1728 868 1773 Adest
889 1728 1088 1787 Spiritus,
1122 1737 1173 1772 ut
1193 1741 1421 1771 nascamur
1440 1746 1447 1769 :

68 1798 251 1857 Spiritus
282 1796 551 1842 invisibiliter
573 1797 696 1843 adest
718 1797 837 1842 unde
874 1798 1079 1853 nasceris,
1099 1798 1202 1858 quia
1229 1806 1274 1840 et
1305 1806 1353 1840 tu
1381 1799 1451 1842 in-

66 1868 291 1913 visibiliter
326 1869 527 1913 nasceris.
556 1868 761 1928 Sequitur
793 1868 925 1922 enim,
968 1877 1009 1912 et
1037 1867 1142 1912 dicit
1167 1886 1176 1912 ι
1206 1886 1225 1909 «
1250 1869 1349 1912 Non
1370 1867 1454 1910 mi-

70 1957 91 1980 »
127 1939 229 1983 reris
248 1939 349 1999 quia
370 1938 457 1982 dixi
492 1938 587 1993 tibi,
613 1947 786 1997 oportet
805 1953 882 1982 vos
910 1938 1027 1982 nasci
1064 1938 1210 1982 denuo
1240 1957 1249 1982 z
1271 1937 1455 1996 Spiritus

70 2028 90 2049 n
126 2009 201 2054 ubi
224 2009 320 2054 vult
352 2010 499 2069 spirat,
535 2019 579 2054 et
598 2024 751 2054 vocem
781 2010 872 2068 ejus
907 2009 1045 2063 audis,
1071 2009 1147 2052 sed
1182 2008 1318 2052 nescis
1337 2007 1455 2052 unde

72 2097 94 2122 »
127 2079 287 2134 veniat,
315 2089 390 2124 aut
421 2096 510 2140 quo
533 2078 707 2125 vadat³.
747 2097 767 2121 n
802 2081 939 2124 Nemo
974 2077 1093 2122 videt
1132 2078 1340 2137 Spiritum
1368 2097 1376 2122 :
1414 2086 1457 2121 et

69 2149 293 2210 quomodo
317 2150 516 2194 audimus
548 2165 700 2195 vocem
735 2149 949 2209 Spiritus?
982 2151 1114 2194 Sonat
1143 2147 1354 2203 Psalmus,
1373 2163 1455 2192 vox

69 2229 134 2266 est
166 2220 349 2280 Spiritus
374 2239 382 2264 2
407 2229 531 2265 sonat
564 2220 866 2279 Evangelium,
897 2235 976 2264 vox
999 2230 1057 2263 est
1095 2219 1276 2278 Spiritus
1299 2238 1307 2263 z
1333 2227 1459 2262 sonat

71 2305 211 2336 sermo
232 2289 421 2344 divinus,
455 2304 537 2334 vox
560 2299 624 2334 est
658 2289 853 2349 Spiritus.
881 2291 1083 2334 «Vocem
1118 2291 1209 2350 ejus
1238 2288 1361 2333 audis
1384 2323 1394 2343 ,
1417 2297 1460 2331 et

78 2381 98 2404 1»
131 2361 268 2407 nescis
294 2360 412 2406 unde
433 2361 594 2416 veniat,
623 2370 666 2405 et
695 2376 784 2421 quo
815 2360 961 2406 vadat.
987 2379 1007 2402 η
1036 2359 1121 2405 Sed
1153 2361 1187 2404 si
1214 2361 1398 2405 nascaris
1419 2369 1461 2403 et

75 2440 126 2476 tu
146 2430 201 2476 de
235 2430 413 2491 Spiritu,
437 2431 522 2476 hoc
543 2431 642 2486 eris,
672 2440 721 2475 ut
756 2429 827 2475 ille
853 2431 929 2492 qui
952 2447 1042 2476 non
1072 2440 1136 2475 est
1163 2429 1306 2476 adhuc
1337 2438 1462 2474 natus

30 2557 37 2561 .
79 2501 134 2547 de
158 2501 338 2561 Spiritu,
363 2516 453 2546 non
474 2501 580 2546 sciat
605 2501 660 2547 de
683 2510 725 2546 te
759 2502 878 2546 unde
906 2503 1067 2557 venias,
1093 2510 1137 2546 et
1157 2517 1247 2561 quo
1269 2515 1354 2546 eas,
1377 2501 1468 2543 Hoc

129 2588 307 2626 ¹J0an.1u‚
329 2587 345 2615 Γ,
381 2604 420 2608 -
446 2594 456 2608 ²
485 2585 852 2626 112i11.o.—³1i‚ia.7‚
876 2589 908 2617 8.
1250 2573 1255 2577 ’
