1809 3173
371 203 453 241 286
789 211 821 240 s.
858 210 1085 242 Aueus'nm
1120 214 1299 241 EPISCOPI

371 296 390 319 >›
425 277 501 321 sed
521 278 623 338 quia
644 277 934 323 manducastis
954 294 1004 322 ex
1033 278 1217 338 panibus
1239 278 1358 321 meis.
1385 279 1633 337 Operamini
1656 295 1745 324 non

368 366 388 389 »
424 348 571 392 cibum
588 349 663 409 qui
680 349 807 408 perit,
828 349 903 393 sed
921 349 995 408 qui
1014 357 1239 407 permanet
1256 347 1301 391 in
1315 347 1447 392 vitam
1465 357 1670 392 aeternam
1682 352 1710 392 1.
1722 368 1741 391 »

365 420 564 472 Quaeritis
590 435 659 464 me
688 430 865 479 propter
902 418 1041 473 aliud,
1071 419 1251 478 quaerite
1281 434 1350 462 me
1374 428 1550 478 propter
1573 435 1656 463 me.
1693 422 1746 464 Se

363 491 505 550 ipsum
527 492 642 535 enim
662 492 851 536 insinuat
879 492 1009 534 istum
1038 490 1212 544 eibum,
1253 490 1375 549 quod
1402 491 1445 534 in
1469 506 1745 551 consequen-

366 562 479 607 tibus
519 561 736 606 illucessit.
767 581 786 604 «
825 566 961 614 Quem
1007 560 1121 603 filius
1164 559 1350 603 hominis
1392 560 1444 603 da
1454 560 1515 604 bit
1556 561 1693 605 vobis.
1722 579 1742 603 n

365 633 633 692 Expectabas
665 633 795 677 credo
827 632 984 674 iterum
1007 645 1138 690 panes
1164 629 1448 683 manducare,
1478 630 1635 674 iterum
1658 631 1746 675 dis-

365 704 572 747 cumbere
587 738 598 758 ,
644 703 801 746 iterum
838 701 1035 760 saginari.
1073 699 1155 744 Sed
1199 700 1364 743 dixerat
1401 718 1420 741 «
1457 701 1617 744 Cibum
1659 717 1747 745 non

367 791 389 815 »
423 775 498 834 qui
520 774 652 833 perit,
674 772 748 817 sed
779 773 853 833 qui
869 781 1093 831 permanet
1116 771 1162 814 in
1183 771 1315 814 vitam
1337 780 1543 815 aeternam
1563 791 1571 816 ι
1593 791 1611 813 »
1633 787 1747 832 quo-

364 844 496 889 modo
526 844 691 888 dictum
727 842 868 887 fuerat
898 841 1068 886 mulieri
1100 840 1163 884 illi
1194 841 1498 897 Samaritanae,
1534 861 1554 884 «
1587 843 1630 887 Si
1662 843 1746 887 soi·

367 932 387 956 »
423 930 488 959 res
511 915 587 974 qui
604 914 713 973 petit
733 930 756 957 a
778 922 820 956 te
849 914 1012 967 bibere,
1040 922 1083 956 tu
1107 911 1286 956 torsitan
1314 913 1571 971 postulasses
1598 913 1653 957 ab
1677 929 1743 969 eo,

364 994 406 1030 et
425 984 547 1029 daret
565 984 645 1028 tibi
669 999 825 1044 aquam
844 984 1010 1028 vivam'2
1029 1003 1037 1028 :
1060 1001 1078 1024 »
1095 998 1194 1026 eum
1215 982 1286 1026 illa
1308 984 1486 1038 diceret,
1504 983 1628 1027 Unde
1646 984 1743 1039 tibi,

363 1055 720 1116 quandoquidem
744 1070 833 1099 nou
863 1055 998 1099 habes
1034 1053 1342 1108 hauritorium,
1379 1062 1421 1096 et
1450 1062 1607 1112 puteus
1636 1053 1747 1098 altus

364 1129 458 1171 est?
482 1126 761 1171 Samaritanae
780 1123 1003 1184 respondit
1026 1144 1034 1168 ;
1058 1125 1099 1168 Si
1117 1123 1243 1168 scires
1261 1124 1335 1183 qui
1357 1139 1377 1167 a
1393 1133 1435 1166 te
1454 1124 1563 1182 petit
1580 1123 1744 1180 bibere,

363 1206 412 1241 tu
435 1198 610 1256 petisses
627 1197 682 1240 ab
701 1211 775 1250 eo,
800 1204 842 1239 et
863 1194 985 1239 daret
1003 1194 1083 1238 tibi
1104 1209 1279 1253 aquam,
1307 1193 1422 1237 unde
1454 1194 1530 1253 qui
1558 1194 1743 1249 biberit,

364 1268 547 1327 amplius
576 1283 666 1312 non
696 1267 810 1311 sitiet
837 1286 844 1310 :
870 1276 970 1309 nam
1000 1265 1053 1308 de
1082 1266 1160 1308 hac
1184 1280 1295 1324 aqua
1318 1265 1391 1323 qui
1420 1264 1603 1319 biberit,
1635 1265 1746 1309 sitiet

362 1338 536 1383 iterum.
568 1341 625 1382 Et
647 1337 787 1396 gavisa
810 1345 873 1380 est
894 1335 991 1389 illa,
1017 1344 1058 1378 et
1089 1334 1228 1378 voluit
1258 1335 1473 1392 accipere,
1504 1335 1626 1394 quasi
1658 1351 1747 1380 non

362 1424 539 1468 passura
554 1408 668 1451 sitim
690 1406 896 1466 corporis,
918 1421 1017 1465 quae
1034 1404 1183 1448 labore
1206 1404 1435 1448 hauriendi
1452 1404 1743 1463 fatigabatur:

353 1489 405 1523 ‘et
426 1480 484 1523 sic
507 1479 619 1522 inter
641 1476 890 1537 hujusmodi
912 1475 1289 1519 sermocinationes
1306 1476 1502 1534 pervenit
1520 1475 1573 1520 ad
1594 1485 1745 1535 potum

362 1549 599 1610 spiritalem
625 1564 634 1589 z
661 1548 840 1593 omnino
862 1547 944 1590 isto
966 1545 1097 1590 modo
1120 1555 1162 1589 et
1181 1546 1265 1589 hic.

419 1623 499 1664 XI.
527 1623 654 1664 Hunc
692 1634 795 1677 ergo
823 1636 843 1659 α
875 1617 1051 1670 Cibum,
1078 1631 1166 1659 non
1188 1616 1264 1675 qui
1297 1616 1429 1674 perit,
1454 1616 1528 1660 sed
1551 1616 1624 1675 qui
1648 1631 1746 1675 per-

365 1709 386 1733 »
420 1700 567 1735 manet
598 1691 643 1734 in
662 1690 794 1734 vitam
824 1697 1053 1741 aeternam,
1091 1702 1222 1746 quem
1262 1686 1374 1730 filius
1407 1687 1592 1730 hominis
1626 1686 1747 1731 dabit

364 1781 384 1804 n
418 1763 540 1807 vobis
566 1781 575 1806 ι
601 1763 720 1805 hunc
742 1760 857 1804 enim
880 1763 1006 1803 Pater
1027 1758 1210 1816 signavit
1234 1760 1391 1802 Deusss.
1414 1778 1430 1797 »
1450 1761 1585 1801 Istum
1604 1757 1743 1802 filium

359 1832 546 1876 hominis
568 1831 702 1875 nolite
731 1829 789 1873 sic
822 1829 1016 1887 accipere
1031 1862 1042 1881 ‚
1074 1828 1198 1887 quasi
1234 1827 1338 1871 alios
1360 1827 1469 1871 filios
1492 1828 1714 1871 hominum
1729 1862 1740 1882 ,

358 1902 413 1947 de
434 1903 594 1962 quibus
613 1900 781 1944 dietum
801 1908 865 1943 est
893 1917 901 1942 :
933 1917 952 1940 «
979 1896 1077 1941 Filii
1095 1906 1239 1940 autem
1263 1898 1488 1941 hominum
1514 1898 1558 1941 in
1580 1907 1744 1956 protec-

363 1990 386 2015 ἢ
419 1973 538 2017 tione
562 1971 728 2016 alarum
756 1979 931 2014 tuarum
953 1967 1229 2026 sperabunt4.
1259 1985 1278 2007 n
1305 1970 1388 2010 Iste
1414 1967 1527 2010 filius
1557 1967 1743 2011 hominis

363 2052 654 2103 sequestratus
671 2041 861 2101 quadam
885 2038 1018 2097 gratia
1041 2037 1230 2096 spiritus,
1255 2046 1298 2080 et
1314 2037 1551 2080 secundum
1569 2052 1740 2081 carnem

362 2114 475 2158 filius
492 2113 694 2167 hominis,
717 2119 920 2169 exceptus
945 2124 967 2152 a
994 2123 1177 2152 numero
1196 2107 1439 2161 hominum,
1462 2106 1575 2151 filius
1598 2108 1740 2151 homi-

363 2186 429 2229 nis
460 2195 536 2230 est.
568 2188 652 2228 Iste
684 2182 799 2228 filius
836 2179 1023 2225 hominis
1050 2189 1093 2223 et
1124 2178 1258 2223 Filius
1281 2178 1356 2223 Dei
1385 2188 1473 2232 est,
1505 2179 1584 2222 iste
1611 2179 1741 2222 homo

364 2255 494 2300 etiam
525 2259 638 2299 Deus
670 2262 747 2297 est.
792 2251 888 2297 Alio
928 2250 1024 2294 loco
1063 2250 1331 2306 interrogans
1367 2247 1599 2306 discipulos
1634 2248 1693 2292 ait
1729 2267 1738 2292 ε

369 2346 388 2369 «
407 2330 547 2380 Quem
567 2340 635 2369 me
656 2324 809 2368 dicunt
831 2337 919 2366 esse
942 2322 1136 2365 homines
1157 2320 1295 2364 filium
1318 2320 1534 2364 hominis?
1570 2322 1625 2367 Et
1640 2317 1702 2363 illi
1728 2338 1737 2363 ε

367 2416 387 2439 »
422 2397 506 2443 Alii
523 2400 752 2450 Joannem‚
778 2393 850 2438 alii
873 2393 1027 2447 Ellam⁷
1053 2391 1123 2435 alii
1145 2391 1398 2445 Jeremiam,
1427 2399 1501 2434 aut
1530 2405 1667 2435 unum
1688 2405 1739 2433 ex

366 2487 388 2510 »
422 2467 664 2527 Prophetis.
680 2468 737 2510 Et
756 2463 828 2509 ille
850 2483 859 2508 ;
880 2465 965 2508 Vos
981 2478 1082 2508 vero
1103 2476 1235 2521 quem
1248 2476 1318 2505 me
1335 2460 1476 2506 dicitis
1496 2462 1616 2504 esse?
1632 2463 1739 2505 Res-

413 2560 420 2577 ¹
437 2555 527 2587 Joan.
544 2564 589 2594 vi,
604 2561 657 2595 27.
683 2568 722 2574 —-
743 2557 755 2573 ²
776 2550 823 2582 ld„
839 2559 882 2590 iv,
900 2559 950 2589 10,
964 2552 1029 2580 etc.
1050 2564 1090 2570 —
1109 2544 1122 2569 3
1140 2546 1187 2579 Id.
1208 2556 1252 2584 vi,
1269 2553 1326 2586 27.
1344 2562 1385 2568 —
1405 2544 1422 2576 4
1439 2545 1520 2578 psal.
1541 2555 1638 2586 xxxv,
1655 2546 1691 2582 8.
