1825 3214
287 227 329 253 m
363 225 536 252 somme
570 221 877 260 annom-iun,
911 222 1057 248 anr.
1097 222 1138 248 x.
1353 210 1408 249 69

23 291 211 336 vendere
233 289 407 334 volebat
432 289 637 348 Spiritum
661 287 885 331 sanctum¹
913 306 925 342 3
950 294 993 328 et
1015 285 1197 343 putabat
1219 288 1407 344 Aposto-

22 362 86 406 los
109 370 365 405 mercatores
390 359 493 404 tales
515 374 628 411 esse,
654 356 804 417 quales
832 356 1038 401 Dominus
1067 355 1121 399 de
1144 356 1308 414 templo
1332 357 1411 401 lla-

23 431 138 491 gcllo
155 432 294 491 ejecit.
324 429 436 474 Talis
457 429 571 473 enini
595 429 684 487 ipsc
707 436 814 481 erat,
836 436 879 471 et
896 426 1016 486 quod
1040 425 1248 469 venderet
1269 443 1410 470 cinere

22 501 196 547 volebat
229 522 237 546 ;
265 501 319 545 de
343 499 423 544 illis
447 509 538 543 crat
567 499 641 559 qui
673 497 898 543 columbas
929 496 1143 541 vendunt.
1172 497 1342 540 Etenim
1366 499 1409 540 in

23 573 226 618 columba
260 571 461 630 apparuit
494 570 675 629 Spiritus
707 572 929 613 sanctus·².
965 568 1049 620 Qui
1071 581 1173 625 ergo
1214 567 1411 612 vendunt

22 643 274 697 columbas,
298 641 470 695 fratros,
495 641 572 700 qui
594 648 711 693 sunt,
736 639 815 683 nisi
845 639 920 698 qui
943 637 1096 683 dicunt
1113 673 1124 692 ,
1150 640 1238 682 Nos
1258 637 1411 682 damus

25 714 232 774 Spiritum
249 722 444 758 sanctum
463 715 480 756 Ρ
497 714 639 765 Quare
657 710 772 754 enim
795 710 878 754 hoc
901 709 1078 763 dicunt,
1103 717 1146 752 et
1163 723 1251 768 quo
1274 709 1411 767 pretio

23 785 221 830 vendunt
236 787 254 829 i>
269 784 406 843 pretio
430 783 603 827 lionoris
625 782 705 826 sui.
725 780 957 839 Accipiunt
973 778 1162 838 pretium
1184 779 1411 824 cathedras

0 887 2 892 >
24 854 282 914 temporales
298 888 309 908 ‚
342 863 389 897 ut
407 853 635 896 videantur
651 851 726 909 ipsi
751 850 940 895 vendere
962 848 1202 894 columbas.
1219 850 1412 894 Caveant

22 943 45 970 a
69 924 241 982 flagello
269 925 324 968 de
360 922 586 967 resticulis.
620 921 834 966 Columba
857 935 946 964 non
970 929 1034 964 est
1055 919 1217 964 venalis
1243 938 1252 964 ε
1281 922 1409 978 gratis

21 997 173 1050 datur,
201 995 303 1055 quia
336 994 469 1053 gratia
492 1002 687 1037 vocatur.
719 992 842 1046 Ideo,
868 991 1019 1036 fratres
1047 992 1160 1046 mei,
1186 991 1410 1050 quomodo

21 1067 179 1111 videtis
205 1082 276 1110 eos
296 1065 373 1125 qui
394 1064 616 1117 vendunt,
644 1061 912 1122 propolarios
928 1097 938 1117 ,
961 1062 1146 1121 quisque
1168 1061 1289 1121 quod
1311 1077 1412 1106 ven-

23 1138 86 1181 dit
100 1136 252 1181 laudat
275 1155 284 1180 :
309 1145 419 1195 quot
437 1135 654 1193 proposita
676 1133 906 1177 iecerunt?
923 1132 1120 1176 Alterum
1141 1132 1411 1191 propositum

23 1208 158 1252 habet
174 1206 436 1264 Carthagine
461 1205 722 1258 Primanus,
748 1203 934 1248 alterum
958 1203 1089 1247 habet
1107 1202 1407 1258 Maximianus,

23 1278 209 1323 alterum
228 1278 363 1321 habet
383 1277 429 1320 in
453 1276 710 1321 Mauritania
733 1278 947 1334 Rogatus,
973 1274 1158 1318 alterum
1181 1274 1346 1318 habent
1366 1275 1411 1318 in

23 1348 227 1395 Numidia
259 1347 321 1391 illi
358 1357 402 1392 et
436 1346 526 1402 illi,
551 1362 660 1406 quos
677 1347 767 1407 jam
802 1361 883 1390 nec
906 1345 1130 1389 nominare
1153 1344 1407 1389 sufficimus.

23 1419 189 1466 Circuit
218 1434 322 1477 ergo
353 1417 508 1478 aliquis
544 1426 701 1462 emere
725 1416 1003 1472 columbam,
1038 1417 1336 1476 unusquisque
1357 1415 1412 1460 ad

23 1490 295 1550 propositum
316 1505 444 1534 suum
465 1489 616 1534 laudat
633 1490 755 1549 quod
767 1487 932 1533 vendit.
945 1490 1177 1532 Avertatur
1199 1486 1312 1531 illius
1337 1502 1411 1531 cor

24 1561 80 1606 ab
102 1561 221 1607 omni
252 1560 491 1616 vendente,
530 1560 688 1605 veniat
714 1560 790 1604 ubi
829 1559 959 1618 gratis
989 1558 1213 1622 accipitur.
1240 1561 1328 1604 Nec
1350 1558 1410 1602 sic

24 1622 307 1687 erubescunt,
332 1631 501 1685 iratres,
518 1632 619 1688 quia
638 1646 715 1690 per
735 1631 846 1690 ipsas
863 1630 1146 1674 dissensiones
1167 1645 1264 1674 suas
1287 1645 1409 1674 ama-

25 1718 91 1747 ras
113 1711 155 1747 et
178 1702 406 1746 malitiosas
420 1735 431 1754 ‚
452 1716 553 1745 cum
575 1701 657 1745 sibi
680 1700 882 1744 tribuunt
902 1698 1022 1760 quod
1045 1715 1134 1744 non
1155 1708 1283 1756 sunt,
1308 1715 1410 1744 cum

24 1773 292 1833 extolluntur
328 1781 529 1831 putantes
562 1787 606 1816 se
629 1771 795 1832 aliquid
816 1786 905 1815 esse
926 1786 1026 1816 cum
1059 1770 1169 1815 nihil
1207 1771 1318 1826 sint,
1346 1780 1410 1815 tot

24 1854 167 1905 partes
188 1844 242 1888 de
262 1858 307 1887 se
328 1843 526 1887 lecerunt
540 1844 570 1887 ³.
586 1843 671 1887 Sed
691 1841 799 1903 quid
821 1843 867 1886 in
885 1842 944 1885 eis
964 1841 1193 1902 impletum
1215 1851 1278 1886 est
1289 1842 1410 1902 quod

24 1916 183 1962 nolunt
209 1915 392 1977 corrigi,
425 1914 506 1959 nisi
544 1914 665 1974 quod
697 1913 873 1959 audistis
894 1914 939 1958 in
962 1913 1133 1958 Psalmo
1156 1931 1165 1958 :
1195 1932 1215 1956 «
1239 1913 1408 1959 Discissi

27 2005 48 2029 >›
83 1995 206 2043 sunt,
228 2000 309 2030 nec
330 1986 583 2045 compuncti
605 1985 768 2029 sunt⁴·?
799 2003 818 2026 »

86 2059 183 2101 Vll.
218 2056 298 2109 Qui
317 2071 420 2115 ergo
444 2056 573 2100 boves
597 2055 824 2100 vendunt?
850 2058 987 2100 Boves
1006 2054 1312 2114 intelliguntur
1333 2055 1408 2115 qui

25 2127 150 2173 nobis
167 2127 406 2185 Scripturas
422 2135 589 2170 sanctas
604 2126 976 2186 dispensaverunt.
988 2129 1125 2170 Boves
1139 2135 1261 2170 erant
1275 2129 1408 2185 Apos-

14 2197 102 2242 ,toli
117 2232 128 2252 ‚
154 2197 285 2241 boves
306 2205 429 2241 erant
451 2197 695 2255 Prophetae.
715 2196 839 2241 Unde
861 2197 967 2241 dicit
988 2196 1220 2256 Apostolus
1238 2216 1247 2242 :
1267 2216 1285 2238 «
1302 2197 1408 2241 Bovi

27 2286 48 2309 η
85 2268 302 2312 trituranti
331 2282 376 2311 os
399 2283 487 2311 non
512 2266 764 2311 infrenabis.
791 2267 1016 2327 Numquid
1037 2267 1092 2311 de
1112 2267 1252 2312 bobus
1274 2267 1407 2327 perti-

28 2356 49 2379 »
84 2348 158 2383 net
186 2338 242 2382 ad
264 2339 430 2382 Deum?
459 2342 527 2382 An
546 2346 722 2398 propter
738 2353 816 2382 nos
832 2338 965 2383 dicit?
990 2341 1171 2398 Propter
1191 2354 1270 2382 nos
1292 2338 1408 2382 enim

26 2426 49 2450 ι)
84 2409 189 2452 dicit
224 2428 233 2452 2
267 2409 368 2468 quia
398 2407 529 2452 debet
556 2408 601 2452 in
623 2423 699 2468 spe
731 2409 807 2468 qui
830 2417 922 2453 arat
944 2423 1090 2464 arare,
1122 2418 1166 2453 et
1202 2409 1407 2453 triturans

87 2511 95 2525 ¹
128 2507 198 2537 Act,
235 2516 312 2546 vni,
353 2508 401 2538 18.
431 2522 473 2527 —
499 2512 511 2527 ²
541 2505 662 2537 Matth.
692 2516 749 2547 in,
780 2505 830 2538 16.
860 2522 902 2528 —·
928 2504 941 2528 3
965 2506 1032 2538 Gal.
1068 2517 1121 2547 vi,
1158 2507 1187 2538 3.
1217 2523 1257 2528 —
1288 2504 1301 2534 4
1327 2504 1404 2535 psal.

29 2569 135 2600 xxxiv,
157 2560 205 2591 16.
