1825 3214
286 249 323 272 irs
360 250 532 275 maurus
565 250 874 288 manentium,
910 255 1054 282 wimer.
1094 258 1198 283 xxii.
1362 250 1438 286 165»

65 330 83 352 «ι
108 313 223 354 t‘nus
250 312 362 354 enim
398 315 531 366 Deus,
563 328 673 357 unus
701 324 742 358 et
774 316 984 360 mediator
1017 321 1086 361 Dei
1119 331 1157 363 ct
1183 323 1405 368 hominnm
1427 361 1436 378 ‚

65 399 84 421 υ
122 381 251 424 homo
275 382 469 426 Christus
490 385 612 427 Jesus
631 387 658 426 ¹.
683 405 699 425 υ
728 387 851 430 Venit
871 402 972 446 crgo
998 390 1126 434 homo
1150 394 1332 450 quierat
1361 413 1439 439 ne-

59 451 262 495 cessarius
286 471 293 496 :
319 467 451 511 qnare
468 454 623 497 sanitas
643 453 921 500 dili'erreluri'
940 478 957 497 «
978 461 1134 517 Surge,
1159 462 1319 521 inquit,
1339 466 1440 509 tolle

63 540 82 562 »ι
117 523 343 579 grabatum
381 532 525 578 tuum,
563 534 606 568 et
641 526 815 571 ambula
834 531 865 571 ¹³.
892 547 910 567 υ
940 532 1033 573 'l'ria
1069 530 1200 584 dixit,
1230 552 1248 574 «
1277 537 1436 593 Surge,

61 609 81 633 »
118 591 221 636 tolle
257 593 483 651 grabatum
521 603 643 638 tuum
662 631 672 649 ‚
708 605 750 640 et
783 597 972 641 ambula.
997 619 1013 638 n
1038 600 1121 644 Sed
1160 617 1285 660 surge
1304 639 1314 657 ‚
1354 621 1441 650 non

58 664 197 722 operis
221 663 449 723 imperium
473 664 578 719 fuit,
604 665 679 710 sed
709 669 902 727 operatio
924 671 1132 715 sanitatis.
1162 675 1274 718 Sano
1297 685 1441 720 autem

58 733 147 778 duo
163 734 403 793 imperavit,
428 754 447 776 «
469 734 588 780 Tolle
601 737 828 795 grabatum
846 748 992 795 tuum,
1010 749 1050 784 et
1070 742 1259 787 ambula.
1281 763 1299 786 η
1320 749 1442 805 Rogo

59 820 161 859 vos,
182 821 260 850 cur
289 821 376 850 non
400 807 620 852 sulliceret
638 844 647 862 ,
678 828 697 850 α
720 811 936 855 Ambula?
954 831 972 853 »
1000 822 1075 856 aut
1112 824 1227 859 certe
1255 832 1333 860 cur
1355 833 1441 862 non

58 875 275 920 suilieeret
292 912 302 930 ‚
325 895 344 917 α
365 879 525 934 Surge?
548 880 699 938 Neque
721 881 836 924 enim
863 882 934 926 ille
957 898 1055 927 eum
1079 899 1206 930 sanus
1235 889 1442 933 surrexis-

56 955 135 1001 set,
152 947 196 990 in
218 946 314 991 loco
339 949 620 993 remansisset.
640 953 793 995 Nonne
811 954 864 997 ad
887 954 969 998 hoc
987 958 1236 1002 surrexisset
1253 968 1300 1003 ut
1317 960 1439 1003 abiis-

57 1018 146 1061 set?
168 1019 315 1062 Movet
337 1032 437 1075 ergo
459 1033 528 1061 me
549 1020 678 1064 etiam
712 1022 833 1082 quod
855 1022 943 1068 duo
966 1028 1193 1086 praecepit,
1216 1030 1291 1089 qui
1315 1030 1437 1075 illum

51 1088 269 1147 jacentem
292 1087 466 1133 duobus
484 1090 627 1135 minus
648 1092 813 1137 invenit
832 1114 840 1139 ε
861 1104 1068 1156 tanquam
1083 1099 1198 1143 enim
1216 1099 1304 1145 duo
1321 1118 1436 1161 qusn-

55 1155 156 1201 dam
175 1158 396 1217 jubendo,
421 1161 540 1220 quod
565 1163 706 1207 minus
729 1173 821 1208 erat
847 1165 1043 1225 implevit

113 1229 235 1272 vlu.
262 1231 493 1282 Quomodo
515 1246 617 1290 ergo
638 1233 907 1280 inveniamus
928 1236 973 1280 in
990 1238 1054 1282 his
1071 1239 1243 1285 duobus
1266 1244 1438 1287 Domini

49 1299 175 1359 jussis
192 1335 202 1354 ‚
228 1300 317 1345 duo
345 1302 417 1346 illa
449 1313 663 1363 praecepta
685 1306 921 1364 significata
956 1310 1204 1356 eharitatis?
1241 1332 1260 1356 «
1288 1315 1408 1359 Tolle
1425 1351 1435 1370 ,

57 1387 77 1410 »
111 1369 267 1429 inquit,
287 1371 514 1429 grabatum
534 1383 677 1430 tuum,
694 1385 737 1420 et
761 1377 982 1423 ambula.»
1004 1382 1112 1433 Quae
1136 1393 1237 1428 sunt
1259 1383 1329 1429 illa
1349 1387 1437 1430 duo

53 1450 294 1501 praecepta,
321 1443 500 1499 fratres,
527 1446 703 1491 recolite
727 1463 915 1494 meeum.
952 1453 1179 1498 Notissima
1207 1457 1319 1499 enim
1349 1472 1438 1501 esse

53 1510 231 1567 debent,
254 1528 332 1557 nec
351 1514 481 1559 modo
502 1524 671 1560 tantum
689 1519 836 1562 venire
855 1520 899 1563 in
918 1532 1107 1567 mentem
1126 1540 1224 1569 curn
1249 1543 1438 1571 comme-

52 1591 279 1626 morantur
302 1600 325 1628 a
347 1584 499 1640 nobis,
524 1586 600 1630 sed
622 1587 756 1631 deleri
777 1605 1003 1650 nunquam
1023 1591 1185 1638 debent
1208 1596 1262 1639 de
1291 1598 1436 1642 cordi—

52 1651 133 1696 bus
165 1654 328 1698 vestris.
369 1656 547 1714 Semper
580 1658 759 1702 omnino
791 1661 1004 1718 cogitate,
1044 1663 1315 1723 diligendum
1349 1685 1436 1712 esse

51 1725 189 1766 Deum
217 1733 260 1768 et
283 1726 525 1783 proximum
553 1746 561 1770 :
593 1747 611 1768 «
640 1731 776 1773 Deum
800 1746 849 1774 ex
870 1741 962 1776 toto
985 1734 1136 1790 eorde,
1159 1752 1208 1780 ex
1232 1748 1318 1783 tota
1339 1742 1434 1785 ani-

53 1810 72 1832 »
110 1808 201 1847 ma,
231 1803 274 1838 et
297 1810 346 1838 ex
384 1804 471 1839 tota
505 1807 672 1854 mente3
713 1809 755 1843 et
792 1802 1037 1859 proximum
1072 1813 1278 1867 tanquam
1302 1826 1344 1853 se
1364 1812 1433 1870 ip-

53 1881 72 1903 »
108 1879 202 1906 sum
289 1883 307 1904 »
333 1867 434 1909 Haec
455 1881 624 1925 semper
641 1869 897 1926 cogitanda,
920 1873 1012 1918 haec
1035 1877 1283 1923 meditanda
1303 1916 1312 1933 ‚
1342 1882 1434 1927 hrec

50 1933 271 1978 retinenda
290 1969 301 1989 ‚
328 1935 420 1980 haec
444 1936 634 1994 agend-'13
659 1938 752 1984 haee
773 1940 993 2000 implenda
1019 1956 1135 1989 sunt.
1163 1950 1236 1991 Dei
1261 1951 1433 1997 dilectio

50 2005 166 2063 prior
184 2015 248 2050 est
271 2006 422 2062 ordine
443 2009 738 2067 praecipiendi,
761 2014 943 2070 proximi
960 2026 1104 2060 autem
1124 2018 1297 2065 dileetio
1317 2026 1432 2082 prior

49 2084 112 2119 est
129 2076 280 2120 ordine
299 2076 498 2122 faciendi.
522 2081 673 2138 Neque
690 2082 805 2126 enim
831 2085 907 2143 qui
931 2086 1005 2130 tibi
1030 2090 1281 2149 praeciperet
1302 2095 1436 2139 dilec-

51 2145 212 2189 tionem
239 2147 363 2190 istam
387 2148 430 2192 in
458 2147 631 2194 duobus
659 2154 885 2212 praeceptis
903 2190 913 2209 ‚
939 2158 1057 2214 prius
1094 2160 1172 2203 tibi
1204 2177 1429 2209 commen-

48 2214 170 2260 daret
191 2217 453 2275 proximum,
478 2227 520 2262 et
543 2229 690 2278 postea
710 2224 875 2282 Deum3
901 2225 974 2270 sed
997 2229 1114 2286 prius
1135 2233 1271 2276 Deum
1292 2269 1302 2288 ,
1329 2252 1429 2294 pos-

49 2294 115 2330 tea
149 2286 408 2346 proximum.
449 2291 513 2332 Tu
553 2300 698 2334 autem
734 2294 835 2352 quia
875 2298 1011 2340 Deum
1044 2300 1241 2346 nondum
1282 2306 1427 2363 videS,

48 2354 269 2415 diligendo
290 2358 532 2416 proximum
561 2364 816 2418 promereris
838 2380 969 2424 quem
999 2367 1172 2428 videas5
1206 2373 1428 2433 diligendo

49 2426 291 2484 proximum
314 2442 470 2486 purgas
488 2429 664 2474 oculum
689 2431 743 2476 ad
765 2433 1002 2481 videndum
1027 2441 1181 2496 Deum,
1207 2445 1429 2490 evidenter

49 2498 217 2541 Joanne
243 2497 416 2543 dicente
444 2518 452 2544 2
489 2519 509 2541 «
545 2501 587 2545 Si
621 2501 800 2548 fratrem
829 2521 959 2565 quem
990 2509 1108 2553 vides
1135 2528 1224 2557 non
1266 2514 1429 2572 dilig-is,

97 2587 106 2603 ¹
132 2592 141 2612 i
165 2582 243 2614 Tim.
267 2594 300 2624 n,
321 2583 349 2615 5
369 2599 409 2606 —-
429 2589 442 2607 ²
461 2586 549 2617 Joan.
576 2595 608 2625 v,
629 2588 661 2618 8.
688 2602 729 2613 ’-
755 2585 876 2622 3Deut.
895 2602 939 2632 vi,
959 2592 991 2634 5,
1008 2598 1040 2625 et
1058 2596 1170 2626 Mattb.
1197 2609 1268 2634 nn,
1287 2599 1337 2639 37.
