1809 3173
309 186 312 191 ’
363 191 445 228 276
798 199 831 230 s.
868 201 1097 231 Aucusnm
1130 204 1310 232 EPISCOPI

360 266 466 309 duas
498 264 592 309 illas
626 265 672 308 in
701 267 836 311 veteri
867 271 1138 314 Testamento
1166 269 1372 313 sublimes
1394 284 1618 328 personas,
1643 287 1744 331 quae

359 335 670 395 unguebantur
693 337 748 381 ad
775 337 991 399 populum
1023 340 1383 385 sanctifieandum
1414 349 1457 385 et
1478 342 1713 400 regendum
1730 377 1741 398 ,

357 405 589 451 sacerdotis
620 416 663 452 et
690 408 813 467 regis.
837 411 895 453 Et
920 410 1010 468 ipse
1031 409 1077 453 in
1099 412 1305 468 mysterio
1331 411 1452 456 venit
1478 410 1715 472 aliquando
1731 447 1742 468 ,

358 477 435 538 qui
456 493 532 537 per
553 477 647 523 illas
662 479 986 537 significabatur
1010 498 1018 524 :
1045 481 1163 524 venit
1183 481 1419 541 aliquando
1441 484 1519 543 qui
1546 498 1623 542 per
1651 499 1746 528 me-

358 547 526 593 dullam
547 550 700 594 hordei
722 550 1056 606 ostendebatur,
1081 566 1158 610 per
1180 552 1349 611 paleam
1370 569 1472 598 vero
1494 553 1647 598 hordei
1670 570 1747 599 oc·-

356 619 621 665 eultabatur.
656 621 786 664 Venit
818 620 909 679 ipse
949 637 1064 665 unus
1097 631 1330 683 utramque
1361 639 1591 683 personam
1625 624 1671 669 in
1704 640 1748 669 se

356 702 562 752 portans,
593 691 828 736 sacerdotis
861 701 904 736 et
938 694 1049 752 regis
1084 713 1093 738 2
1125 694 1358 739 sacerdotis
1386 712 1464 755 per
1497 697 1745 752 victimam,

358 779 491 824 quam
513 779 557 807 se
572 763 716 822 ipsum
736 762 899 808 obtulit
912 779 991 822 pro
1010 765 1136 809 nobis
1159 769 1244 810 Deo
1262 785 1270 810 ε
1297 767 1422 826 regis,
1444 768 1543 828 quia
1560 769 1749 828 regimur

360 835 414 878 ab
436 850 487 878 eo
506 854 514 879 :
541 844 584 878 et
603 835 859 893 aperiuntur
875 850 974 894 quae
991 834 1135 880 clausa
1155 837 1457 896 portabantur.
1477 839 1643 883 Gratias
1665 838 1746 895 illi,
1804 843 1805 846 ’

360 904 557 964 implevit
578 919 655 963 per
672 920 716 949 se
739 904 859 964 quod
882 921 957 964 per
974 915 1098 950 vetus
1120 912 1441 952 Testamentum
1465 910 1751 969 promitteba-

360 986 446 1020 tur.
474 979 530 1020 Et
552 976 693 1036 frangi
716 977 843 1037 jussit
864 993 996 1037 panes
1022 998 1032 1024 ;
1059 977 1306 1038 frangendo
1329 980 1601 1038 multiplicati
1633 991 1747 1026 sunt.

362 1049 479 1094 Nihil
503 1049 659 1093 verius.
685 1049 890 1108 Quinque
913 1050 1030 1093 enim
1055 1050 1117 1094 illi
1140 1050 1239 1094 libri
1256 1053 1413 1110 Moysi,
1438 1069 1570 1113 quam
1591 1053 1752 1098 multos

362 1119 497 1163 libros
515 1134 615 1163 curn
634 1129 930 1178 exponuntur,
952 1129 1161 1181 tanquam
1179 1121 1439 1181 frangendo,
1464 1124 1508 1167 id
1526 1133 1604 1180 est,
1626 1125 1754 1169 disse-

363 1190 516 1246 rendo,
544 1190 770 1235 fecerunt?
795 1190 878 1236 Sed
900 1193 1002 1251 quia
1025 1191 1070 1234 in
1088 1191 1162 1236 illo
1180 1193 1344 1238 hordeo
1367 1194 1611 1253 ignorantia
1628 1195 1754 1254 primi

363 1262 515 1322 populi
554 1263 781 1320 tegebatur
801 1298 812 1317 ,
843 1262 897 1305 de
942 1279 1031 1322 quo
1069 1264 1210 1323 primo
1242 1265 1407 1324 populo
1448 1267 1614 1310 dietum
1648 1275 1710 1310 est
1742 1281 1751 1307 z

367 1354 384 1374 «
423 1334 629 1388 Quandiu
656 1334 815 1393 legitur
837 1338 1031 1392 Moyses,
1068 1336 1266 1380 velamen
1299 1353 1427 1396 supra
1450 1338 1580 1382 eorda
1602 1353 1754 1383 eorum

367 1424 388 1447 »
423 1408 613 1466 positum
632 1415 696 1450 est
712 1408 724 1432 ¹
760 1425 780 1447 »
806 1406 1029 1464 (nondum
1053 1407 1170 1450 enim
1194 1407 1390 1452 ablatum
1418 1419 1510 1453 erat
1529 1409 1751 1464 velamen,

356 1486 360 1492 '
394 1478 465 1537 qia
499 1476 699 1522 nondum
740 1486 918 1521 venerat
946 1477 1166 1535 Christus,
1195 1479 1393 1523 nondum
1426 1480 1572 1524 velum
1603 1479 1755 1540 templi

364 1547 505 1593 suerat
536 1548 611 1592 illo
642 1548 688 1592 in
721 1563 848 1593 cruce
881 1548 1101 1608 pendente
1135 1551 1396 1594 conscissum
1433 1573 1442 1600 :
1468 1555 1483 1609 )
1515 1553 1617 1612 quia
1653 1568 1756 1612 ergo

364 1621 608 1680 ignorantia
631 1622 783 1684 populi
806 1632 895 1667 erat
912 1624 958 1666 in
980 1628 1110 1684 Lege,
1136 1635 1364 1686 propterea
1380 1625 1454 1670 illa
1477 1627 1651 1671 Domini
1666 1636 1757 1672 ten-

366 1695 472 1740 tatio
495 1696 785 1756 ignorantiam
810 1695 1010 1757 discipuli
1028 1697 1371 1743 demonstrabat.

426 1769 501 1811 VI.
526 1766 644 1812 Nihil
676 1768 807 1828 igitur
830 1778 970 1824 vacat,
996 1769 1141 1813 omnia
1169 1769 1385 1822 innuunt,
1413 1770 1489 1814 sed
1511 1768 1758 1814 intellecto-
1808 1765 1809 1771 ¹

367 1857 459 1886 rem
481 1840 710 1902 requirunt
735 1860 745 1885 ι
770 1856 871 1884 nam
895 1850 938 1884 et
958 1840 1036 1883 iste
1059 1856 1266 1884 numerus
1289 1840 1396 1899 pasti
1414 1840 1588 1900 populi,
1609 1856 1754 1900 popu-

367 1913 460 1958 lum
475 1913 744 1971 significabat
761 1913 842 1956 sub
865 1914 978 1970 Lege
994 1912 1297 1955 constitutum.
1316 1914 1405 1956 Cur
1420 1911 1537 1955 enim
1559 1911 1757 1971 quinque
1804 1912 1809 1946 Γ

370 1983 504 2028 millia
528 1992 665 2037 erant,
692 1983 773 2027 nisi
795 1983 896 2043 quia
919 1982 1001 2026 sub
1023 1985 1135 2040 Lege
1156 1990 1303 2036 erant,
1323 1997 1430 2041 ‘quae
1452 1984 1542 2025 Lex
1561 1982 1759 2041 quinque
1808 1998 1809 2002 ¹

371 2056 490 2100 libris
504 2055 643 2112 Moysi
653 2054 916 2114 explicatur?
930 2052 1053 2097 Unde
1068 2063 1109 2097 et
1118 2053 1312 2113 quinque
1327 2052 1408 2096 illis
1421 2052 1660 2111 porticibus
1671 2052 1760 2096 lan·
1808 2077 1809 2103 3

373 2127 495 2187 guidi
508 2126 824 2187 prodebantur,
838 2134 881 2169 et
893 2141 982 2170 non
996 2125 1261 2169 sanabantur
1276 2127 1308 2168 ².
1325 2124 1404 2168 Ille
1419 2132 1562 2168 autem
1572 2123 1632 2167 ibi
1640 2139 1762 2168 eura·
1805 2116 1809 2187 Ξ

373 2199 436 2243 vit
451 2199 726 2258 languidum,
743 2197 818 2257 qui
830 2206 873 2240 et
886 2197 958 2241 hie
978 2197 1125 2240 turbas
1143 2195 1197 2240 de
1211 2197 1407 2256 quinque
1422 2196 1607 2255 panibus
1624 2195 1756 2255 pavit.

375 2271 486 2314 Nam
508 2279 550 2313 et
571 2284 700 2328 super
724 2266 873 2311 fenum
894 2266 1229 2311 discumbebant
1247 2268 1261 2293 ³
1286 2286 1294 2311 :
1316 2266 1545 2310 carnaliter
1567 2280 1669 2323 ergo·
1699 2281 1762 2309 sa·

376 2341 577 2401 piebant,
597 2341 695 2384 etin
709 2338 1254 2399 carnalibusquiescebant.
1273 2338 1426 2381 Omnis
1441 2337 1555 2381 enim
1570 2352 1669 2381 caro
1683 2335 1762 2380 foe-
1805 2346 1809 2391 ἶ

378 2427 486 2457 num
507 2412 538 2454 ⁴.
565 2413 673 2464 Quae
693 2421 794 2455 sunt
808 2421 953 2455 autem
974 2409 1048 2453 illa
1061 2408 1317 2468 fragmenta,
1336 2409 1416 2452 nisi
1445 2424 1544 2468 quae
1574 2406 1762 2467 populus
1808 2425 1809 2430 ¹

381 2499 471 2529 non
492 2482 636 2542 potuit
652 2482 944 2526 manducare?
962 2479 1271 2539 Intelliguntur
1288 2494 1390 2538 ergo
1405 2479 1608 2539 quaedam
1629 2492 1763 2523 secre-

431 2578 440 2594 ¹
459 2574 530 2605 Cor.
548 2581 593 2611 111,
615 2570 668 2604 15.
684 2587 726 2594 —-
742 2577 754 2593 ²
780 2572 872 2603 Joan.
894 2580 927 2610 V,
952 2577 986 2610 2,
1006 2573 1070 2602 etc.
1093 2584 1134 2591 —-
1155 2565 1168 2591 3
1187 2568 1232 2600 Id.
1248 2577 1294 2608 vl,
1317 2577 1366 2599 10.
1393 2564 1553 2599 —41sa1.
1568 2576 1619 2607 xm,
1640 2567 1672 2598 6.
