1809 3173
328 195 408 233 328
760 203 793 232 S.
830 206 1058 234 Aneus'mm
1092 207 1272 234 izmscom

323 273 461 313 Antea
483 269 597 311 cuim
622 268 727 327 quid
745 268 931 313 faciebas
947 273 963 313 P
979 270 1204 315 Laudabas
1228 280 1268 314 te
1290 271 1333 314 in
1353 270 1477 315 bonis
1500 273 1573 314 Dei
1596 307 1605 325 ‚
1630 288 1701 316 ac-

325 339 502 383 cusabas
527 343 663 382 Deum
687 341 731 383 in
755 341 875 384 malis
904 342 986 384 tuis
1014 361 1021 385 2
1054 357 1261 385 converso
1284 342 1412 385 eorde
1441 352 1481 385 et
1512 342 1670 387 directo
1689 377 1699 397 ‚

322 408 520 452 laudabis
543 412 680 453 Deum
703 410 749 453 in
781 411 903 454 bonis
925 412 1009 454 suis
1027 446 1036 464 ,
1063 412 1282 455 accusabis
1305 421 1347 455 te
1375 413 1419 454 in
1453 411 1575 455 malis
1600 413 1698 456 tuis.

324 480 399 523 Isti
417 489 518 523 sunt
539 481 643 523 recti
660 481 804 524 corde.
824 482 1017 540 Denique
1033 481 1106 524 ille
1122 482 1314 525 nondum
1331 492 1447 526 recto
1470 483 1615 537 corde,
1633 483 1703 526 cui

322 549 578 609 displicebat
604 549 783 594 felicitas
807 550 1018 594 malorum
1044 561 1087 594 et
1108 552 1231 595 labor
1257 553 1467 596 bonorum
1485 589 1495 607 ,
1528 554 1587 596 ait
1609 569 1704 597 cor-

322 630 464 665 rectus
487 640 495 665 :
525 640 543 662 «
570 624 710 673 Quam
736 621 875 663 bonus
899 625 1008 664 Deus
1035 621 1160 664 lsrael
1196 623 1318 665 rectis
1341 622 1471 666 corde
1489 623 1497 664 ¹.
1516 623 1599 666 Mei
1624 639 1702 665 au-

323 709 344 732 »
382 701 490 746 tem,
509 692 686 751 quando
704 706 791 734 non
814 707 927 733 eram
955 700 1072 735 recto
1089 691 1235 747 corde,
1256 707 1364 750 pene
1381 694 1586 736 commoti
1604 703 1705 736 sunt

325 780 345 802 »
382 761 539 820 pedes,
567 760 696 819 paulo
722 761 865 804 minus
888 762 1015 804 ell'usi
1044 771 1143 804 sunt
1166 777 1330 819 gressus
1353 763 1515 806 mei1.»
1534 763 1705 815 Quare?

322 833 423 890 quia
447 831 578 874 zelavi
613 831 656 873 in
681 832 980 889 peccatoribus
999 867 1008 885 ‚
1033 847 1182 890 pacem
1206 842 1483 891 peccatorum
1512 834 1701 877 intuens.

323 902 448 955 Vidi,
472 901 641 960 inquit,
668 900 802 944 malos
825 900 969 945 felices
985 937 995 954 ‚
1022 911 1063 945 et
1085 901 1305 960 displicuit
1323 903 1427 945 mihi
1453 905 1566 945 Deus
1589 922 1597 946 z
1624 904 1706 946 hoc

322 973 438 1015 enim
460 971 682 1025 volebam,
712 981 762 1015 ut
784 988 871 1015 non
895 973 1162 1030 permitteret
1190 976 1297 1015 Deus
1322 972 1455 1016 malos
1493 988 1582 1016 esse
1612 971 1707 1015 feli-

321 1058 404 1086 ces.
436 1041 659 1098 Intelligat
682 1042 811 1085 homo
839 1061 846 1085 :
872 1058 1095 1102 nunquam
1119 1044 1202 1086 hoc
1225 1043 1438 1101 permittit
1460 1046 1570 1086 Deus
1598 1062 1606 1086 ;
1633 1042 1704 1086 sed

323 1111 461 1155 malus
482 1110 583 1154 felix
603 1120 781 1169 putatur
799 1147 808 1165 ‚
845 1113 945 1171 quia
968 1112 1075 1171 quid
1103 1113 1155 1156 sit
1180 1112 1358 1155 felicitas
1376 1112 1616 1170 ignoratur.
1644 1113 1708 1156 Si-

322 1197 418 1224 mus
439 1197 541 1239 ergo
557 1182 661 1224 recti
684 1180 813 1224 corde
836 1200 844 1225 :
871 1191 1040 1239 tempus
1065 1182 1212 1239 gloriae
1234 1191 1392 1225 nostrae
1415 1182 1610 1226 nondum
1633 1198 1708 1225 ve-

321 1254 401 1296 nit.
424 1253 601 1296 Dicatur
618 1253 881 1296 amatoribus
905 1253 1032 1312 hujus
1053 1253 1223 1305 saeculi,
1245 1253 1394 1311 quales
1412 1263 1533 1296 eraut
1555 1254 1708 1296 fratres

323 1323 517 1376 Domini,
547 1342 566 1363 «
595 1325 782 1380 Tempus
806 1332 997 1365 vestrum
1020 1338 1189 1380 semper
1207 1332 1270 1365 est
1291 1332 1490 1381 paratum
1511 1342 1518 1366 ;
1540 1332 1709 1381 tempus

325 1410 345 1432 »
382 1402 579 1436 nostrum
600 1392 795 1435 nondum
831 1393 962 1436 venit.
986 1410 1005 1432 »
1034 1392 1283 1436 Audeamus
1317 1393 1434 1435 enim
1456 1394 1539 1436 hoc
1567 1392 1709 1436 dicere

312 1458 366 1506 'et
385 1479 477 1506 nos.
507 1466 561 1506 Et
580 1463 785 1522 quoniam
804 1478 960 1521 corpus
986 1463 1156 1506 Domini
1178 1463 1315 1506 nostri
1333 1465 1437 1506 Jesu
1454 1463 1612 1507 christi
1635 1478 1709 1506 su-

324 1549 420 1577 mus
436 1569 447 1587 ,
473 1533 678 1593 quoniam
703 1532 897 1576 membra
915 1534 1007 1591 ejus
1025 1548 1172 1576 sumus
1190 1568 1200 1587 ‚
1227 1533 1435 1592 quoniam
1453 1543 1585 1592 caput
1607 1549 1709 1577 nos·

325 1614 439 1648 trum
467 1613 685 1662 gratanter
709 1603 1003 1661 agnoscimus,
1030 1602 1224 1647 dicamus
1255 1619 1429 1662 prorsus
1456 1623 1465 1648 :
1503 1605 1710 1663 quoniam

325 1684 502 1733 propter
520 1689 598 1717 nos
616 1684 658 1716 et
675 1674 765 1732 ipse
789 1674 871 1716 hoc
894 1673 1095 1730 dignatus
1114 1683 1176 1716 est
1198 1672 1356 1717 dicere.
1379 1674 1563 1725 Quando
1586 1675 1710 1717 nobis

326 1744 539 1789 insultant
557 1753 768 1787 amatores
792 1745 922 1802 hujus
944 1744 1112 1796 saeculi,
1139 1743 1334 1787 dicamus
1359 1745 1416 1787 eis
1439 1763 1447 1788 :
1477 1764 1493 1783 «
1524 1747 1711 1803 Tempus

329 1833 349 1855 »
387 1824 573 1859 vestrum
594 1829 761 1872 semper
779 1825 841 1857 est
862 1823 1055 1871 paratum
1079 1832 1087 1857 :
1114 1822 1282 1872 tempus
1299 1823 1495 1857 nostrum
1509 1814 1711 1857 nondum

329 1904 349 1926 »
384 1885 517 1928 veuit.
536 1903 552 1924 »
574 1883 706 1928 Nobis
721 1884 834 1926 enim
853 1882 959 1926 dixit
973 1883 1205 1941 Apostolus
1223 1902 1231 1926 ι
1249 1903 1266 1924 ι(
1283 1885 1445 1927 Mortui
1463 1885 1576 1927 enim
1594 1885 1708 1938 estis,

330 1973 349 1995 a)
386 1963 428 1997 et
449 1955 535 1997 vita
568 1963 706 1996 vestra
744 1952 994 1996 abscondita
1027 1963 1089 1996 est
1118 1967 1218 1996 cum
1251 1953 1423 1996 Christo
1445 1953 1490 1995 in
1520 1956 1609 1996 Deo
1625 1957 1656 1996 ².
1687 1972 1707 1994 »

329 2024 517 2077 Quando
540 2024 684 2068 veniet
716 2034 883 2081 tempus
913 2031 1108 2067 nostrum
1125 2024 1141 2062 ’ἶ
1160 2024 1271 2066 Cum
1293 2023 1488 2066 Christus
1503 2057 1513 2076 ‚
1537 2022 1680 2082 inquit
1697 2058 1708 2077 ,

330 2096 578 2154 apparuerit
599 2095 686 2138 vita
711 2104 847 2137 vestra
865 2129 874 2147 ,
903 2103 1006 2137 tune
1030 2103 1072 2136 et
1103 2109 1177 2136 vos
1205 2093 1466 2151 apparebitis
1495 2109 1594 2136 cum
1618 2094 1711 2152 ipso

329 2167 373 2209 in
393 2165 542 2223 gloria.

389 2237 508 2277 Vnt.
536 2233 652 2285 Quid
684 2233 842 2276 deinde
872 2232 1020 2276 addit?
1045 2253 1061 2273 «
1084 2236 1178 2277 Non
1202 2242 1344 2290 potest
1367 2232 1554 2276 mundus
1574 2232 1711 2277 odisse

334 2327 353 2348 (ι
386 2321 461 2349 vos
482 2308 512 2347 ²⁵.
538 2323 556 2344 n
579 2305 694 2356 Quid
719 2314 779 2347 est
804 2306 887 2347 hoc
905 2339 915 2358 ,
952 2304 1029 2346 uisi
1045 2339 1054 2353 ,
1076 2307 1172 2348 Non
1195 2313 1335 2361 potest
1362 2303 1550 2347 mundus
1573 2304 1711 2348 odisse

330 2385 540 2420 amatores
564 2390 661 2417 suos
686 2374 810 2417 falsos
847 2378 1001 2417 testes?
1024 2377 1140 2417 Boua
1164 2375 1275 2417 enim
1300 2373 1440 2418 dicitis
1478 2390 1573 2432 quae
1597 2373 1708 2418 mala

331 2457 453 2500 suut,
476 2454 520 2488 et
540 2443 649 2487 mala
669 2460 766 2503 quz‘e
798 2444 907 2487 bona
936 2454 1043 2486 saut.
1070 2464 1089 2485 κ
1114 2447 1184 2487 Me
1203 2453 1347 2487 autem
1370 2443 1488 2498 odit,
1509 2445 1610 2502 quia
1629 2458 1707 2500 ego

381 2538 386 2550 ¹
414 2528 475 2559 l‘snl
513 2537 609 2568 mcxii,
636 2540 662 2568 ι,
682 2532 744 2558 etc.
767 2546 805 2549 —
823 2535 833 2548 2
850 2528 967 2562 Coloss.
987 2539 1033 2567 ui,
1051 2527 1081 2557 3.
1101 2544 1139 2551 —-
1162 2526 1174 2549 3
1192 2530 1284 2560 Joan‚
1305 2537 1361 2568 vit,
1383 2539 1414 2568 7.
