1809 3173
366 155 417 190 82
788 160 818 185 s.
856 159 1084 187 AuGUS'nM
1119 160 1298 186 Eplscom
1575 193 1577 196 v

364 227 586 273 tormentis
604 225 738 284 igneis
761 240 940 284 corpore
957 224 1230 279 defecerunt,
1245 223 1320 271 sed
1340 223 1385 266 in
1402 222 1603 281 legitimis
1619 236 1742 265 man-

356 299 465 343 datis
488 297 633 341 animo
656 297 1026 356 permanserunt&
1066 295 1135 339 Illi
1157 303 1303 354 aperte
1337 293 1510 337 liberati
1530 301 1653 347 sunt,
1680 291 1743 336 illi

360 366 529 414 occulte
551 367 746 412 coronati
765 376 881 411 sunt.
908 365 1011 410 Plus
1034 374 1097 410 est
1121 364 1295 409 liberari
1317 364 1371 408 de
1390 364 1564 407 flamma
1587 362 1745 420 gehen-

360 453 538 493 narum,
564 452 698 498 quam
722 435 776 481 de
799 435 974 481 fornace
990 436 1213 495 potestatis
1233 435 1453 478 humanae.
1476 433 1518 478 Si
1541 447 1643 490 ergo
1665 433 1744 477 Na-

360 507 698 554 buchodonosor
713 522 785 551 rex
802 507 996 551 laudavit
1017 515 1061 550 et
1076 505 1342 565 praedicavit,
1362 513 1406 548 et
1427 503 1608 562 gloriam
1625 500 1746 545 dedit

358 583 464 634 Deo,
488 578 589 639 quia
606 577 807 634 liberavit
828 577 883 620 de
899 577 1000 635 igne
1025 585 1109 620 tres
1127 590 1297 634 pueros,
1317 583 1360 618 et
1380 583 1546 617 tantam
1564 571 1745 630 gloriam

358 649 500 705 dedit,
535 658 581 693 ut
611 648 835 693 decretum
864 648 1056 690 mitteret
1086 661 1163 705 per
1191 659 1375 704 regnum
1408 658 1536 688 suum
1561 663 1569 687 :
1595 661 1616 684 «
1635 642 1745 696 Qui-

362 740 381 763 »
418 734 608 782 cumque
630 718 818 762 dixerint
839 717 1153 776 blasphemiam
1175 717 1221 760 in
1238 718 1375 759 Deum
1394 715 1541 760 Sidrac
1558 748 1569 769 ,
1593 714 1742 769 Misac,

360 811 380 834 »
416 802 457 837 et
486 790 755 849 Abdenago,
781 791 825 833 in
846 788 1069 833 interitum
1093 796 1222 831 erunt
1239 821 1250 843 ‚
1275 796 1317 831 et
1341 786 1495 830 domus
1517 800 1668 830 eorum
1700 785 1747 828 in
1799 830 1805 835 ,

358 882 377 905 »
414 862 704 922 perditionem
718 863 735 886 2
753 879 762 904 :
782 878 802 901 »
820 858 1043 919 quomodo
1055 858 1126 902 isti
1142 872 1263 916 reges
1276 873 1366 902 non
1380 865 1654 911 moveantur,
1670 856 1747 916 qui

355 948 445 977 non
476 942 563 977 tres
594 945 751 990 pueros
776 928 1012 974 attendunt
1043 927 1247 972 liberatos
1279 927 1334 971 de
1365 927 1566 982 flamma,
1598 924 1675 970 sed
1702 940 1747 970 se

355 1003 470 1062 ipsos
499 1001 705 1045 liberatos
737 999 792 1043 de
822 998 1045 1057 gehenna,
1070 996 1248 1057 quando
1269 996 1422 1042 vident
1442 996 1661 1042 Christum
1680 1029 1692 1050 ,
1723 1010 1749 1040 a

355 1089 443 1133 quo
461 1071 633 1116 liberati
650 1079 766 1125 sunt,
783 1068 1000 1113 exsufflari
1018 1068 1063 1111 in
1081 1067 1352 1122 Christianis,
1371 1067 1548 1127 quando
1564 1065 1750 1110 audiunt

357 1143 443 1187 dici
463 1142 735 1196 Christiano,
762 1140 839 1184 Dic
862 1148 901 1183 te
911 1154 1006 1201 pon
1028 1153 1117 1182 esse
1131 1138 1456 1183 Christianum?
1475 1135 1593 1181 Talia
1609 1135 1749 1181 facere

358 1213 515 1259 volunt
530 1248 541 1266 ‚
560 1222 603 1257 et
621 1211 773 1256 saltem
794 1209 895 1255 talia
917 1210 1006 1269 pati
1028 1209 1203 1253 nolunt.

416 1286 513 1328 XV.
541 1286 650 1329 Nam
683 1282 828 1327 videte
857 1279 1002 1340 qualia
1032 1278 1225 1334 faciunt,
1253 1288 1296 1322 et
1327 1277 1473 1338 qualia
1505 1278 1747 1337 patiuntur.
1796 1308 1798 1311 -

360 1354 581 1400 Occidunt
617 1354 780 1398 animas
801 1388 811 1408 ,
849 1352 1104 1410 affliguntur
1139 1352 1184 1394 in
1217 1365 1398 1410 corporo
1432 1369 1440 1394 :
1472 1349 1753 1408 sempiternas

364 1434 525 1470 mortes
558 1423 725 1468 faciunt
743 1458 753 1478 ,
790 1432 833 1466 et
858 1421 1113 1480 temporales
1140 1436 1184 1465 se
1211 1421 1380 1480 perpeti
1402 1428 1749 1480 conqueruntur.

366 1498 423 1539 Et
460 1504 606 1539 tamen
635 1508 742 1553 quas
774 1492 1031 1552 patiuntur?
1060 1491 1295 1537 Proferunt
1328 1490 1455 1535 nobis
1477 1490 1622 1534 nescio
1644 1504 1754 1550 quos

366 1566 410 1610 in
436 1564 737 1625 persecutione
762 1578 861 1607 suos
890 1572 1117 1619 martyres.
1152 1565 1264 1606 Ecce
1293 1562 1515 1607 Mai-culus
1549 1561 1605 1605 de
1633 1552 1756 1621 petra
1784 1554 1790 1557 ⁸

366 1633 660 1696 praecipitatus
682 1644 767 1679 est:
782 1649 880 1678 ecce
904 1636 1099 1678 Donatus
1117 1633 1363 1691 Bagatensis
1379 1633 1425 1676 in
1448 1642 1631 1692 puteum
1652 1633 1755 1676 mis-

369 1724 438 1752 sus
459 1717 536 1751 est.
561 1705 747 1760 Quando
764 1714 998 1765 potestates
1020 1707 1230 1749 Romanae
1254 1702 1356 1748 talia
1378 1704 1589 1763 supplicia
1605 1703 1757 1748 decre—
1785 1741 1800 1753 ,

370 1787 554 1833 verunt,
593 1786 642 1821 ut
669 1776 1045 1836 praecipitarentur
1077 1775 1306 1820 homines?
1340 1774 1458 1828 Quid
1484 1784 1630 1820 autem
1666 1790 1758 1819 res-

374 1848 571 1909 pondent
601 1846 770 1908 nostri?
809 1844 925 1899 Quid
963 1845 1016 1888 sit
1049 1853 1217 1902 gestum
1250 1844 1394 1888 nescio
1427 1864 1435 1889 ε
1474 1854 1620 1889 tamen
1651 1844 1759 1905 quid
1796 1836 1802 1839 i

377 1921 554 1966 tradunt
575 1919 741 1963 nostri?
760 1917 844 1970 Qui
867 1917 946 1976 ipsi
969 1931 1012 1960 se
1035 1914 1438 1975 praecipitaverunt,
1466 1925 1509 1960 et
1526 1925 1759 1975 potestates
1801 1912 1809 1923 ⁴

374 1990 708 2036 infamaverunt.
756 1987 1054 2035 Recordemur
1097 1985 1458 2031 consuetudinem
1497 1996 1761 2046 potestatum

375 2077 651 2108 romanarum
670 2095 680 2116 ,
704 2069 746 2104 et
764 2057 985 2103 videamus
1007 2057 1077 2102 cui
1100 2056 1368 2101 credendum
1385 2057 1454 2100 sit.
1476 2058 1638 2102 Dicunt
1659 2073 1761 2102 nos·
1779 2065 1783 2067 ’

379 2135 431 2178 tri
453 2132 548 2177 illos
569 2147 612 2175 se
634 2130 947 2191 praecipitasse:
969 2127 1002 2171 si
1020 2143 1109 2171 non
1122 2135 1224 2170 sunt
1246 2118 1325 2186 ipsi
1347 2125 1548 2187 discipuli
1569 2129 1762 2187 ipsorum

377 2204 453 2265 qui
476 2219 518 2248 se
541 2202 673 2247 modo
695 2200 749 2245 de
775 2200 881 2244 saxis
914 2198 1036 2242 nullo
1054 2207 1340 2258 persequente
1357 2199 1649 2258 praecipitant,
1674 2214 1763 2243 non

377 2274 605 2321 credamus
624 2292 632 2318 :
658 2272 764 2333 quid
778 2271 952 2325 mirum,
974 2270 1007 2313 si
1031 2270 1230 2313 fecerunt
1246 2267 1309 2312 illi
1331 2268 1451 2328 quod
1473 2269 1638 2314 solent?
1654 2273 1763 2316 Nam
1787 2275 1793 2288 ⁵

378 2354 611 2407 potestates
635 2357 823 2387 romanae
850 2355 1078 2400 nunquam
1107 2339 1267 2383 talibus
1286 2340 1506 2399 suppliciis
1534 2355 1622 2384 usae
1644 2349 1759 2385 sunt.

379 2420 493 2464 Num
516 2416 631 2460 enim
652 2429 743 2459 non
772 2420 974 2473 poterant
996 2409 1191 2455 occidere
1229 2411 1409 2470 aperte?
1435 2411 1520 2456 Sed
1537 2409 1600 2454 illi
1624 2412 1700 2471 qui
1720 2426 1765 2456 se

431 2509 438 2525 Β
459 2512 478 2533 2
496 2499 649 2533 Machab.
671 2509 726 2536 vn,
750 2509 779 2539 1,
801 2501 866 2529 etc.
883 2513 924 2518 —-
945 2502 955 2518 2
977 2495 1096 2528 Daniel.
1116 2506 1162 2536 111,
1177 2494 1231 2536 96.
