1825 3214
238 249 282 276 m
313 245 487 276 JoANMs
517 241 830 280 BVARGELIUM‚
864 241 1013 271 ruer.
1049 242 1191 271 xxxxv.
1335 231 1419 270 375

31 313 309 373 semetipsum
344 333 352 357 :
384 309 606 371 Numquid
640 310 753 354 forte
795 310 1006 353 Dominus
1037 309 1233 353 Christus
1263 317 1327 351 est
1359 307 1422 352 sol

32 387 129 439 iste,
155 386 229 445 qui
257 394 356 428 ortu
385 391 428 426 et
458 398 611 426 occasu
634 381 802 441 peragit
829 379 973 423 diem?
995 382 1091 423 Non
1129 380 1243 422 enim
1267 379 1423 422 ‹lvl'ue-

33 467 135 502 runt
160 456 349 500 haeretici
381 455 455 514 qui
489 455 566 498 ista
600 461 841 497 senserunt.
867 452 1099 495 Manichaei
1133 450 1264 493 solem
1295 452 1424 495 isium

34 527 169 573 oculis
191 527 329 570 earnis
347 524 559 569 visibilem
577 524 816 582 expositum
836 532 878 565 et
899 521 1120 581 publicum
1141 536 1226 563 non
1254 530 1422 564 truitum

35 597 305 649 hominibus,
331 595 404 639 sed
430 596 558 638 etiarn
589 595 814 653 pecoribus
838 593 891 636 ad
921 591 1182 644 videndum,
1204 592 1425 636 Christum

37 668 271 713 Dominum
297 682 386 710 esse
411 674 688 724 putaverunt.
726 664 809 707 Sed
832 662 1057 707 catholicw
1082 661 1285 705 Ecclesiae
1311 671 1425 706 recta

38 737 145 782 fides
164 737 382 795 improbat
401 736 484 780 talc
503 744 818 787 commentum,
839 743 881 776 ct
899 733 1155 776 diabolicam
1176 731 1427 775 doctrinam

37 824 125 852 esse
139 808 384 866 cognoscit:
405 822 483 850 nec
496 805 635 849 solum
657 804 848 862 agnoscit
863 804 1099 855 credendo,
1116 802 1189 845 sed
1206 803 1248 845 in
1267 803 1430 862 quibus

36 887 180 938 potest
212 877 434 921 convincit
461 877 590 919 etiam
625 874 903 933 disputando.
941 873 1244 932 improbemus
1280 873 1428 932 itaque

38 947 290 1008 hujusmodi
305 963 511 1001 errorem,
529 962 660 1007 quem
677 955 821 990 sancta
840 946 894 989 ab
908 945 1031 988 initio
1047 944 1428 988 anathematizavit

37 1019 243 1064 Ecclesia.
264 1022 361 1064 Non
379 1019 641 1062 arbitremur
660 1018 893 1061 Dominum
915 1018 1061 1060 Jesum
1075 1015 1294 1060 Christum
1310 1016 1428 1059 liunc

38 1106 128 1135 esse
139 1089 271 1134 solem
286 1105 418 1149 quem
431 1088 628 1132 videmus
644 1088 747 1132 oriri
762 1088 816 1131 ab
830 1088 1023 1142 Oriente,
1041 1087 1239 1130 occidere
1255 1086 1297 1129 in
1313 1086 1432 1129 Occi·

39 1161 169 1206 dente
192 1180 200 1205 z
219 1162 341 1220 cujus
359 1161 503 1204 cursui
524 1176 608 1204 nox
629 1159 842 1212 succedit,
868 1160 988 1218 cnjus
1008 1158 1112 1201 radii
1137 1157 1255 1200 nube
1274 1158 1429 1201 obum-

38 1233 237 1285 brantur,
262 1231 338 1291 qui
361 1240 476 1274 certa
497 1231 551 1274 de
576 1230 671 1274 loco
694 1230 739 1273 in
761 1230 906 1274 locum
924 1230 1116 1273 motione
1138 1228 1393 1285 commigrat
1414 1247 1422 1272 :

39 1318 128 1348 non
150 1311 213 1346 est
234 1302 318 1346 hoc
343 1302 550 1345 Dominus
572 1301 784 1345 Christus.
802 1302 898 1344 Non
916 1308 980 1343 est
998 1300 1208 1344 Dominus
1232 1298 1429 1343 Christus

39 1372 104 1418 sol
125 1371 280 1426 factus,
301 1371 375 1415 sed
396 1387 474 1431 per
495 1386 626 1431 quem
650 1370 713 1415 sol
730 1370 872 1415 factus
889 1379 966 1414 est.
989 1389 1009 1411 «
1034 1371 1191 1414 Omnia
1213 1370 1329 1413 enim
1352 1383 1430 1429 per

43 1462 64 1487 n
88 1445 230 1503 ipsum
254 1441 366 1487 sacta
388 1452 507 1497 sunt,
528 1451 572 1486 et
588 1442 680 1486 sine
696 1442 790 1501 ipso
811 1441 978 1486 factum
1002 1440 1190 1485 estnihil
1214 1443 1245 1484 ¹.
1274 1457 1294 1481 >i

101 1517 183 1559 111.
217 1515 295 1558 Est
315 1528 419 1572 ergo
441 1512 517 1556 lux
533 1547 544 1567 ,
569 1528 669 1573 quae
693 1511 794 1556 iecit
822 1512 934 1556 hanc
956 1510 1099 1556 lucem
1126 1530 1137 1556 ;
1160 1511 1273 1555 hanc
1307 1525 1428 1554 ame-

41 1600 160 1640 mus,
191 1585 305 1629 hanc
334 1583 575 1641 intelligere
598 1583 851 1643 cupiamus,
872 1583 1007 1641 ipsam
1036 1583 1229 1625 sitiamus
1256 1600 1264 1625 z
1294 1590 1344 1624 ut
1373 1580 1429 1625 ad

41 1656 177 1716 ipsam
199 1654 311 1699 duce
333 1655 423 1714 ipsa
446 1654 682 1714 aliquando
707 1653 932 1697 veniamus
949 1687 961 1708 ,
983 1661 1026 1695 et
1047 1652 1092 1696 in
1114 1652 1187 1696 illa
1219 1652 1277 1695 ita
1305 1651 1428 1696 viva-

41 1741 155 1780 mus,
185 1735 234 1770 ut
257 1740 484 1784 nunquam
511 1725 691 1768 omnino
718 1724 970 1768 moriamur.
998 1725 1082 1767 Ista
1104 1723 1217 1766 enirn
1236 1723 1310 1765 lux
1332 1730 1396 1766 est
1413 1757 1424 1778 ,

41 1796 97 1842 de
127 1813 214 1857 qua
249 1796 478 1855 prophetia
513 1795 615 1839 olim
641 1795 855 1854 praemissa
881 1795 940 1838 ita
968 1794 1014 1837 in
1038 1793 1206 1838 Psalmo
1229 1792 1384 1837 cecinit
1415 1812 1424 1838 ε

46 1886 63 1907 «
101 1867 309 1911 Homines
332 1875 374 1910 et
389 1867 587 1926 jumenta
609 1865 748 1909 salvos
770 1864 922 1919 facies,
954 1864 1154 1919 Domine,
1180 1864 1291 1908 sicut
1312 1863 1429 1907 mul-

44 1955 66 1978 »
101 1936 292 1996 tiplicata
325 1945 388 1980 est
422 1934 713 1979 misericordia
734 1943 810 1978 tua
843 1938 955 1978 Deus
978 1935 1010 1977 ².
1043 1952 1063 1976 »
1099 1934 1257 1978 Psalmi
1291 1933 1428 1978 sancti

41 2007 121 2052 ista
143 2007 271 2051 verba
292 2015 394 2050 sunt
413 2025 422 2050 z
441 2005 652 2049 advertite
674 2005 781 2065 quid
804 2003 948 2049 detali
966 2003 1063 2049 luce
1081 2004 1286 2065 antiquus
1307 2019 1429 2049 sanc·

44 2088 189 2124 torum
216 2078 445 2122 hominum
467 2077 546 2121 Dei
581 2092 721 2120 sermo
747 2077 1018 2135 praemiserit.
1048 2095 1067 2119 «
1101 2076 1329 2131 Homines,
1356 2077 1428 2120 in-

46 2167 67 2192 »
105 2148 217 2208 quit,
243 2157 285 2191 et
301 2148 499 2207 jumenta
523 2147 662 2191 salvos
683 2145 828 2202 facies,
854 2147 1060 2202 Domine,
1082 2147 1191 2191 sicut
1212 2146 1429 2206 multipli-

48 2237 69 2261 κ)
104 2228 199 2263 cata
220 2226 283 2262 est
310 2217 600 2261 misericordia
629 2229 702 2263 tua
727 2221 856 2262 Deus.
886 2235 906 2259 »
939 2218 1151 2271 Quoniam
1178 2218 1294 2262 enim
1318 2220 1431 2262 Deus

47 2304 112 2343 es,
138 2297 181 2332 et
202 2288 336 2332 habes
362 2286 647 2346 multiplicem
671 2287 1031 2346 misericordiam,
1061 2288 1258 2348 pervenit
1279 2287 1431 2332 eadem

47 2357 342 2418 multiplicitas
369 2357 674 2402 misericordiae
709 2366 812 2412 tuae,
853 2374 943 2404 non
979 2358 1119 2403 solum
1155 2358 1209 2402 ad
1233 2358 1431 2402 homines

47 2445 156 2490 quos
177 2428 331 2473 creasti
351 2427 407 2472 ad
422 2429 652 2486 imaginem
676 2437 795 2472 tuam
809 2464 820 2484 ,
845 2430 919 2473 sed
935 2430 1064 2474 etiam
1085 2429 1139 2475 ad
1156 2445 1310 2489 pecora
1333 2443 1433 2488 quae

48 2499 301 2544 hominibus
315 2497 559 2544 subdidisti.
577 2501 614 2542 Α
627 2515 715 2559 quo
727 2499 842 2543 enim
856 2498 969 2544 salus
985 2500 1189 2555 hominis,
1205 2500 1260 2543 ab
1277 2498 1354 2542 illo
1369 2512 1436 2542 sa-

97 2590 108 2606 ¹
129 2585 220 2615 Joan.
238 2594 263 2626 1,
281 2582 310 2615 3.
327 2599 369 2606 —-
386 2589 399 2605 ²
414 2583 493 2615 Psal.
516 2593 612 2623 xxxv,
633 2593 666 2624 7,
690 2583 721 2615 8.
