1809 3173
345 155 428 191 212
781 163 813 191 s.
849 165 1076 194 ΑυαυεΤιΜ
1113 169 1292 195 muscum

340 230 447 273 bum
470 229 586 272 enim
613 227 726 274 facta
747 239 849 275 sunt
876 233 1020 276 omnia
1044 253 1051 277 z
1073 235 1250 293 quando
1273 233 1381 278 dixit
1408 243 1450 278 ct
1466 234 1578 279 facta
1601 245 1721 291 sunt,

337 314 415 359 per
438 299 632 343 Verbum
665 299 776 345 facta
805 312 928 358 sunt,
964 319 1041 363 per
1075 304 1296 349 Christum
1334 303 1445 348 facta
1469 314 1584 349 sunt.
1628 325 1647 347 «
1674 309 1726 350 In

340 389 360 411 »
397 371 610 430 principio
657 373 772 418 enim
807 383 897 418 erat
926 376 1144 430 Verbum,
1177 385 1220 419 et
1248 376 1442 419 Verbum
1475 385 1566 420 erat
1609 376 1726 435 apud

337 459 357 482 n
393 443 532 485 Deum
549 477 560 496 ,
582 451 625 487 et
648 445 762 487 Deus
787 453 879 488 erat
904 445 1098 488 Verbum
1122 464 1130 488 :
1154 445 1299 489 omnia
1333 462 1407 504 per
1430 446 1571 506 ipsum
1610 446 1724 492 facta

338 530 358 553 »
393 521 496 556 sunt
516 516 545 557 ¹.
568 531 588 555 ι)
610 514 652 558 Si
674 515 819 558 omnia
851 530 928 574 per
956 515 1098 574 ipsum
1131 514 1243 560 facta
1275 526 1400 561 sunt:
1427 517 1570 561 «dixit
1592 520 1721 573 Deus,

333 584 431 628 Fiat
450 584 546 642 lux,
572 595 614 630 et
636 585 750 631 facta
772 595 836 630 est
855 585 990 631 lux2:
1015 604 1034 628 »
1060 586 1106 630 in
1120 586 1265 632 Verbo
1280 586 1404 643 fecit,
1430 604 1506 647 per
1530 589 1724 633 Verbum
1787 626 1789 629 .

335 654 454 700 fecit.

413 728 487 769 IV.
524 729 636 770 Ecce
675 740 778 784 ergo
820 740 937 769 nunc
985 725 1229 770 audivimus
1260 728 1545 787 Evangelium
1569 765 1579 784 ,
1625 745 1723 774 cum

333 795 612 855 responderet
653 796 1025 840 stomachantibus
1069 797 1233 840 Judaeis
1253 833 1263 852 ,
1314 819 1333 840 «
1367 799 1472 851 Quia
1517 816 1606 844 non
1656 817 1726 844 so·-

336 887 356 909 »
391 868 483 911 lum
506 867 702 911 solvebat
738 868 966 911 sabbatum
986 903 996 922 ,
1032 867 1105 911 sed
1136 869 1263 912 etiam
1290 873 1462 914 Patrem
1495 887 1622 915 suum
1657 871 1726 915 di-

336 958 355 980 »
392 940 518 984 cebat
552 943 711 993 Deum,
750 939 964 998 sequalem
996 955 1039 983 se
1084 938 1242 984 faciens
1278 943 1389 985 ὓρο3
1428 962 1435 986 ;
1472 960 1491 982 »
1522 943 1579 987 sic
1610 944 1725 987 enim

331 1012 542 1070 scriptum
567 1021 629 1054 est
658 1012 703 1053 in
736 1011 946 1071 superiori
982 1011 1190 1070 capitulo.
1214 1014 1326 1055 Cum
1349 1028 1451 1071 ergo
1475 1013 1548 1056 tali
1577 1030 1733 1058 eorum

333 1083 493 1127 erranti
517 1083 803 1141 indignationi
822 1083 895 1126 Dei
919 1082 1052 1126 Filius
1071 1092 1114 1126 et
1134 1083 1289 1126 veritas
1313 1085 1606 1142 responderet,
1629 1086 1686 1129 ait
1715 1105 1724 1130 ι

336 1174 356 1196 »
393 1158 548 1208 Amen,
575 1170 699 1197 amen
723 1153 821 1198 dico
855 1154 1000 1207 vobis,
1028 1170 1115 1197 non
1152 1164 1295 1213 potest
1326 1155 1460 1198 Filius
1479 1171 1501 1198 a
1523 1156 1726 1200 sefacere

337 1243 357 1266 »
394 1225 658 1284 quidquam,
684 1224 761 1267 nisi
779 1223 898 1284 quod
917 1224 1073 1267 viderit
1088 1227 1256 1267 Patrem
1283 1223 1547 1290 facientenffl.
1571 1244 1588 1266 ³)
1610 1229 1725 1269 Tan-

335 1312 468 1356 quam
491 1296 670 1350 diceret,
693 1295 808 1348 Quid
828 1294 1100 1339 scandalizati
1122 1296 1240 1349 estis,
1263 1296 1361 1355 quia
1386 1300 1553 1340 Patrem
1579 1312 1726 1340 meum

336 1367 423 1411 dixi
438 1370 592 1421 Deum,
607 1366 761 1425 etquia
774 1365 986 1425 aequalem
1005 1381 1074 1408 me
1089 1364 1199 1409 facio
1210 1368 1325 1409 Deo?
1342 1369 1401 1409 lta
1416 1382 1509 1410 sum
1528 1368 1723 1426 aequalis,

336 1447 386 1481 ut
404 1437 475 1480 ille
489 1453 557 1480 me
570 1437 770 1496 genuerit
795 1456 802 1480 :
830 1437 889 1480 ita
904 1451 999 1479 sum
1016 1437 1213 1496 aequalis,
1232 1446 1279 1480 ut
1299 1453 1385 1480 non
1409 1437 1482 1480 ille
1500 1453 1522 1481 a
1541 1453 1626 1493 me,
1653 1438 1727 1482 sed

335 1523 415 1566 ego
432 1508 486 1550 ab
506 1507 581 1551 illo
604 1508 699 1551 sim.
728 1510 820 1551 Hoc
842 1507 957 1550 enim
978 1507 1234 1564 intelligitur
1258 1508 1301 1550 in
1321 1507 1384 1551 his
1407 1508 1564 1562 verbis,
1595 1528 1613 1549 «
1630 1511 1727 1552 Non

338 1597 358 1620 »
394 1587 536 1638 potest
570 1576 744 1622 Filiusa
768 1593 811 1621 se
842 1577 983 1621 facere
1019 1576 1276 1637 quidquam,
1311 1578 1389 1621 nisi
1421 1577 1542 1637 quod
1572 1578 1728 1622 viderit

339 1667 360 1691 »
397 1653 567 1693 Patrem
593 1647 824 1692 facientem
852 1666 871 1689 »
899 1651 991 1693 Hoc
1011 1658 1071 1691 est
1090 1683 1099 1702 ,
1121 1648 1342 1708 Quidquid
1366 1647 1498 1692 Filius
1527 1649 1656 1693 habet
1678 1659 1728 1693 ut

337 1719 482 1771 faciat,
511 1737 532 1763 a
558 1723 682 1763 Patre
714 1720 844 1763 habet
866 1730 915 1764 ut
948 1720 1089 1764 saciat.
1127 1722 1269 1772 Quare
1305 1720 1437 1763 habet
1471 1736 1492 1763 a
1526 1723 1651 1764 Patre
1678 1730 1729 1764 ut

340 1791 498 1836 faciat?
521 1792 621 1850 quia
637 1807 660 1834 a
675 1794 800 1834 Patre
816 1791 949 1834 habet
964 1800 1011 1834 ut
1024 1790 1159 1834 Filius
1173 1791 1241 1834 sit.
1258 1793 1399 1843 Quare
1419 1807 1441 1834 a
1459 1794 1584 1834 Patre
1597 1791 1729 1835 habet

340 1871 390 1906 ut
414 1861 548 1905 Filius
585 1862 666 1904 sit?
689 1861 790 1920 quia
809 1877 831 1904 a
856 1864 980 1904 Patre
1003 1861 1136 1904 habet
1171 1871 1219 1904 ut
1249 1861 1400 1920 possit,
1435 1861 1535 1920 quia
1557 1878 1578 1905 a
1604 1865 1728 1905 Patre

340 1932 474 1976 habet
497 1941 546 1975 ut
567 1931 634 1975 sit.
663 1930 773 1974 Filio
796 1931 912 1974 enim
936 1932 1018 1974 hoc
1041 1940 1104 1974 est
1127 1946 1217 1974 esse
1240 1930 1360 1990 quod
1383 1947 1521 1990 posse.
1552 1932 1729 1975 Homini

340 2019 431 2048 non
452 2003 509 2046 ita
529 2011 609 2046 est.
636 2004 701 2047 Ex
719 2001 1042 2061 comparatione
1065 2001 1269 2044 humanae
1295 2001 1575 2055 infirmitatis,
1601 2001 1730 2059 longe

342 2073 455 2118 infra
471 2074 671 2134 jacentis,
697 2083 936 2133 utcumque
958 2071 1086 2117 corda
1109 2072 1321 2116 sustollite
1344 2092 1352 2117 :
1373 2083 1415 2118 et
1437 2088 1492 2116 ne
1514 2072 1626 2117 forte
1649 2072 1730 2116 ali-

344 2145 440 2206 quis
472 2155 671 2189 nostrum
709 2145 893 2203 attingat
919 2153 1149 2197 secretum,
1188 2154 1231 2187 et
1273 2145 1395 2203 quasi
1433 2145 1730 2188 coruscatione

344 2231 513 2275 magnae
536 2216 645 2260 lucis
668 2217 933 2269 horrescens,
965 2216 1102 2275 sapiat
1133 2214 1294 2274 aliquid
1310 2251 1319 2269 ,
1347 2230 1401 2258 ne
1434 2215 1638 2275 insipiens
1662 2231 1732 2259 re-

348 2296 522 2332 maneat
546 2305 555 2331 :
577 2302 667 2331 non
689 2296 835 2330 tamen
857 2302 900 2329 se
922 2295 1061 2330 totum
1084 2300 1232 2344 sapere
1255 2294 1397 2344 putet,
1418 2291 1472 2328 ne
1494 2286 1729 2345 superbiat,

348 2369 391 2403 et
411 2358 530 2418 quod
552 2358 693 2417 sapuit
727 2358 909 2401 amittat.
947 2359 1088 2401 Homo
1119 2355 1237 2400 aliud
1259 2365 1322 2399 est
1345 2357 1464 2415 quod
1497 2366 1581 2411 est,
1614 2356 1734 2400 aliud

350 2430 470 2491 quod
492 2438 647 2489 potest.
675 2427 921 2489 Aliquando
936 2428 1051 2472 enim
1074 2437 1116 2472 et
1137 2437 1200 2472 est
1221 2428 1369 2482 homo,
1396 2437 1440 2471 et
1471 2443 1559 2472 non
1592 2436 1733 2487 potest

402 2519 563 2556 'Joan.1,
583 2526 611 2548 ι.
639 2532 678 2538 -
707 2521 717 2537 ’
733 2517 812 2547 Geu.
831 2525 854 2555 1,
876 2514 907 2546 3.
925 2531 965 2537 -—
989 2512 1106 2546 3Joan.
1131 2523 1162 2555 v,
1186 2513 1235 2546 18.
1253 2529 1292 2536 -κ-
1311 2511 1326 2542 ⁴·
1351 2513 1431 2545 Ibid.
1454 2512 1519 2555 19.'
