<?xml version="1.0" encoding="UTF-8"?>
<!DOCTYPE html PUBLIC "-//W3C//DTD XHTML 1.0 Transitional//EN"
    "http://www.w3.org/TR/xhtml1/DTD/xhtml1-transitional.dtd">
<html xmlns="http://www.w3.org/1999/xhtml" xml:lang="en" lang="en">
 <head>
  <title>
</title>
<meta http-equiv="Content-Type" content="text/html;charset=utf-8" />
  <meta name='ocr-system' content='tesseract 3.04.00' />
  <meta name='ocr-capabilities' content='ocr_page ocr_carea ocr_par ocr_line ocrx_word'/>
</head>
<body>
  <div class='ocr_page' id='page_1' title='image "./operaomniaaccura15auguuoft_0033.png"; bbox 0 0 1825 3214; ppageno 0'>
   <div class='ocr_carea' id='block_1_1' title="bbox 306 240 1421 287">
    <p class='ocr_par' dir='ltr' id='par_1_1' title="bbox 306 240 1421 287">
     <span class='ocr_line' id='line_1_1' title="bbox 306 240 1421 287; baseline -0.002 -9"><span class='ocrx_word' id='word_1_1' title='bbox 306 252 347 279; x_wconf 75' lang='lat' dir='ltr'><strong>m</strong></span> <span class='ocrx_word' id='word_1_2' title='bbox 381 248 555 279; x_wconf 69' lang='lat' dir='ltr'><strong>soumis</strong></span> <span class='ocrx_word' id='word_1_3' title='bbox 587 250 867 279; x_wconf 66' lang='lat' dir='ltr'><strong>eunonium</strong></span> <span class='ocrx_word' id='word_1_4' title='bbox 888 267 899 287; x_wconf 92' lang='lat'>‚</span> <span class='ocrx_word' id='word_1_5' title='bbox 933 249 1079 278; x_wconf 73' lang='lat' dir='ltr'><strong>TnAcT.</strong></span> <span class='ocrx_word' id='word_1_6' title='bbox 1119 253 1193 279; x_wconf 79' lang='lat' dir='ltr'><strong>vii.</strong></span> <span class='ocrx_word' id='word_1_7' title='bbox 1367 240 1421 277; x_wconf 75' lang='lat'><strong>23</strong></span> 
     </span>
    </p>
   </div>
   <div class='ocr_carea' id='block_1_2' title="bbox 1 316 1466 2569">
    <p class='ocr_par' dir='ltr' id='par_1_2' title="bbox 41 316 1433 800">
     <span class='ocr_line' id='line_1_2' title="bbox 45 316 1422 375; baseline 0 -17"><span class='ocrx_word' id='word_1_8' title='bbox 45 336 64 358; x_wconf 86' lang='lat'>»</span> <span class='ocrx_word' id='word_1_9' title='bbox 99 317 235 362; x_wconf 83' lang='lat' dir='ltr'><strong>filium</strong></span> <span class='ocrx_word' id='word_1_10' title='bbox 269 317 454 360; x_wconf 80' lang='lat' dir='ltr'><strong>hominis</strong></span> <span class='ocrx_word' id='word_1_11' title='bbox 473 319 502 360; x_wconf 89' lang='lat'><strong>¹.</strong></span> <span class='ocrx_word' id='word_1_12' title='bbox 534 334 552 356; x_wconf 92' lang='lat'>»</span> <span class='ocrx_word' id='word_1_13' title='bbox 591 319 782 370; x_wconf 82' lang='lat' dir='ltr'><strong>Fratres,</strong></span> <span class='ocrx_word' id='word_1_14' title='bbox 825 316 968 359; x_wconf 83' lang='lat' dir='ltr'><strong>nescio</strong></span> <span class='ocrx_word' id='word_1_15' title='bbox 1000 316 1106 375; x_wconf 79' lang='lat' dir='ltr'><strong>quid</strong></span> <span class='ocrx_word' id='word_1_16' title='bbox 1142 317 1277 375; x_wconf 83' lang='lat' dir='ltr'><strong>majus</strong></span> <span class='ocrx_word' id='word_1_17' title='bbox 1308 316 1422 369; x_wconf 81' lang='lat' dir='ltr'><strong>dixi,</strong></span> 
     </span>
     <span class='ocr_line' id='line_1_3' title="bbox 41 386 1426 450; baseline -0.001 -17"><span class='ocrx_word' id='word_1_18' title='bbox 41 403 172 450; x_wconf 81' lang='lat' dir='ltr'><strong>quam</strong></span> <span class='ocrx_word' id='word_1_19' title='bbox 190 397 252 431; x_wconf 87' lang='lat' dir='ltr'><strong>est</strong></span> <span class='ocrx_word' id='word_1_20' title='bbox 275 408 282 431; x_wconf 79' lang='lat'>2</span> <span class='ocrx_word' id='word_1_21' title='bbox 314 407 333 428; x_wconf 88' lang='lat'>«</span> <span class='ocrx_word' id='word_1_22' title='bbox 360 388 449 432; x_wconf 88' lang='lat' dir='ltr'><strong>Sub</strong></span> <span class='ocrx_word' id='word_1_23' title='bbox 473 388 625 432; x_wconf 87' lang='lat' dir='ltr'><strong>arbore</strong></span> <span class='ocrx_word' id='word_1_24' title='bbox 644 387 712 431; x_wconf 76' lang='lat' dir='ltr'><strong>lici</strong></span> <span class='ocrx_word' id='word_1_25' title='bbox 734 387 821 431; x_wconf 85' lang='lat' dir='ltr'><strong>vidi</strong></span> <span class='ocrx_word' id='word_1_26' title='bbox 845 397 900 431; x_wconf 93' lang='lat' dir='ltr'><strong>tc.</strong></span> <span class='ocrx_word' id='word_1_27' title='bbox 932 404 950 427; x_wconf 70' lang='grc' dir='ltr'><strong>η</strong></span> <span class='ocrx_word' id='word_1_28' title='bbox 975 386 1075 430; x_wconf 87' lang='lat' dir='ltr'><strong>Plus</strong></span> <span class='ocrx_word' id='word_1_29' title='bbox 1090 387 1203 429; x_wconf 87' lang='lat' dir='ltr'><strong>enim</strong></span> <span class='ocrx_word' id='word_1_30' title='bbox 1228 387 1426 446; x_wconf 75' lang='lat' dir='ltr'>estquod</span> 
     </span>
     <span class='ocr_line' id='line_1_4' title="bbox 44 455 1426 517; baseline -0.002 -14"><span class='ocrx_word' id='word_1_31' title='bbox 44 475 120 504; x_wconf 91' lang='lat' dir='ltr'><strong>nos</strong></span> <span class='ocrx_word' id='word_1_32' title='bbox 141 458 345 503; x_wconf 83' lang='lat' dir='ltr'>Dominus</span> <span class='ocrx_word' id='word_1_33' title='bbox 367 466 540 502; x_wconf 89' lang='lat' dir='ltr'><strong>vocatos</strong></span> <span class='ocrx_word' id='word_1_34' title='bbox 558 457 830 517; x_wconf 83' lang='lat' dir='ltr'><strong>justificavit,</strong></span> <span class='ocrx_word' id='word_1_35' title='bbox 854 472 986 517; x_wconf 83' lang='lat' dir='ltr'><strong>quam</strong></span> <span class='ocrx_word' id='word_1_36' title='bbox 1009 455 1128 517; x_wconf 85' lang='lat' dir='ltr'><strong>quod</strong></span> <span class='ocrx_word' id='word_1_37' title='bbox 1156 456 1426 516; x_wconf 83' lang='lat' dir='ltr'><strong>viditjaccn-</strong></span> 
     </span>
     <span class='ocr_line' id='line_1_5' title="bbox 44 526 1430 586; baseline -0.003 -13"><span class='ocrx_word' id='word_1_38' title='bbox 44 540 104 574; x_wconf 90' lang='lat' dir='ltr'><strong>tes</strong></span> <span class='ocrx_word' id='word_1_39' title='bbox 121 529 202 572; x_wconf 89' lang='lat' dir='ltr'><strong>sub</strong></span> <span class='ocrx_word' id='word_1_40' title='bbox 223 529 374 572; x_wconf 86' lang='lat' dir='ltr'><strong>umbra</strong></span> <span class='ocrx_word' id='word_1_41' title='bbox 396 528 559 572; x_wconf 88' lang='lat' dir='ltr'><strong>mortis.</strong></span> <span class='ocrx_word' id='word_1_42' title='bbox 587 527 703 582; x_wconf 90' lang='lat' dir='ltr'>Quid</span> <span class='ocrx_word' id='word_1_43' title='bbox 720 529 837 571; x_wconf 91' lang='lat' dir='ltr'><strong>enim</strong></span> <span class='ocrx_word' id='word_1_44' title='bbox 858 527 984 572; x_wconf 90' lang='lat' dir='ltr'><strong>nobis</strong></span> <span class='ocrx_word' id='word_1_45' title='bbox 1002 526 1206 586; x_wconf 78' lang='lat' dir='ltr'>proderat</span> <span class='ocrx_word' id='word_1_46' title='bbox 1227 526 1261 570; x_wconf 91' lang='lat' dir='ltr'><strong>si</strong></span> <span class='ocrx_word' id='word_1_47' title='bbox 1280 527 1339 571; x_wconf 89' lang='lat' dir='ltr'><strong>ibi</strong></span> <span class='ocrx_word' id='word_1_48' title='bbox 1363 543 1430 570; x_wconf 86' lang='lat' dir='ltr'><strong>re-</strong></span> 
     </span>
     <span class='ocr_line' id='line_1_6' title="bbox 45 597 1432 658; baseline -0.002 -13"><span class='ocrx_word' id='word_1_49' title='bbox 45 601 369 651; x_wconf 73' lang='lat' dir='ltr'><strong>mansissemus,</strong></span> <span class='ocrx_word' id='word_1_50' title='bbox 411 599 487 644; x_wconf 87' lang='lat' dir='ltr'><strong>ubi</strong></span> <span class='ocrx_word' id='word_1_51' title='bbox 522 615 599 643; x_wconf 91' lang='lat' dir='ltr'><strong>nos</strong></span> <span class='ocrx_word' id='word_1_52' title='bbox 635 598 774 644; x_wconf 75' lang='lat' dir='ltr'><strong>vidit?</strong></span> <span class='ocrx_word' id='word_1_53' title='bbox 797 597 1018 658; x_wconf 82' lang='lat' dir='ltr'>Numquid</span> <span class='ocrx_word' id='word_1_54' title='bbox 1040 613 1128 642; x_wconf 90' lang='lat' dir='ltr'><strong>non</strong></span> <span class='ocrx_word' id='word_1_55' title='bbox 1159 599 1432 657; x_wconf 75' lang='lat' dir='ltr'>jaceremus?</span> 
     </span>
     <span class='ocr_line' id='line_1_7' title="bbox 44 667 1433 729; baseline -0.002 -14"><span class='ocrx_word' id='word_1_56' title='bbox 44 670 160 725; x_wconf 83' lang='lat' dir='ltr'>Quid</span> <span class='ocrx_word' id='word_1_57' title='bbox 176 679 238 714; x_wconf 89' lang='lat' dir='ltr'><strong>est</strong></span> <span class='ocrx_word' id='word_1_58' title='bbox 256 671 337 714; x_wconf 84' lang='lat' dir='ltr'><strong>lioe</strong></span> <span class='ocrx_word' id='word_1_59' title='bbox 361 671 529 729; x_wconf 77' lang='lat' dir='ltr'><strong>majus?</strong></span> <span class='ocrx_word' id='word_1_60' title='bbox 549 668 735 723; x_wconf 89' lang='lat' dir='ltr'>Quando</span> <span class='ocrx_word' id='word_1_61' title='bbox 750 669 937 714; x_wconf 92' lang='lat' dir='ltr'><strong>vidimus</strong></span> <span class='ocrx_word' id='word_1_62' title='bbox 951 668 1138 728; x_wconf 81' lang='lat' dir='ltr'><strong>Angelos</strong></span> <span class='ocrx_word' id='word_1_63' title='bbox 1154 667 1433 714; x_wconf 73' lang='lat' dir='ltr'><strong>ascendentes</strong></span> 
     </span>
     <span class='ocr_line' id='line_1_8' title="bbox 46 740 970 800; baseline -0.003 -14"><span class='ocrx_word' id='word_1_64' title='bbox 46 751 88 786; x_wconf 88' lang='lat' dir='ltr'><strong>et</strong></span> <span class='ocrx_word' id='word_1_65' title='bbox 109 741 421 785; x_wconf 76' lang='lat' dir='ltr'><strong>descendentes</strong></span> <span class='ocrx_word' id='word_1_66' title='bbox 444 756 572 800; x_wconf 88' lang='lat' dir='ltr'><strong>super</strong></span> <span class='ocrx_word' id='word_1_67' title='bbox 590 740 728 784; x_wconf 84' lang='lat' dir='ltr'><strong>filium</strong></span> <span class='ocrx_word' id='word_1_68' title='bbox 752 740 970 785; x_wconf 76' lang='lat' dir='ltr'><strong>hominis?</strong></span> 
     </span>
    </p>

    <p class='ocr_par' dir='ltr' id='par_1_3' title="bbox 1 809 1466 2569">
     <span class='ocr_line' id='line_1_9' title="bbox 106 809 1435 871; baseline -0.001 -16"><span class='ocrx_word' id='word_1_69' title='bbox 106 814 272 856; x_wconf 81' lang='lat' dir='ltr'><strong>xxm.</strong></span> <span class='ocrx_word' id='word_1_70' title='bbox 303 815 396 855; x_wconf 70' lang='lat' dir='ltr'><strong>,lam</strong></span> <span class='ocrx_word' id='word_1_71' title='bbox 421 812 656 871; x_wconf 76' lang='lat' dir='ltr'><strong>aliquando</strong></span> <span class='ocrx_word' id='word_1_72' title='bbox 679 810 814 856; x_wconf 90' lang='lat' dir='ltr'><strong>dehis</strong></span> <span class='ocrx_word' id='word_1_73' title='bbox 838 809 1173 856; x_wconf 81' lang='lat' dir='ltr'><strong>ascendentibus</strong></span> <span class='ocrx_word' id='word_1_74' title='bbox 1190 819 1234 855; x_wconf 91' lang='lat' dir='ltr'><strong>et</strong></span> <span class='ocrx_word' id='word_1_75' title='bbox 1254 809 1435 855; x_wconf 90' lang='lat' dir='ltr'><strong>descen-</strong></span> 
     </span>
     <span class='ocr_line' id='line_1_10' title="bbox 48 880 1436 940; baseline -0.001 -13"><span class='ocrx_word' id='word_1_76' title='bbox 48 883 252 927; x_wconf 86' lang='lat' dir='ltr'><strong>dentibus</strong></span> <span class='ocrx_word' id='word_1_77' title='bbox 273 881 448 940; x_wconf 78' lang='lat' dir='ltr'><strong>Angelis</strong></span> <span class='ocrx_word' id='word_1_78' title='bbox 467 883 656 926; x_wconf 80' lang='lat' dir='ltr'><strong>dixeram</strong></span> <span class='ocrx_word' id='word_1_79' title='bbox 681 902 691 939; x_wconf 78' lang='lat'><em>3</em></span> <span class='ocrx_word' id='word_1_80' title='bbox 713 881 787 926; x_wconf 92' lang='lat' dir='ltr'><strong>sed</strong></span> <span class='ocrx_word' id='word_1_81' title='bbox 809 897 863 926; x_wconf 91' lang='lat' dir='ltr'><strong>ne</strong></span> <span class='ocrx_word' id='word_1_82' title='bbox 884 880 1010 926; x_wconf 90' lang='lat' dir='ltr'><strong>obliti</strong></span> <span class='ocrx_word' id='word_1_83' title='bbox 1032 880 1198 925; x_wconf 86' lang='lat' dir='ltr'><strong>fueritis</strong></span> <span class='ocrx_word' id='word_1_84' title='bbox 1214 916 1225 936; x_wconf 97' lang='lat'><strong>,</strong></span> <span class='ocrx_word' id='word_1_85' title='bbox 1247 881 1436 926; x_wconf 85' lang='lat' dir='ltr'><strong>breviter</strong></span> 
     </span>
     <span class='ocr_line' id='line_1_11' title="bbox 49 951 1438 1013; baseline -0.001 -15"><span class='ocrx_word' id='word_1_86' title='bbox 49 954 148 998; x_wconf 91' lang='lat' dir='ltr'><strong>dico</strong></span> <span class='ocrx_word' id='word_1_87' title='bbox 168 962 375 1013; x_wconf 84' lang='lat' dir='ltr'><strong>tanquam</strong></span> <span class='ocrx_word' id='word_1_88' title='bbox 406 968 752 998; x_wconf 89' lang='lat' dir='ltr'><strong>commemorans</strong></span> <span class='ocrx_word' id='word_1_89' title='bbox 786 972 795 998; x_wconf 74' lang='grc' dir='ltr'><strong><em>ι</em></strong></span> <span class='ocrx_word' id='word_1_90' title='bbox 832 953 1032 1012; x_wconf 90' lang='lat' dir='ltr'><strong>pluribus</strong></span> <span class='ocrx_word' id='word_1_91' title='bbox 1053 953 1169 997; x_wconf 90' lang='lat' dir='ltr'><strong>enim</strong></span> <span class='ocrx_word' id='word_1_92' title='bbox 1192 951 1381 998; x_wconf 85' lang='lat' dir='ltr'><strong>dicerem</strong></span> <span class='ocrx_word' id='word_1_93' title='bbox 1403 954 1438 998; x_wconf 88' lang='lat' dir='ltr'><strong>si</strong></span> 
     </span>
     <span class='ocr_line' id='line_1_12' title="bbox 49 1022 1439 1079; baseline -0.001 -11"><span class='ocrx_word' id='word_1_94' title='bbox 49 1040 137 1069; x_wconf 92' lang='lat' dir='ltr'><strong>non</strong></span> <span class='ocrx_word' id='word_1_95' title='bbox 168 1039 553 1068; x_wconf 81' lang='lat' dir='ltr'><strong>commemorarem</strong></span> <span class='ocrx_word' id='word_1_96' title='bbox 569 1058 580 1079; x_wconf 92' lang='lat'><strong>,</strong></span> <span class='ocrx_word' id='word_1_97' title='bbox 606 1023 681 1067; x_wconf 91' lang='lat' dir='ltr'><strong>sed</strong></span> <span class='ocrx_word' id='word_1_98' title='bbox 704 1023 835 1068; x_wconf 92' lang='lat' dir='ltr'><strong>modo</strong></span> <span class='ocrx_word' id='word_1_99' title='bbox 857 1024 1138 1068; x_wconf 84' lang='lat' dir='ltr'><strong>insinuarem.</strong></span> <span class='ocrx_word' id='word_1_100' title='bbox 1167 1023 1308 1068; x_wconf 88' lang='lat' dir='ltr'><strong>Scalas</strong></span> <span class='ocrx_word' id='word_1_101' title='bbox 1329 1022 1439 1068; x_wconf 90' lang='lat' dir='ltr'><strong>vidit</strong></span> 
     </span>
     <span class='ocr_line' id='line_1_13' title="bbox 50 1093 1440 1154; baseline -0.001 -14"><span class='ocrx_word' id='word_1_102' title='bbox 50 1095 185 1140; x_wconf 88' lang='lat' dir='ltr'><strong>Jacob</strong></span> <span class='ocrx_word' id='word_1_103' title='bbox 207 1110 282 1154; x_wconf 89' lang='lat' dir='ltr'><strong>per</strong></span> <span class='ocrx_word' id='word_1_104' title='bbox 298 1095 514 1139; x_wconf 90' lang='lat' dir='ltr'><strong>somnium</strong></span> <span class='ocrx_word' id='word_1_105' title='bbox 530 1129 540 1149; x_wconf 90' lang='lat'><strong>,</strong></span> <span class='ocrx_word' id='word_1_106' title='bbox 561 1103 605 1138; x_wconf 91' lang='lat' dir='ltr'><strong>et</strong></span> <span class='ocrx_word' id='word_1_107' title='bbox 626 1094 671 1138; x_wconf 90' lang='lat' dir='ltr'><strong>in</strong></span> <span class='ocrx_word' id='word_1_108' title='bbox 689 1095 790 1154; x_wconf 89' lang='lat' dir='ltr'><strong>ipsis</strong></span> <span class='ocrx_word' id='word_1_109' title='bbox 807 1093 929 1138; x_wconf 88' lang='lat' dir='ltr'><strong>scalis</strong></span> <span class='ocrx_word' id='word_1_110' title='bbox 951 1093 1059 1139; x_wconf 86' lang='lat' dir='ltr'><strong>vidit</strong></span> <span class='ocrx_word' id='word_1_111' title='bbox 1076 1093 1266 1152; x_wconf 87' lang='lat' dir='ltr'><strong>Angelos</strong></span> <span class='ocrx_word' id='word_1_112' title='bbox 1287 1109 1440 1138; x_wconf 87' lang='lat' dir='ltr'><strong>ascen-</strong></span> 
     </span>
     <span class='ocr_line' id='line_1_14' title="bbox 49 1165 1441 1225; baseline 0 -15"><span class='ocrx_word' id='word_1_113' title='bbox 49 1165 203 1211; x_wconf 90' lang='lat' dir='ltr'><strong>dentes</strong></span> <span class='ocrx_word' id='word_1_114' title='bbox 236 1175 279 1210; x_wconf 89' lang='lat' dir='ltr'><strong>et</strong></span> <span class='ocrx_word' id='word_1_115' title='bbox 307 1165 618 1210; x_wconf 85' lang='lat' dir='ltr'><strong>descendentes</strong></span> <span class='ocrx_word' id='word_1_116' title='bbox 643 1184 651 1210; x_wconf 91' lang='lat'><strong>:</strong></span> <span class='ocrx_word' id='word_1_117' title='bbox 679 1174 721 1209; x_wconf 89' lang='lat' dir='ltr'><strong>et</strong></span> <span class='ocrx_word' id='word_1_118' title='bbox 747 1165 937 1225; x_wconf 89' lang='lat' dir='ltr'><strong>lapidem</strong></span> <span class='ocrx_word' id='word_1_119' title='bbox 968 1181 1099 1225; x_wconf 90' lang='lat' dir='ltr'><strong>quem</strong></span> <span class='ocrx_word' id='word_1_120' title='bbox 1135 1165 1217 1210; x_wconf 91' lang='lat' dir='ltr'><strong>sibi</strong></span> <span class='ocrx_word' id='word_1_121' title='bbox 1240 1175 1441 1225; x_wconf 88' lang='lat' dir='ltr'><strong>posuerat</strong></span> 
     </span>
     <span class='ocr_line' id='line_1_15' title="bbox 52 1234 1442 1296; baseline 0 -15"><span class='ocrx_word' id='word_1_122' title='bbox 52 1237 106 1281; x_wconf 90' lang='lat' dir='ltr'><strong>ad</strong></span> <span class='ocrx_word' id='word_1_123' title='bbox 130 1245 258 1296; x_wconf 88' lang='lat' dir='ltr'><strong>caput</strong></span> <span class='ocrx_word' id='word_1_124' title='bbox 271 1271 282 1289; x_wconf 91' lang='lat'><strong>,</strong></span> <span class='ocrx_word' id='word_1_125' title='bbox 309 1237 476 1279; x_wconf 72' lang='lat' dir='ltr'><strong>unxit‘2.</strong></span> <span class='ocrx_word' id='word_1_126' title='bbox 504 1234 694 1280; x_wconf 87' lang='lat' dir='ltr'><strong>Audistis</strong></span> <span class='ocrx_word' id='word_1_127' title='bbox 713 1236 814 1296; x_wconf 87' lang='lat' dir='ltr'><strong>quia</strong></span> <span class='ocrx_word' id='word_1_128' title='bbox 837 1236 1011 1281; x_wconf 88' lang='lat' dir='ltr'><strong>Messias</strong></span> <span class='ocrx_word' id='word_1_129' title='bbox 1031 1236 1230 1282; x_wconf 88' lang='lat' dir='ltr'><strong>Christus</strong></span> <span class='ocrx_word' id='word_1_130' title='bbox 1249 1246 1312 1281; x_wconf 90' lang='lat' dir='ltr'><strong>est</strong></span> <span class='ocrx_word' id='word_1_131' title='bbox 1326 1272 1342 1292; x_wconf 93' lang='lat'><strong>,</strong></span> <span class='ocrx_word' id='word_1_132' title='bbox 1361 1252 1442 1281; x_wconf 92' lang='lat' dir='ltr'><strong>au-</strong></span> 
     </span>
     <span class='ocr_line' id='line_1_16' title="bbox 52 1308 1443 1368; baseline 0 -15"><span class='ocrx_word' id='word_1_133' title='bbox 52 1308 173 1353; x_wconf 89' lang='lat' dir='ltr'><strong>distis</strong></span> <span class='ocrx_word' id='word_1_134' title='bbox 201 1308 301 1368; x_wconf 86' lang='lat' dir='ltr'><strong>quia</strong></span> <span class='ocrx_word' id='word_1_135' title='bbox 320 1317 478 1352; x_wconf 89' lang='lat' dir='ltr'><strong>unctus</strong></span> <span class='ocrx_word' id='word_1_136' title='bbox 499 1308 697 1352; x_wconf 89' lang='lat' dir='ltr'><strong>Christus</strong></span> <span class='ocrx_word' id='word_1_137' title='bbox 719 1317 798 1352; x_wconf 88' lang='lat' dir='ltr'><strong>est.</strong></span> <span class='ocrx_word' id='word_1_138' title='bbox 819 1310 917 1354; x_wconf 93' lang='lat' dir='ltr'><strong>Non</strong></span> <span class='ocrx_word' id='word_1_139' title='bbox 934 1309 1050 1352; x_wconf 90' lang='lat' dir='ltr'><strong>enim</strong></span> <span class='ocrx_word' id='word_1_140' title='bbox 1074 1308 1134 1353; x_wconf 93' lang='lat' dir='ltr'><strong>sic</strong></span> <span class='ocrx_word' id='word_1_141' title='bbox 1162 1309 1308 1368; x_wconf 86' lang='lat' dir='ltr'><strong>posuit</strong></span> <span class='ocrx_word' id='word_1_142' title='bbox 1330 1308 1443 1368; x_wconf 88' lang='lat' dir='ltr'><strong>lapi-</strong></span> 
     </span>
     <span class='ocr_line' id='line_1_17' title="bbox 52 1377 1444 1439; baseline 0 -16"><span class='ocrx_word' id='word_1_143' title='bbox 52 1378 152 1423; x_wconf 85' lang='lat' dir='ltr'><strong>dem</strong></span> <span class='ocrx_word' id='word_1_144' title='bbox 175 1387 357 1422; x_wconf 87' lang='lat' dir='ltr'><strong>unctum</strong></span> <span class='ocrx_word' id='word_1_145' title='bbox 375 1412 386 1433; x_wconf 91' lang='lat'><strong>,</strong></span> <span class='ocrx_word' id='word_1_146' title='bbox 414 1386 464 1422; x_wconf 90' lang='lat' dir='ltr'><strong>ut</strong></span> <span class='ocrx_word' id='word_1_147' title='bbox 481 1378 648 1423; x_wconf 88' lang='lat' dir='ltr'><strong>veniret</strong></span> <span class='ocrx_word' id='word_1_148' title='bbox 664 1388 708 1423; x_wconf 90' lang='lat' dir='ltr'><strong>et</strong></span> <span class='ocrx_word' id='word_1_149' title='bbox 728 1377 928 1424; x_wconf 86' lang='lat' dir='ltr'><strong>adoraret</strong></span> <span class='ocrx_word' id='word_1_150' title='bbox 951 1397 960 1424; x_wconf 90' lang='lat'>:</span> <span class='ocrx_word' id='word_1_151' title='bbox 986 1378 1180 1439; x_wconf 86' lang='lat' dir='ltr'><strong>alioquin</strong></span> <span class='ocrx_word' id='word_1_152' title='bbox 1197 1377 1444 1424; x_wconf 88' lang='lat' dir='ltr'><strong>idololatria</strong></span> 
     </span>
     <span class='ocr_line' id='line_1_18' title="bbox 53 1449 1442 1509; baseline 0.001 -15"><span class='ocrx_word' id='word_1_153' title='bbox 53 1459 180 1504; x_wconf 83' lang='lat' dir='ltr'><strong>esset,</strong></span> <span class='ocrx_word' id='word_1_154' title='bbox 207 1464 296 1494; x_wconf 93' lang='lat' dir='ltr'><strong>non</strong></span> <span class='ocrx_word' id='word_1_155' title='bbox 315 1449 571 1508; x_wconf 86' lang='lat' dir='ltr'><strong>significatio</strong></span> <span class='ocrx_word' id='word_1_156' title='bbox 589 1450 764 1495; x_wconf 88' lang='lat' dir='ltr'><strong>Christi.</strong></span> <span class='ocrx_word' id='word_1_157' title='bbox 792 1453 924 1494; x_wconf 87' lang='lat' dir='ltr'><strong>Facta</strong></span> <span class='ocrx_word' id='word_1_158' title='bbox 946 1458 1011 1494; x_wconf 91' lang='lat' dir='ltr'><strong>est</strong></span> <span class='ocrx_word' id='word_1_159' title='bbox 1032 1465 1136 1509; x_wconf 84' lang='lat' dir='ltr'><strong>ergo</strong></span> <span class='ocrx_word' id='word_1_160' title='bbox 1159 1450 1442 1509; x_wconf 78' lang='lat' dir='ltr'><strong>significatio,</strong></span> 
     </span>
     <span class='ocr_line' id='line_1_19' title="bbox 54 1508 1447 1580; baseline 0.001 -16"><span class='ocrx_word' id='word_1_161' title='bbox 54 1535 143 1580; x_wconf 90' lang='lat' dir='ltr'><strong>quo</strong></span> <span class='ocrx_word' id='word_1_162' title='bbox 161 1534 297 1580; x_wconf 92' lang='lat' dir='ltr'><strong>usque</strong></span> <span class='ocrx_word' id='word_1_163' title='bbox 313 1520 507 1579; x_wconf 87' lang='lat' dir='ltr'><strong>oportuit</strong></span> <span class='ocrx_word' id='word_1_164' title='bbox 525 1520 616 1564; x_wconf 87' lang='lat' dir='ltr'><strong>fieri</strong></span> <span class='ocrx_word' id='word_1_165' title='bbox 634 1508 992 1580; x_wconf 62' lang='lat' dir='ltr'><strong>significationem</strong></span> <span class='ocrx_word' id='word_1_166' title='bbox 1007 1555 1019 1576; x_wconf 94' lang='lat'><strong>,</strong></span> <span class='ocrx_word' id='word_1_167' title='bbox 1043 1529 1087 1565; x_wconf 89' lang='lat' dir='ltr'><strong>et</strong></span> <span class='ocrx_word' id='word_1_168' title='bbox 1104 1520 1369 1578; x_wconf 85' lang='lat' dir='ltr'><strong>significatus</strong></span> <span class='ocrx_word' id='word_1_169' title='bbox 1384 1529 1447 1565; x_wconf 88' lang='lat' dir='ltr'><strong>est</strong></span> 
     </span>
     <span class='ocr_line' id='line_1_20' title="bbox 55 1589 1444 1650; baseline -0.001 -13"><span class='ocrx_word' id='word_1_170' title='bbox 55 1590 267 1637; x_wconf 85' lang='lat' dir='ltr'><strong>Christus.</strong></span> <span class='ocrx_word' id='word_1_171' title='bbox 285 1591 412 1650; x_wconf 90' lang='lat' dir='ltr'><strong>Lapis</strong></span> <span class='ocrx_word' id='word_1_172' title='bbox 435 1599 610 1645; x_wconf 90' lang='lat' dir='ltr'><strong>unctus,</strong></span> <span class='ocrx_word' id='word_1_173' title='bbox 634 1589 710 1635; x_wconf 90' lang='lat' dir='ltr'><strong>sed</strong></span> <span class='ocrx_word' id='word_1_174' title='bbox 733 1591 885 1635; x_wconf 92' lang='lat' dir='ltr'><strong>nonin</strong></span> <span class='ocrx_word' id='word_1_175' title='bbox 906 1590 1090 1636; x_wconf 91' lang='lat' dir='ltr'><strong>idolum.</strong></span> <span class='ocrx_word' id='word_1_176' title='bbox 1118 1591 1245 1650; x_wconf 89' lang='lat' dir='ltr'><strong>Lapis</strong></span> <span class='ocrx_word' id='word_1_177' title='bbox 1263 1600 1444 1636; x_wconf 90' lang='lat' dir='ltr'><strong>unctus:</strong></span> 
     </span>
     <span class='ocr_line' id='line_1_21' title="bbox 60 1660 1448 1721; baseline 0.001 -17"><span class='ocrx_word' id='word_1_178' title='bbox 60 1680 80 1704; x_wconf 92' lang='lat'>«</span> <span class='ocrx_word' id='word_1_179' title='bbox 116 1660 242 1721; x_wconf 90' lang='lat' dir='ltr'><strong>Lapis</strong></span> <span class='ocrx_word' id='word_1_180' title='bbox 277 1662 445 1721; x_wconf 79' lang='lat' dir='ltr'><strong>quare?</strong></span> <span class='ocrx_word' id='word_1_181' title='bbox 479 1663 591 1705; x_wconf 91' lang='lat' dir='ltr'><strong>Ecce</strong></span> <span class='ocrx_word' id='word_1_182' title='bbox 624 1676 741 1720; x_wconf 88' lang='lat' dir='ltr'><strong>pono</strong></span> <span class='ocrx_word' id='word_1_183' title='bbox 771 1661 816 1705; x_wconf 90' lang='lat' dir='ltr'><strong>in</strong></span> <span class='ocrx_word' id='word_1_184' title='bbox 851 1661 953 1706; x_wconf 88' lang='lat' dir='ltr'><strong>Sion</strong></span> <span class='ocrx_word' id='word_1_185' title='bbox 991 1660 1185 1720; x_wconf 88' lang='lat' dir='ltr'><strong>lapidem</strong></span> <span class='ocrx_word' id='word_1_186' title='bbox 1230 1660 1418 1706; x_wconf 91' lang='lat' dir='ltr'><strong>electum</strong></span> <span class='ocrx_word' id='word_1_187' title='bbox 1436 1696 1448 1716; x_wconf 92' lang='lat'><strong>,</strong></span> 
     </span>
     <span class='ocr_line' id='line_1_22' title="bbox 61 1730 1452 1792; baseline 0.003 -19"><span class='ocrx_word' id='word_1_188' title='bbox 61 1751 82 1774; x_wconf 88' lang='lat'>»</span> <span class='ocrx_word' id='word_1_189' title='bbox 118 1732 353 1792; x_wconf 88' lang='lat' dir='ltr'><strong>pretiosum</strong></span> <span class='ocrx_word' id='word_1_190' title='bbox 368 1766 378 1785; x_wconf 89' lang='lat'><strong>,</strong></span> <span class='ocrx_word' id='word_1_191' title='bbox 414 1739 457 1774; x_wconf 88' lang='lat' dir='ltr'><strong>et</strong></span> <span class='ocrx_word' id='word_1_192' title='bbox 480 1732 556 1791; x_wconf 89' lang='lat' dir='ltr'><strong>qui</strong></span> <span class='ocrx_word' id='word_1_193' title='bbox 590 1730 825 1776; x_wconf 88' lang='lat' dir='ltr'><strong>crediderit</strong></span> <span class='ocrx_word' id='word_1_194' title='bbox 846 1732 892 1775; x_wconf 88' lang='lat' dir='ltr'><strong>iu</strong></span> <span class='ocrx_word' id='word_1_195' title='bbox 922 1730 1048 1775; x_wconf 91' lang='lat' dir='ltr'><strong>illum</strong></span> <span class='ocrx_word' id='word_1_196' title='bbox 1065 1766 1076 1787; x_wconf 96' lang='lat'><strong>,</strong></span> <span class='ocrx_word' id='word_1_197' title='bbox 1101 1747 1192 1776; x_wconf 92' lang='lat' dir='ltr'><strong>non</strong></span> <span class='ocrx_word' id='word_1_198' title='bbox 1213 1731 1452 1777; x_wconf 73' lang='lat' dir='ltr'><strong>confunde-</strong></span> 
     </span>
     <span class='ocr_line' id='line_1_23' title="bbox 62 1802 1453 1857; baseline 0.003 -13"><span class='ocrx_word' id='word_1_199' title='bbox 62 1822 82 1844; x_wconf 89' lang='lat'>»</span> <span class='ocrx_word' id='word_1_200' title='bbox 119 1803 229 1847; x_wconf 82' lang='lat' dir='ltr'><strong>tur³.</strong></span> <span class='ocrx_word' id='word_1_201' title='bbox 253 1823 268 1843; x_wconf 84' lang='lat'>»</span> <span class='ocrx_word' id='word_1_202' title='bbox 290 1804 433 1855; x_wconf 87' lang='lat' dir='ltr'><strong>Quare</strong></span> <span class='ocrx_word' id='word_1_203' title='bbox 456 1811 613 1846; x_wconf 90' lang='lat' dir='ltr'><strong>unctus</strong></span> <span class='ocrx_word' id='word_1_204' title='bbox 631 1804 649 1846; x_wconf 80' lang='grc' dir='ltr'><em>Ρ</em></span> <span class='ocrx_word' id='word_1_205' title='bbox 671 1804 779 1855; x_wconf 83' lang='lat' dir='ltr'><strong>Quia</strong></span> <span class='ocrx_word' id='word_1_206' title='bbox 801 1802 997 1848; x_wconf 85' lang='lat' dir='ltr'><strong>Christus</strong></span> <span class='ocrx_word' id='word_1_207' title='bbox 1015 1818 1039 1847; x_wconf 91' lang='lat' dir='ltr'><strong>a</strong></span> <span class='ocrx_word' id='word_1_208' title='bbox 1061 1803 1309 1849; x_wconf 88' lang='lat' dir='ltr'><strong>chrismate.</strong></span> <span class='ocrx_word' id='word_1_209' title='bbox 1335 1803 1453 1857; x_wconf 90' lang='lat' dir='ltr'><strong>Quid</strong></span> 
     </span>
     <span class='ocr_line' id='line_1_24' title="bbox 61 1873 1454 1920; baseline 0.001 -1"><span class='ocrx_word' id='word_1_210' title='bbox 61 1883 205 1919; x_wconf 88' lang='lat' dir='ltr'><strong>autem</strong></span> <span class='ocrx_word' id='word_1_211' title='bbox 238 1873 346 1917; x_wconf 82' lang='lat' dir='ltr'><strong>vidit</strong></span> <span class='ocrx_word' id='word_1_212' title='bbox 370 1882 474 1917; x_wconf 91' lang='lat' dir='ltr'><strong>tunc</strong></span> <span class='ocrx_word' id='word_1_213' title='bbox 506 1874 551 1917; x_wconf 93' lang='lat' dir='ltr'><strong>in</strong></span> <span class='ocrx_word' id='word_1_214' title='bbox 573 1873 729 1918; x_wconf 83' lang='lat' dir='ltr'><strong>scalis?</strong></span> <span class='ocrx_word' id='word_1_215' title='bbox 758 1874 1039 1918; x_wconf 89' lang='lat' dir='ltr'><strong>ascendentes</strong></span> <span class='ocrx_word' id='word_1_216' title='bbox 1072 1883 1115 1919; x_wconf 87' lang='lat' dir='ltr'><strong>et</strong></span> <span class='ocrx_word' id='word_1_217' title='bbox 1142 1874 1454 1920; x_wconf 88' lang='lat' dir='ltr'><strong>descendentes</strong></span> 
     </span>
     <span class='ocr_line' id='line_1_25' title="bbox 61 1944 1457 2003; baseline 0.001 -13"><span class='ocrx_word' id='word_1_218' title='bbox 61 1944 262 2003; x_wconf 81' lang='lat' dir='ltr'><strong>Angelos.</strong></span> <span class='ocrx_word' id='word_1_219' title='bbox 300 1944 367 1988; x_wconf 88' lang='lat' dir='ltr'><strong>Sic</strong></span> <span class='ocrx_word' id='word_1_220' title='bbox 399 1953 461 1988; x_wconf 89' lang='lat' dir='ltr'><strong>est</strong></span> <span class='ocrx_word' id='word_1_221' title='bbox 491 1951 534 1988; x_wconf 84' lang='lat' dir='ltr'><strong>et</strong></span> <span class='ocrx_word' id='word_1_222' title='bbox 559 1944 775 2000; x_wconf 88' lang='lat' dir='ltr'><strong>Ecclesia,</strong></span> <span class='ocrx_word' id='word_1_223' title='bbox 814 1944 967 1990; x_wconf 88' lang='lat' dir='ltr'><strong>fratres</strong></span> <span class='ocrx_word' id='word_1_224' title='bbox 997 1963 1006 1989; x_wconf 78' lang='lat' dir='ltr'><strong>t</strong></span> <span class='ocrx_word' id='word_1_225' title='bbox 1032 1945 1187 2003; x_wconf 86' lang='lat' dir='ltr'><strong>Angeli</strong></span> <span class='ocrx_word' id='word_1_226' title='bbox 1214 1946 1318 2001; x_wconf 88' lang='lat' dir='ltr'><strong>Dei,</strong></span> <span class='ocrx_word' id='word_1_227' title='bbox 1352 1946 1457 1991; x_wconf 89' lang='lat' dir='ltr'><strong>boni</strong></span> 
     </span>
     <span class='ocr_line' id='line_1_26' title="bbox 62 2014 1458 2076; baseline 0.001 -17"><span class='ocrx_word' id='word_1_228' title='bbox 62 2016 382 2076; x_wconf 64' lang='lat' dir='ltr'><strong>praedicatores,</strong></span> <span class='ocrx_word' id='word_1_229' title='bbox 399 2014 683 2074; x_wconf 76' lang='lat' dir='ltr'><strong>praedicantes</strong></span> <span class='ocrx_word' id='word_1_230' title='bbox 705 2015 925 2060; x_wconf 90' lang='lat' dir='ltr'><strong>Christum</strong></span> <span class='ocrx_word' id='word_1_231' title='bbox 946 2015 1055 2060; x_wconf 86' lang='lat' dir='ltr'><strong>:hoc</strong></span> <span class='ocrx_word' id='word_1_232' title='bbox 1072 2025 1151 2071; x_wconf 88' lang='lat' dir='ltr'><strong>est,</strong></span> <span class='ocrx_word' id='word_1_233' title='bbox 1169 2032 1298 2076; x_wconf 89' lang='lat' dir='ltr'><strong>super</strong></span> <span class='ocrx_word' id='word_1_234' title='bbox 1317 2017 1458 2061; x_wconf 89' lang='lat' dir='ltr'><strong>filium</strong></span> 
     </span>
     <span class='ocr_line' id='line_1_27' title="bbox 1 2084 1453 2144; baseline 0.001 -13"><span class='ocrx_word' id='word_1_235' title='bbox 1 2092 9 2103; x_wconf 84' lang='lat'><strong><em>‘</em></strong></span> <span class='ocrx_word' id='word_1_236' title='bbox 62 2085 251 2131; x_wconf 87' lang='lat' dir='ltr'><strong>hominis</strong></span> <span class='ocrx_word' id='word_1_237' title='bbox 285 2084 527 2128; x_wconf 88' lang='lat' dir='ltr'><strong>ascendunt</strong></span> <span class='ocrx_word' id='word_1_238' title='bbox 549 2093 593 2129; x_wconf 89' lang='lat' dir='ltr'><strong>et</strong></span> <span class='ocrx_word' id='word_1_239' title='bbox 614 2084 902 2131; x_wconf 90' lang='lat' dir='ltr'><strong>descendunt.</strong></span> <span class='ocrx_word' id='word_1_240' title='bbox 929 2085 1162 2140; x_wconf 90' lang='lat' dir='ltr'><strong>Quomodo</strong></span> <span class='ocrx_word' id='word_1_241' title='bbox 1184 2087 1427 2132; x_wconf 85' lang='lat' dir='ltr'><strong>ascendunt</strong></span> <span class='ocrx_word' id='word_1_242' title='bbox 1442 2123 1453 2144; x_wconf 91' lang='lat'><strong>,</strong></span> 
     </span>
     <span class='ocr_line' id='line_1_28' title="bbox 64 2155 1454 2218; baseline 0.001 -17"><span class='ocrx_word' id='word_1_243' title='bbox 64 2167 109 2201; x_wconf 87' lang='lat' dir='ltr'><strong>et</strong></span> <span class='ocrx_word' id='word_1_244' title='bbox 135 2155 358 2216; x_wconf 86' lang='lat' dir='ltr'><strong>quomodo</strong></span> <span class='ocrx_word' id='word_1_245' title='bbox 385 2155 692 2200; x_wconf 76' lang='lat' dir='ltr'><strong>descendunt?</strong></span> <span class='ocrx_word' id='word_1_246' title='bbox 714 2158 780 2200; x_wconf 84' lang='lat' dir='ltr'><strong>Ex</strong></span> <span class='ocrx_word' id='word_1_247' title='bbox 813 2172 903 2200; x_wconf 92' lang='lat' dir='ltr'><strong>uno</strong></span> <span class='ocrx_word' id='word_1_248' title='bbox 924 2157 1139 2201; x_wconf 89' lang='lat' dir='ltr'><strong>habemus</strong></span> <span class='ocrx_word' id='word_1_249' title='bbox 1169 2157 1420 2218; x_wconf 82' lang='lat' dir='ltr'><strong>exemplum</strong></span> <span class='ocrx_word' id='word_1_250' title='bbox 1445 2177 1454 2203; x_wconf 75' lang='grc' dir='ltr'>ε</span> 
     </span>
     <span class='ocr_line' id='line_1_29' title="bbox 66 2224 1458 2288; baseline 0.001 -16"><span class='ocrx_word' id='word_1_251' title='bbox 66 2226 168 2272; x_wconf 91' lang='lat' dir='ltr'><strong>audi</strong></span> <span class='ocrx_word' id='word_1_252' title='bbox 191 2224 438 2285; x_wconf 88' lang='lat' dir='ltr'><strong>apostolum</strong></span> <span class='ocrx_word' id='word_1_253' title='bbox 470 2225 654 2269; x_wconf 85' lang='lat' dir='ltr'><strong>Paulum</strong></span> <span class='ocrx_word' id='word_1_254' title='bbox 678 2246 689 2283; x_wconf 79' lang='lat'>3</span> <span class='ocrx_word' id='word_1_255' title='bbox 713 2226 834 2287; x_wconf 87' lang='lat' dir='ltr'><strong>quod</strong></span> <span class='ocrx_word' id='word_1_256' title='bbox 851 2227 897 2270; x_wconf 94' lang='lat' dir='ltr'><strong>in</strong></span> <span class='ocrx_word' id='word_1_257' title='bbox 919 2227 1012 2288; x_wconf 90' lang='lat' dir='ltr'><strong>ipso</strong></span> <span class='ocrx_word' id='word_1_258' title='bbox 1033 2228 1350 2283; x_wconf 87' lang='lat' dir='ltr'><strong>invenerimus,</strong></span> <span class='ocrx_word' id='word_1_259' title='bbox 1375 2229 1458 2273; x_wconf 90' lang='lat' dir='ltr'><strong>hoc</strong></span> 
     </span>
     <span class='ocr_line' id='line_1_30' title="bbox 67 2297 1461 2358; baseline 0 -14"><span class='ocrx_word' id='word_1_260' title='bbox 67 2300 122 2344; x_wconf 90' lang='lat' dir='ltr'><strong>de</strong></span> <span class='ocrx_word' id='word_1_261' title='bbox 144 2299 311 2343; x_wconf 83' lang='lat' dir='ltr'><strong>caeteris</strong></span> <span class='ocrx_word' id='word_1_262' title='bbox 332 2298 521 2342; x_wconf 85' lang='lat' dir='ltr'><strong>veritatis</strong></span> <span class='ocrx_word' id='word_1_263' title='bbox 552 2297 912 2358; x_wconf 67' lang='lat' dir='ltr'><strong>praedicatoribus</strong></span> <span class='ocrx_word' id='word_1_264' title='bbox 944 2298 1186 2344; x_wconf 84' lang='lat' dir='ltr'><strong>credamus.</strong></span> <span class='ocrx_word' id='word_1_265' title='bbox 1213 2300 1323 2344; x_wconf 88' lang='lat' dir='ltr'><strong>Vide</strong></span> <span class='ocrx_word' id='word_1_266' title='bbox 1345 2303 1461 2344; x_wconf 84' lang='lat' dir='ltr'><strong>Pau-</strong></span> 
     </span>
     <span class='ocr_line' id='line_1_31' title="bbox 67 2368 1461 2414; baseline 0.001 -1"><span class='ocrx_word' id='word_1_267' title='bbox 67 2369 160 2414; x_wconf 90' lang='lat' dir='ltr'><strong>lum</strong></span> <span class='ocrx_word' id='word_1_268' title='bbox 183 2368 486 2412; x_wconf 87' lang='lat' dir='ltr'><strong>ascendentem</strong></span> <span class='ocrx_word' id='word_1_269' title='bbox 504 2386 512 2412; x_wconf 87' lang='lat'>:</span> <span class='ocrx_word' id='word_1_270' title='bbox 536 2387 556 2410; x_wconf 84' lang='lat'>«</span> <span class='ocrx_word' id='word_1_271' title='bbox 577 2368 673 2413; x_wconf 89' lang='lat' dir='ltr'><strong>Scio</strong></span> <span class='ocrx_word' id='word_1_272' title='bbox 695 2369 921 2413; x_wconf 91' lang='lat' dir='ltr'><strong>hominem</strong></span> <span class='ocrx_word' id='word_1_273' title='bbox 943 2369 988 2413; x_wconf 89' lang='lat' dir='ltr'><strong>in</strong></span> <span class='ocrx_word' id='word_1_274' title='bbox 1007 2370 1181 2414; x_wconf 86' lang='lat' dir='ltr'><strong>Christo</strong></span> <span class='ocrx_word' id='word_1_275' title='bbox 1202 2378 1302 2414; x_wconf 82' lang='lat' dir='ltr'><strong>ante</strong></span> <span class='ocrx_word' id='word_1_276' title='bbox 1325 2385 1461 2414; x_wconf 87' lang='lat' dir='ltr'><strong>annos</strong></span> 
     </span>
     <span class='ocr_line' id='line_1_32' title="bbox 72 2437 1463 2500; baseline 0.003 -20"><span class='ocrx_word' id='word_1_277' title='bbox 72 2457 93 2481; x_wconf 88' lang='lat'>»</span> <span class='ocrx_word' id='word_1_278' title='bbox 128 2437 460 2498; x_wconf 84' lang='lat' dir='ltr'><strong>quatuordecim</strong></span> <span class='ocrx_word' id='word_1_279' title='bbox 485 2447 659 2498; x_wconf 88' lang='lat' dir='ltr'><strong>raptum</strong></span> <span class='ocrx_word' id='word_1_280' title='bbox 695 2438 826 2483; x_wconf 86' lang='lat' dir='ltr'><strong>fuisse</strong></span> <span class='ocrx_word' id='word_1_281' title='bbox 846 2454 988 2500; x_wconf 91' lang='lat' dir='ltr'><strong>usque</strong></span> <span class='ocrx_word' id='word_1_282' title='bbox 1011 2440 1054 2483; x_wconf 93' lang='lat' dir='ltr'><strong>in</strong></span> <span class='ocrx_word' id='word_1_283' title='bbox 1077 2440 1254 2484; x_wconf 86' lang='lat' dir='ltr'><strong>tertium</strong></span> <span class='ocrx_word' id='word_1_284' title='bbox 1275 2439 1436 2484; x_wconf 88' lang='lat' dir='ltr'><strong>coelum</strong></span> <span class='ocrx_word' id='word_1_285' title='bbox 1451 2474 1463 2495; x_wconf 88' lang='lat'><strong>,</strong></span> 
     </span>
     <span class='ocr_line' id='line_1_33' title="bbox 74 2509 1466 2569; baseline 0.003 -18"><span class='ocrx_word' id='word_1_286' title='bbox 74 2529 95 2551; x_wconf 85' lang='lat'>»</span> <span class='ocrx_word' id='word_1_287' title='bbox 131 2510 217 2553; x_wconf 90' lang='lat' dir='ltr'><strong>sive</strong></span> <span class='ocrx_word' id='word_1_288' title='bbox 239 2510 285 2553; x_wconf 89' lang='lat' dir='ltr'><strong>in</strong></span> <span class='ocrx_word' id='word_1_289' title='bbox 309 2524 516 2568; x_wconf 79' lang='lat' dir='ltr'><strong>corpore,</strong></span> <span class='ocrx_word' id='word_1_290' title='bbox 543 2509 631 2553; x_wconf 82' lang='lat' dir='ltr'><strong>sive</strong></span> <span class='ocrx_word' id='word_1_291' title='bbox 650 2518 767 2554; x_wconf 78' lang='lat' dir='ltr'><strong>extra</strong></span> <span class='ocrx_word' id='word_1_292' title='bbox 789 2525 945 2569; x_wconf 90' lang='lat' dir='ltr'><strong>corpus</strong></span> <span class='ocrx_word' id='word_1_293' title='bbox 966 2511 1126 2566; x_wconf 89' lang='lat' dir='ltr'><strong>nescio,</strong></span> <span class='ocrx_word' id='word_1_294' title='bbox 1148 2514 1261 2555; x_wconf 92' lang='lat' dir='ltr'><strong>Deus</strong></span> <span class='ocrx_word' id='word_1_295' title='bbox 1284 2512 1361 2554; x_wconf 88' lang='lat' dir='ltr'><strong>scit</strong></span> <span class='ocrx_word' id='word_1_296' title='bbox 1388 2530 1396 2556; x_wconf 91' lang='lat'><strong>:</strong></span> <span class='ocrx_word' id='word_1_297' title='bbox 1422 2520 1466 2555; x_wconf 88' lang='lat' dir='ltr'><strong>et</strong></span> 
     </span>
    </p>
   </div>
   <div class='ocr_carea' id='block_1_3' title="bbox 121 2592 1341 2633">
    <p class='ocr_par' dir='ltr' id='par_1_4' title="bbox 121 2592 1341 2633">
     <span class='ocr_line' id='line_1_34' title="bbox 121 2592 1341 2633; baseline 0.002 -10"><span class='ocrx_word' id='word_1_298' title='bbox 121 2601 128 2616; x_wconf 84' lang='lat'>¹</span> <span class='ocrx_word' id='word_1_299' title='bbox 148 2597 224 2624; x_wconf 64' lang='lat' dir='ltr'><strong>(len.</strong></span> <span class='ocrx_word' id='word_1_300' title='bbox 255 2605 364 2633; x_wconf 51' lang='lat' dir='ltr'><strong>xxviii,</strong></span> <span class='ocrx_word' id='word_1_301' title='bbox 393 2604 425 2624; x_wconf 58' lang='lat' dir='ltr'><strong>i}</strong></span> <span class='ocrx_word' id='word_1_302' title='bbox 472 2611 500 2615; x_wconf 90' lang='lat'><strong>-</strong></span> <span class='ocrx_word' id='word_1_303' title='bbox 524 2601 533 2615; x_wconf 72' lang='lat'>⁷</span> <span class='ocrx_word' id='word_1_304' title='bbox 551 2593 630 2626; x_wconf 86' lang='lat' dir='ltr'><strong>lbid.</strong></span> <span class='ocrx_word' id='word_1_305' title='bbox 660 2595 706 2625; x_wconf 70' lang='grc' dir='ltr'><strong>ιδ.</strong></span> <span class='ocrx_word' id='word_1_306' title='bbox 731 2611 768 2617; x_wconf 85' lang='lat'><strong>-—</strong></span> <span class='ocrx_word' id='word_1_307' title='bbox 791 2592 803 2616; x_wconf 78' lang='lat'>3</span> <span class='ocrx_word' id='word_1_308' title='bbox 822 2596 892 2625; x_wconf 74' lang='lat' dir='ltr'><strong>lsai.</strong></span> <span class='ocrx_word' id='word_1_309' title='bbox 913 2605 1022 2633; x_wconf 67' lang='lat' dir='ltr'><strong>xxviii,</strong></span> <span class='ocrx_word' id='word_1_310' title='bbox 1046 2595 1097 2627; x_wconf 81' lang='lat'><strong>16:</strong></span> <span class='ocrx_word' id='word_1_311' title='bbox 1118 2603 1136 2626; x_wconf 70' lang='lat'><strong>‘2</strong></span> <span class='ocrx_word' id='word_1_312' title='bbox 1156 2597 1239 2626; x_wconf 77' lang='lat' dir='ltr'><strong>Petr.</strong></span> <span class='ocrx_word' id='word_1_313' title='bbox 1257 2606 1290 2631; x_wconf 78' lang='lat' dir='ltr'><strong>ii,</strong></span> <span class='ocrx_word' id='word_1_314' title='bbox 1310 2595 1341 2626; x_wconf 81' lang='lat'><strong>6.</strong></span> 
     </span>
    </p>
   </div>
  </div>
 </body>
</html>
