1809 3173
363 167 418 206 66
795 172 828 202 s.
865 173 1093 204 Aucus'nm
1127 177 1306 205 Emscom

366 338 399 355 Ἃ
406 337 1243 356 mvvmnvvvsmmwmwmmmmmmmmlmmmwu
1249 339 1314 356 m
1318 337 1456 356 ΛΜΛΜΜ
1460 339 1527 355 svm
1531 339 1739 355 mmmm

781 467 1186 514 TRACTATUS
1220 469 1285 513 XI
1299 463 1329 513 ¹.

357 605 425 652 Ab
454 621 506 650 eo
537 604 657 665 quod
677 605 885 665 scriptum
907 614 972 649 est
993 640 1004 660 ,
1034 604 1155 649 Cam
1176 613 1340 649 autem
1362 613 1484 649 esset
1503 604 1742 665 Jerosoly-

415 677 504 720 mis
527 676 575 720 in
602 674 805 721 Pascha
831 677 880 720 ιή
907 673 985 720 die
1007 675 1170 737 festo,
1194 673 1330 719 multi
1360 674 1671 721 crediderant
1693 678 1742 721 in

416 748 606 792 nomine
621 747 724 807 ejas
737 779 757 803 5
777 756 916 807 usque
938 747 993 791 ad
1016 746 1062 791 id
1083 768 1094 804 3
1119 744 1237 792 le'si
1255 746 1360 804 quis
1382 746 1746 809 renatusficerit

415 833 479 862 ex
499 833 633 876 aqua
661 827 706 862 et
730 815 936 876 Spiritu,
957 831 1053 861 non
1076 825 1234 876 potest
1256 817 1451 862 introire
1480 819 1528 863 ιή
1546 833 1746 881 regnum
1785 816 1789 820 ‘

423 887 535 933 Dei.

416 1024 451 1066 I.
477 1023 738 1066 OPPORTUNE
769 1021 895 1065 nobis
931 1020 1140 1066 Dominus
1163 1021 1412 1081 procuravit
1432 1021 1654 1067 hodierno
1675 1021 1746 1066 die

356 1092 553 1137 lectionis
575 1092 706 1152 hujus
727 1092 924 1136 ordinem
944 1110 952 1136 :
972 1107 1074 1135 nam
1096 1093 1198 1152 quia
1214 1108 1265 1136 ex
1287 1093 1440 1137 ordine
1459 1089 1747 1151 Evangelium
1807 1149 1809 1153 ¹

349 1155 600 1208 'secundum
633 1165 847 1208 Joannem
879 1162 1152 1208 considerare
1190 1173 1321 1224 atque
1349 1173 1533 1208 tractare
1554 1163 1747 1223 suscepi-

359 1249 478 1289 mus,
515 1234 645 1278 credo
677 1233 798 1294 quod
819 1232 1052 1278 adverterit
1077 1234 1273 1279 Charitas
1296 1236 1462 1278 Vestra.
1489 1236 1748 1294 Opportune
1797 1256 1800 1263 ·

360 1320 463 1364 ergo
487 1306 675 1349 occurrit
696 1315 745 1349 ut
771 1305 904 1348 hodie
927 1305 1130 1349 audiretis
1153 1320 1205 1349 ex
1225 1305 1479 1364 Evangelio,
1510 1307 1610 1366 quia
1625 1306 1749 1351 «Nisi

364 1392 384 1416 »
419 1375 516 1434 quis
538 1383 712 1418 renatus
729 1373 863 1418 fuerit
879 1389 929 1417 ex
952 1390 1063 1434 aqua
1081 1384 1123 1418 et
1148 1375 1309 1434 Spiritu
1328 1410 1339 1431 ,
1360 1391 1447 1420 non
1468 1375 1635 1420 videbit
1656 1391 1751 1435 reg-

365 1462 386 1486 »
422 1460 528 1488 num
548 1446 625 1489 Dei
641 1447 674 1488 ².
703 1452 722 1486 5›
751 1447 937 1504 Tempus
959 1455 1022 1489 est
1044 1446 1160 1489 enim
1182 1454 1232 1489 ut
1252 1461 1327 1490 vos
1352 1447 1647 1501 exhortemur,
1672 1447 1750 1506 qui

364 1515 508 1559 adhuc
529 1515 628 1559 estis
658 1516 959 1559 catechumeni
981 1535 990 1561 ;
1012 1515 1089 1575 qui
1105 1516 1165 1560 sic
1183 1515 1424 1560 credidistis
1441 1516 1486 1560 in
1502 1515 1747 1572 Christum,

363 1594 414 1628 ut
436 1584 580 1642 adhuc
607 1594 749 1629 vestra
777 1594 952 1644 peccata
982 1585 1175 1644 portetis.
1213 1585 1368 1631 Nullus
1394 1594 1539 1630 autem
1568 1601 1750 1644 regnum
1806 1643 1807 1646 Ἰ

367 1653 580 1704 coelorum
601 1653 770 1699 videbit
791 1663 994 1699 oneratus
1011 1655 1196 1714 peccatis
1215 1675 1226 1713 3
1257 1655 1358 1715 quia
1383 1656 1466 1700 nisi
1487 1656 1559 1700 cui
1579 1656 1751 1700 dimissa

366 1724 556 1781 suerint,
587 1740 677 1769 non
705 1725 905 1784 regnabit
938 1740 1039 1770 cum
1069 1725 1243 1770 Christo
1267 1744 1276 1770 :
1302 1725 1461 1770 dimitti
1494 1735 1638 1771 autem
1662 1741 1752 1780 non
1804 1744 1805 1750 ¹

366 1805 574 1856 possunt,
612 1797 693 1840 nisi
729 1796 768 1839 ei
800 1796 875 1855 qui
916 1804 1092 1840 renatus
1119 1795 1251 1839 fuerit
1284 1812 1334 1840 ex
1367 1812 1479 1856 aqua
1518 1806 1561 1840 et
1590 1797 1753 1856 Spiritu

368 1877 532 1912 sancto.
561 1866 645 1913 Sed
666 1867 812 1911 omnia
835 1866 967 1911 verba
998 1865 1367 1926 quemadmodum
1390 1882 1433 1910 se
1454 1866 1646 1912 habeant
1675 1867 1754 1912 ad-

370 1947 587 1983 vertamus
608 1973 618 1994 ,
648 1947 698 1982 ut
729 1937 799 1981 hic
825 1937 1050 1981 inveniant
1072 1937 1146 1996 qui
1170 1937 1278 1996 pigri
1299 1946 1424 1992 sunt,
1450 1946 1613 1997 quanta
1635 1937 1754 1982 solli-

371 2010 564 2069 citudine
586 2001 668 2054 ‘sihi
691 2007 986 2053 festinandum
1014 2008 1067 2052 sit
1088 2009 1144 2052 ad
1163 2023 1272 2052 onus
1293 2007 1620 2067 deponendum.
1642 2009 1754 2062 Quia

371 2082 405 2126 si
427 2081 590 2125 ferrent
606 2079 795 2139 aliquam
818 2079 1027 2123 sarcinam
1052 2093 1240 2136 gravem,
1267 2088 1341 2122 aut
1362 2078 1516 2138 lapidis
1538 2087 1612 2123 aut
1627 2078 1751 2138 ligni,

372 2161 448 2196 aut
469 2150 648 2212 alicujus
671 2149 799 2194 etiam
823 2149 932 2193 lucri
948 2184 959 2204 ,
985 2148 1019 2192 si
1045 2149 1317 2192 frumentum
1346 2158 1596 2207 portarent,
1633 2148 1667 2192 si
1686 2149 1754 2194 vi-

372 2237 479 2268 num
497 2257 510 2279 ‚
535 2222 569 2266 si
591 2222 847 2282 pecuniam,
871 2229 1096 2265 currerent
1116 2229 1166 2264 ut
1182 2220 1451 2279 deponerent
1468 2235 1600 2264 onera
1627 2239 1635 2265 :
1656 2235 1755 2279 por-

372 2303 468 2339 tant
484 2293 693 2338 sarcinam
710 2301 985 2352 peccatorum
1006 2326 1016 2345 ,
1042 2300 1084 2335 et
1099 2291 1211 2351 pigri
1232 2300 1332 2335 sunt
1354 2306 1542 2335 currere.
1562 2293 1755 2336 Curren-

375 2365 483 2410 dum
499 2373 563 2409 est
580 2373 630 2408 ut
646 2364 891 2423 deponatur
907 2362 1002 2406 haec
1019 2361 1183 2407 sarcina
1200 2382 1211 2419 3
1231 2362 1389 2420 premit
1400 2397 1411 2417 ,
1438 2370 1481 2406 et
1502 2362 1673 2420 mergit.

425 2464 435 2481 ¹
448 2463 582 2496 Habitus
605 2461 699 2504 paulo
720 2465 796 2494 ante
814 2459 954 2499 Pascha,
981 2470 1019 2493 ex
1038 2471 1070 2492 n.
1098 2471 1127 2500 1,
1142 2463 1175 2492 et
1191 2459 1242 2492 die
1259 2459 1422 2492 Dominico
1445 2470 1484 2492 ex
1502 2460 1619 2503 subseq
1647 2461 1754 2492 Tract.

379 2530 410 2550 n.
433 2530 461 2550 1.
482 2535 524 2542 —-
544 2525 556 2540 2
575 2519 668 2567 Joan.
688 2528 737 2559 111,
756 2516 787 2549 5.
