1809 3173
371 210 455 250 464
804 220 838 246 s.
874 217 1103 246 Aucusnm
1136 220 1315 247 EPISCOPI

368 302 555 348 cumque
572 300 846 345 cognoscere,
864 300 953 329 non
970 285 1023 328 de
1045 285 1181 329 carnis
1205 285 1481 343 generatione
1509 286 1743 330 Dominum

366 359 504 419 loqui,
529 357 604 403 sed
626 356 681 400 de
703 356 805 401 vitae
822 356 1105 401 institutione.
1119 359 1175 399 Et
1196 357 1296 415 quia
1319 356 1587 401 consuetudo
1606 358 1746 416 Scrip-

365 438 564 474 turarum
585 436 664 482 est,
682 442 789 486 quas
808 425 1027 485 legebant,
1047 424 1374 470 fornicationem
1398 426 1644 486 spiritaliter
1664 442 1744 487 ap-

364 499 526 561 pellare
542 534 553 555 ,
584 513 685 543 cum
713 497 794 541 diis
816 496 963 541 multis
991 505 1034 539 et
1055 494 1169 539 falsis
1192 497 1332 541 anima
1356 507 1563 557 tanquam
1586 499 1741 557 prosti-

363 580 459 616 tuta
483 568 737 630 subjicitur,
763 565 818 611 ad
835 567 918 609 hoc
948 565 1265 624 responderunt
1291 586 1300 611 :
1330 586 1349 608 «
1367 568 1575 612 Dixerunt
1596 569 1742 628 itaque

366 659 387 683 »
422 641 461 685 ei
481 660 491 686 ε
516 642 602 685 Nos
618 654 669 682 ex
696 635 979 681 fornicatione
999 650 1087 678 non
1107 650 1254 679 sumus
1282 636 1393 690 nati,
1417 652 1553 680 unum
1576 648 1742 696 patrem

364 730 385 755 »
420 711 629 756 habemus
642 712 780 752 Deum
796 708 827 749 ¹.
857 724 876 746 »
898 707 994 748 Jam
1018 704 1142 749 viluit
1166 705 1400 750 Abraham.
1427 707 1605 766 Repulsi
1627 708 1742 752 enim

361 791 465 828 sunt
479 816 490 837 ,
509 778 731 841 quomodo
754 775 906 836 repelli
928 775 1177 819 debuerunt
1192 792 1265 820 ore
1286 777 1475 822 veridico
1493 797 1501 822 :
1526 779 1627 838 quia
1646 779 1741 823 talis

362 862 454 898 erat
480 851 701 897 Abraham
717 883 728 904 ,
754 848 876 907 cujus
904 845 1017 890 facta
1041 862 1129 890 non
1152 847 1434 891 imitabantur
1449 883 1460 902 ,
1491 858 1534 892 et
1553 849 1607 892 de
1628 848 1742 893 illius

362 938 519 984 genere
542 920 855 981 gloriabantur.
882 921 938 962 Et
974 927 1253 963 mutaverunt
1277 920 1629 979 responsionem,
1655 936 1742 964 cre·

360 997 418 1040 do
435 1030 446 1050 ,
471 994 663 1038 dicentes
687 989 804 1050 apud
838 989 1086 1048 semetipsos
1109 1008 1118 1033 :
1144 990 1507 1049 Quotiescumque
1540 992 1740 1034 nomina-

360 1066 547 1111 verimus
568 1063 786 1108 Abraham
804 1095 815 1115 ,
843 1060 1038 1103 dicturus
1057 1069 1120 1104 est
1149 1060 1295 1115 nobis,
1321 1063 1464 1113 Quare
1487 1077 1575 1105 non
1597 1061 1740 1105 imita-

360 1137 467 1181 mini
490 1151 588 1180 eum
610 1169 620 1188 ,
651 1132 705 1176 de
736 1132 858 1191 cujus
896 1145 1050 1188 genere
1082 1129 1356 1188 gloriamini?
1394 1133 1479 1175 Nos
1512 1140 1706 1175 sanctum
1726 1167 1737 1186 ,

353 1209 537 1269 justum,
557 1207 851 1256 innocentem,
868 1210 1038 1246 tantum
1054 1201 1194 1244 virum
1212 1201 1368 1245 imitari
1382 1217 1469 1245 non
1484 1217 1710 1260 possumus
1727 1221 1736 1246 2

359 1283 498 1324 Deum
522 1278 716 1321 dicamus
732 1283 899 1334 patrem
921 1281 1132 1326 nostrum,
1149 1272 1370 1317 videamus
1383 1271 1489 1332 quid
1509 1272 1635 1317 nobis
1653 1272 1740 1316 dic-

359 1358 482 1393 tUI'US
500 1356 562 1391 est
569 1381 578 1390 .

415 1421 538 1463 VIII.
565 1420 742 1460 Prorsus
765 1412 924 1456 falsitas
950 1412 1115 1457 invenit
1136 1412 1256 1472 quod
1278 1411 1440 1457 diceret
1456 1447 1467 1467 ,
1493 1421 1536 1456 et
1558 1428 1646 1457 non
1669 1413 1738 1456 in-

356 1490 524 1535 veniret
540 1487 694 1532 veritas
718 1483 824 1544 quid
847 1483 1156 1541 responderet?
1178 1482 1416 1526 Audiamus
1438 1482 1545 1542 quid
1562 1482 1735 1538 dicant,

358 1559 585 1605 audiamus
602 1555 707 1616 quid
733 1552 913 1597 audiant
932 1571 941 1596 :
967 1571 986 1594 «
1009 1554 1153 1596 Unum
1174 1587 1185 1606 ‚
1214 1552 1420 1612 inquiunt
1439 1588 1450 1607 ,
1468 1562 1635 1611 patrem
1657 1554 1738 1597 lia-

360 1649 381 1673 »
416 1630 570 1674 bemus
590 1630 744 1671 Deum.
772 1623 887 1668 Dixit
918 1637 1018 1680 ergo
1041 1623 1099 1666 eis
1116 1625 1239 1667 Jesus
1266 1642 1274 1666 :
1303 1623 1343 1667 Si
1367 1626 1480 1667 Deus
1502 1633 1622 1682 pater
1644 1639 1739 1668 ves-

360 1720 380 1743 »
416 1710 482 1744 ter
503 1707 632 1751 esset,
661 1694 894 1753 diligeretis
915 1694 1067 1752 utique
1089 1709 1158 1736 me
1183 1713 1192 1738 ;
1217 1709 1297 1752 ego
1319 1694 1431 1737 enim
1457 1709 1507 1737 cx
1529 1697 1618 1738 Deo
1642 1710 1739 1754 pro-

360 1790 380 1813 »
415 1770 520 1815 cessi
543 1778 586 1812 et
616 1766 729 1810 veni.
755 1766 906 1823 Neque
929 1763 1044 1806 enim
1075 1778 1098 1806 a
1120 1778 1188 1806 me
1218 1764 1310 1821 ipso
1330 1764 1430 1807 vcni
1447 1798 1457 1818 ,
1478 1763 1553 1807 sed
1574 1765 1647 1808 ille
1668 1781 1737 1809 me

359 1860 381 1884 »
416 1841 572 1885 misit2.
611 1856 630 1878 »
658 1835 806 1880 Dicitis
829 1838 966 1878 Deum
988 1842 1154 1892 patrem
1170 1868 1181 1888 ,
1205 1834 1423 1891 agnoscite
1445 1849 1514 1877 me
1551 1834 1619 1879 vel
1650 1835 1737 1880 fra-

356 1921 484 1956 trem.
510 1911 821 1953 Verumtamen
843 1904 975 1947 erexit
995 1902 1338 1961 intelligentibus
1355 1918 1428 1947 cor
1446 1939 1456 1957 ‚
1482 1914 1524 1947 ct
1545 1904 1654 1948 illud
1677 1915 1736 1949 te-

356 1983 455 2042 tigit
475 1980 596 2041 quod
612 1977 720 2022 solet
741 1976 883 2020 dicere
901 1993 909 2019 ε
932 1993 951 2016 «
968 1976 1065 2018 Non
1087 1989 1108 2016 a
1134 1988 1201 2016 me
1222 1973 1314 2031 ipso
1331 1973 1445 2026 veni,
1471 1973 1542 2016 ille
1564 1990 1632 2017 me
1656 1976 1735 2018 mi·-

358 2073 379 2096 »
415 2054 491 2108 sit,
515 2068 537 2096 a
554 2054 644 2095 Deo
666 2048 850 2108 processi
871 2055 915 2089 ct
933 2045 1047 2090 veni.
1072 2062 1092 2084 »
1112 2046 1379 2087 Mementote
1395 2044 1501 2103 quid
1523 2043 1735 2088 soleamus

356 2127 524 2178 dicere,
565 2122 634 2167 Ab
673 2119 748 2164 illo
779 2117 922 2175 venit,
957 2125 1000 2160 et
1031 2131 1053 2158 a
1074 2130 1163 2174 quo
1196 2115 1345 2169 venit,
1370 2129 1469 2158 cum
1493 2113 1568 2159 illo
1598 2117 1729 2159 venit.

355 2195 514 2242 Christi
544 2208 647 2251 ergo
680 2190 823 2234 missio
843 2224 853 2243 ,
885 2197 949 2232 est
980 2185 1233 2230 incarnatio.
1265 2184 1394 2238 Quod
1428 2200 1529 2229 vero
1568 2185 1621 2229 de
1645 2189 1733 2230 Dco

354 2265 561 2329 processit
583 2263 778 2307 Verbum
794 2295 804 2315 ,
829 2269 990 2303 aeterna
1011 2256 1225 2317 processio
1248 2265 1311 2299 est
1332 2275 1341 2301 2
1360 2271 1448 2300 non
1472 2256 1604 2300 habet
1626 2265 1733 2300 tem-

354 2354 435 2399 pus
456 2372 467 2393 ‚
497 2350 574 2395 per
594 2348 724 2393 quem
747 2331 910 2375 sactum
935 2338 996 2372 est
1018 2337 1203 2386 tempus.
1231 2329 1367 2371 Nemo
1401 2327 1515 2370 dicat
1536 2327 1579 2369 in
1603 2327 1732 2371 corde

353 2425 449 2464 suo,
474 2410 720 2464 Antequam
742 2411 849 2446 essct
872 2400 1082 2453 Verbum,
1103 2397 1323 2458 quomodo
1341 2406 1432 2441 erat
1452 2400 1564 2441 Deus
1578 2399 1596 2440 Ρ
1612 2400 1733 2442 Nun-

354 2496 486 2544 quam
507 2477 623 2523 dicas
637 2511 648 2531 ‚
669 2478 915 2533 Antequam
935 2479 1044 2516 esset
1060 2470 1253 2515 Verbum
1269 2469 1358 2513 Dei.
1372 2471 1602 2529 Nunquam
1620 2472 1732 2514 Deus

402 2574 411 2592 ¹
428 2570 518 2600 Joan.
543 2571 608 2601 vm,
635 2558 687 2601 41.
709 2576 749 2583 —
773 2566 786 2583 ²
808 2557 889 2591 ibid.
911 2556 965 2599 42.
