1825 3214
255 200 293 225 nv
330 195 503 224 waimis
538 195 845 230 nuscanum,
881 193 1026 222 ἰ-ῐιΛεΤ.
1066 196 1168 221 xxv.
1342 183 1424 221 283

43 280 63 303 υ
101 262 315 321 triginta¹.
357 280 375 302 ι»
409 265 575 305 Interea
612 259 924 314 ambulabant,
967 260 1305 318 promovebant,
1346 275 1426 304 nee

39 333 154 376 venti
176 332 234 376 illi
254 341 295 375 et
320 339 594 390 tempestates
622 339 664 373 et
689 329 844 373 {luctus
867 338 908 372 et
938 330 1127 372 tent—bnt·
1151 329 1192 372 321
1212 330 1422 388 agebant,

40 412 89 447 ut
112 402 178 447 vel
209 403 327 447 navis
363 418 448 445 non
485 409 836 460 promoveretur,
863 399 930 443 vel
966 400 1106 443 soluta
1130 412 1423 457 mergeretur:

37 474 112 518 sed
151 474 262 517 inter
296 471 368 516 illa
391 472 534 517 onmia
570 471 681 516 mala
707 471 811 515 ibat.
848 470 1021 515 Etenim
1052 471 1151 531 quia
1187 471 1428 517 abundavit

37 544 257 605 iniquitas,
278 553 320 587 et
342 542 576 601 refrigeseit
598 543 782 587 ebaritas
804 541 1060 594 multorum,
1086 552 1286 586 crescunt
1314 544 1426 588 ssuc-

39 626 106 662 tus
123 651 134 670 ,
175 625 389 675 augentur
428 616 646 670 tenebrae,
677 615 799 658 saevit
821 624 973 658 ventus
1000 634 1009 659 ι
1035 614 1111 658 sed
1135 623 1280 658 tamen
1308 616 1427 659 navis

37 685 244 732 ambulat.
276 706 293 727 «
326 688 410 740 Qui
446 687 563 730 enim
598 685 932 745 perseveraverit
955 700 1093 745 usque
1114 684 1160 728 in
1182 685 1331 740 finem,
1357 686 1427 730 hie

39 775 59 800 »
95 758 236 802 salvus
259 759 383 801 erit‘2.
406 776 424 798 »
450 757 637 816 Nec-ipse
654 756 890 800 stadiorum
916 771 1126 799 numerus
1139 764 1427 801 contemnen-

35 828 117 874 dus
147 839 225 873 est.
259 832 408 889 Neque
438 828 553 872 enim
589 843 689 872 vere
728 836 869 887 posset
907 826 1012 871 nihil
1038 828 1278 885 significare
1307 828 1428 889 quod

36 898 200 944 dictum
229 909 307 955 est,
334 919 353 940 «
374 901 486 944 Cum
509 899 788 957 remigassent
805 896 941 942 stadia
965 899 1335 959 viginti—quinque
1352 909 1428 944 aut

38 989 58 1011 »
95 969 285 1028 triginta,
312 980 417 1014 tune
441 968 495 1013 ad
509 984 581 1013 eos
606 969 726 1012 venit
748 972 887 1013 Jesus.
915 988 934 1010 »
959 969 1186 1013 Sutliceret
1205 989 1224 1011 «
1251 970 1427 1028 viginti-

39 1061 57 1083 »
93 1041 306 1101 quinque,
335 1059 355 1082 υ
382 1041 600 1085 sufficeret
625 1059 644 1082 α
670 1040 867 1098 triginta,
908 1058 927 1080 »
954 1039 1140 1083 maxime
1174 1040 1276 1100 quia
1308 1041 1426 1086 aesti-

35 1112 191 1156 mantis
206 1121 314 1167 erat,
336 1128 423 1156 non
441 1112 712 1155 atlirmantis.
729 1111 954 1171 Numquid
976 1110 1292 1170 periclitaretur
1311 1114 1426 1157 veri-

37 1191 100 1226 tas
128 1183 172 1226 in
210 1182 478 1236 insufflante,
509 1183 542 1225 si
576 1179 739 1225 diceret
773 1180 910 1225 stadia
944 1179 1079 1225 ferme
1115 1182 1313 1240 triginta,
1351 1192 1429 1228 aut

35 1253 170 1298 stadia
190 1253 325 1297 ferme
338 1254 721 1314 vigintiquinque?
745 1251 831 1298 Sed
855 1270 904 1297 ex
922 1253 1300 1314 viginti-quinque
1321 1254 1427 1300 feeit

36 1325 226 1383 triginta.
249 1328 504 1380 Quaeramus
533 1341 766 1369 numerum
785 1325 1034 1370 vicesimum
1060 1326 1280 1386 quintum.
1302 1326 1426 1372 Unde

34 1405 219 1449 constat,
245 1395 361 1440 unde
386 1396 461 1440 fit?
483 1397 538 1440 de
555 1396 769 1456 quinario.
793 1396 1022 1449 Quinarius
1044 1394 1118 1440 ille
1140 1411 1347 1441 numerus
1370 1397 1425 1442 ad

35 1470 193 1526 Legem
219 1467 421 1526 pertinet.
451 1468 535 1526 lpsi
556 1477 658 1512 sunt
679 1467 875 1527 quinque
897 1466 997 1510 libri
1019 1467 1176 1525 Moysi,
1197 1467 1300 1527 ipsae
1322 1477 1425 1513 sunt

33 1539 229 1599 quinque
251 1538 443 1597 porticus
457 1537 544 1582 illae
567 1538 797 1598 languidos
814 1538 1102 1594 continentes,
1120 1539 1210 1598 ipse
1228 1539 1424 1600 quinque

34 1623 166 1670 panes
197 1609 393 1670 quinque
428 1608 560 1653 millia
588 1609 816 1654 hominum
856 1618 1093 1669 pascentes.
1122 1611 1239 1669 Ergo
1262 1612 1423 1670 Legem

33 1681 243 1739 significat
272 1696 479 1724 numerus
500 1681 932 1740 vicesimus-quintus
960 1700 969 1725 :
995 1681 1204 1741 quoniam
1226 1682 1422 1742 quinque

33 1766 109 1810 per
123 1751 335 1811 quinque,
353 1750 398 1795 id
416 1761 495 1806 est,
515 1751 746 1812 quinquies
763 1751 902 1812 quini,
923 1751 1091 1796 faciunt
1111 1751 1422 1813 viginti-quin-

32 1837 144 1882 que,
189 1823 451 1882 quadratum
490 1821 755 1882 quinarium.
795 1823 880 1867 Sed
912 1823 1014 1868 huie
1045 1822 1147 1880 Legi
1188 1832 1422 1884 antequam

23 1893 318 1951 -Evangelium
340 1893 522 1948 veniret,
548 1892 697 1938 deerat
718 1892 942 1954 perfectio.
971 1894 1185 1939 Perfectio
1208 1904 1354 1939 autem
1376 1895 1422 1940 in

31 1964 198 2008 senario
230 1979 412 2008 numero
444 1963 842 2023 comprehenditur.
885 1968 1117 2026 Propterea
1155 1981 1226 2010 sex
1266 1965 1420 2010 diebus

30 2038 142 2080 Deus
164 2035 380 2080 mundum
403 2034 599 2095 perfecit,
625 2045 668 2080 et
689 2036 887 2097 quinque
908 2037 998 2096 ipsa
1025 2052 1098 2081 sex
1121 2036 1420 2098 multiplican-

30 2114 117 2160 tur,
143 2115 192 2150 ut
222 2109 309 2150 Lex
330 2122 404 2165 per
425 2105 710 2164 Evangelium
747 2106 1052 2166 adimpleatur,
1078 2117 1127 2152 ut
1146 2109 1255 2152 fiant
1283 2109 1415 2153 sexies

29 2177 151 2237 quini
170 2178 386 2237 triginta-³.
409 2176 477 2221 Ad
500 2192 572 2222 eos
594 2192 696 2236 ergo
713 2179 790 2239 qui
811 2178 1162 2239 implentLegem
1178 2215 1188 2235 ,
1204 2180 1324 2225 venit
1343 2182 1416 2225 Je-

27 2263 112 2292 sus.
140 2251 197 2293 Et
217 2248 349 2293 venit.
376 2248 682 2301 Quomomodo
694 2244 916 2295 ‘t‘Calcans
938 2251 1099 2295 fluctus
1118 2285 1129 2306 ,
1159 2250 1309 2295 omnes
1341 2259 1415 2295 tu-

29 2334 168 2363 mores
206 2319 360 2363 mundi
396 2318 478 2363 snb
519 2319 703 2379 pedibus
729 2319 920 2376 habens,
956 2337 1105 2366 omnes
1135 2320 1414 2366 celsitudines

26 2388 171 2434 saeeuli
199 2390 440 2449 premens⁴.
466 2391 562 2434 Hoc
599 2389 742 2449 agitur
774 2398 990 2450 quantum
1013 2392 1189 2437 additur
1209 2392 1410 2451 tempori,

27 2468 70 2504 et
91 2469 308 2520 quantum
331 2459 501 2505 aceedit
522 2470 624 2506 aetas
644 2461 807 2506 saeculi.
824 2465 1052 2522 Augentur
1074 2463 1121 2508 in
1144 2463 1227 2508 isto
1246 2462 1412 2507 mundo

76 2546 191 2577 ¹·10an.
212 2556 254 2587 vr,
276 2556 325 2588 ¹9-
347 2562 388 2568 —
408 2552 421 2568 ²
443 2546 562 2578 Matth.
584 2556 617 2586 x,
636 2553 692 2579 22.
711 2561 753 2570 —
770 2544 783 2570 3
800 2548 879 2580 Gen.
900 2558 923 2588 ι,
942 2547 995 2580 31.
1017 2563 1057 2570 --
1075 2546 1090 2576 4
1112 2549 1204 2580 Joan.
1225 2558 1276 2589 w,
1298 2557 1347 2589 19.
