1809 3173
360 194 439 230 180
779 198 811 226 S.
848 196 1077 229 Aucus‘rnvi
1111 201 1289 228 Episcopi

347 267 480 311 habes
502 265 679 310 oculum
701 266 891 324 corporis
912 265 965 309 ad
987 266 1226 311 videndum
1242 265 1519 319 sabrum,sed
1532 266 1729 310 nondum

346 337 477 381 habes
500 336 675 381 oculum
699 335 840 381 cordis
864 336 920 381 ad
940 336 1179 381 videndum
1201 341 1339 381 Deum
1362 356 1370 381 :
1397 336 1494 380 ideo
1517 336 1636 396 quod
1659 352 1729 381 so-

345 407 406 451 les
428 406 575 452 videre
597 407 642 450 in
665 405 812 461 fabro,
833 406 1064 450 transferre
1082 407 1143 451 vis
1166 406 1219 451 ad
1239 410 1391 451 Deum.
1411 409 1527 450 Pone
1548 406 1594 449 in
1617 416 1728 451 terra

349 487 514 522 terrena
533 513 543 532 ,
569 491 740 521 sursum
761 492 849 520 cor.

405 550 502 592 V11.
524 546 640 601 Quid
652 562 772 605 ergo,
795 546 1053 600 charissimi,
1070 546 1324 605 explicaturi
1346 562 1494 591 sumus
1516 562 1594 591 nos
1611 548 1731 606 quod

344 618 703 676 interrogavimus
723 652 734 671 ,
755 615 978 676 quomodo
1001 616 1146 660 videat
1164 617 1380 672 Verbum,
1406 617 1628 677 quomodo
1651 621 1732 662 Pa-

346 700 411 734 ter
428 690 626 733 videatur
644 704 666 731 a
688 688 849 741 Verbo,
866 685 973 747 quid
990 687 1044 730 sit
1065 686 1212 730 videre
1231 688 1393 731 Verbi?
1415 690 1511 732 Non
1529 702 1623 732 sum
1648 697 1730 732 tam

345 760 485 805 audax
503 796 513 815 ,
541 769 627 803 tam
647 757 897 801 temerarius
915 792 925 812 ,
952 766 1002 801 ut
1025 758 1107 801 hoc
1136 758 1351 816 explicare
1373 757 1578 817 pollicear
1599 768 1641 801 et
1665 772 1732 801 me

345 842 388 876 et
405 847 499 876 vos:
518 841 758 889 utcumque
779 829 970 888 suspicor
995 828 1222 872 modulum
1240 839 1450 884 vestrum,
1468 830 1568 874 novi
1586 838 1732 873 tamen

343 918 504 947 meum.
530 903 572 946 Si
602 916 704 959 ergo
729 900 871 959 placet
888 935 898 954 ,
925 915 1012 944 non
1032 900 1194 944 diutius
1216 901 1524 954 immoremur,
1550 916 1731 959 percur-

344 988 486 1017 ramus
505 971 754 1025 lectionem,
772 979 815 1014 et
831 969 1055 1014 videamus
1069 970 1208 1014 verbis
1226 971 1396 1015 Domini
1412 971 1578 1014 turbari
1602 970 1733 1014 corda

342 1043 529 1090 carnalia
546 1063 556 1099 3
575 1042 628 1086 ad
643 1043 725 1086 hoc
748 1041 930 1095 turbari,
948 1057 1002 1085 ne
1018 1041 1063 1085 in
1080 1057 1130 1086 eo
1153 1041 1271 1101 quod
1293 1051 1444 1085 tenent
1462 1051 1728 1085 remaneant.

344 1118 669 1174 Extorqueatur
692 1121 900 1171 tanquam
924 1113 1066 1171 pueris
1090 1111 1309 1156 ludicrum
1334 1112 1477 1156 nescio
1501 1113 1624 1171 quid,
1645 1127 1732 1171 quo

345 1200 388 1230 se
410 1183 522 1228 male
553 1191 737 1228 avocant
753 1218 763 1237 ,
795 1191 845 1226 ut
868 1183 1030 1241 possint
1050 1183 1176 1226 inseri
1200 1183 1374 1227 utiliora
1399 1182 1703 1240 grandioribus
1719 1217 1730 1237 ,

346 1265 396 1300 ut
420 1255 584 1315 possint
598 1254 806 1313 proficere
824 1253 900 1312 qui
918 1253 1125 1312 repebant
1146 1253 1189 1296 in
1214 1263 1341 1297 terra.
1367 1256 1502 1311 Surge
1520 1288 1530 1307 ,
1557 1268 1703 1313 quaere
1716 1288 1730 1308 ,

345 1327 534 1386 suspira,
573 1324 727 1369 anhela
755 1323 968 1368 desiderio
985 1359 995 1378 ,
1021 1333 1064 1367 et
1086 1324 1141 1367 ad
1179 1324 1320 1368 clausa
1343 1323 1481 1383 pulsa.
1511 1324 1554 1368 Si
1587 1333 1733 1367 autem

345 1397 544 1443 nondum
572 1396 888 1449 desideramus,
915 1395 1114 1439 nondum
1141 1396 1384 1450 inhiamus,
1420 1394 1617 1439 nondum
1640 1410 1734 1438 sus-

348 1469 553 1528 piramus,
572 1466 824 1525 margaritas
847 1466 1198 1526 quibuscumque
1223 1467 1455 1525 projectuii
1480 1480 1644 1519 sumus,
1662 1474 1737 1509 aut

348 1538 600 1597 margaritas
630 1537 971 1598 qualescumque
1004 1552 1081 1580 nos
1104 1537 1183 1595 ipsi
1211 1537 1430 1579 inventuri
1453 1552 1616 1580 sumus.
1642 1539 1735 1580 Mo-

347 1611 481 1655 verim
505 1624 621 1667 eigo,
643 1608 893 1661 charissimi,
912 1607 1206 1651 desiderium
1197 1623 1241 1650 m
1264 1608 1394 1651 eorde
1411 1617 1568 1651 vestio.
1595 1609 1735 1650 Mores

348 1681 598 1741 perducunt
627 1680 681 1723 ad
702 1677 1034 1736 intelligentiam
1057 1697 1064 1722 :
1092 1693 1227 1736 genus
1248 1678 1346 1722 vitae
1370 1677 1568 1736 perducit
1591 1677 1645 1720 ad
1663 1692 1736 1735 ge-

348 1768 430 1796 nus
447 1752 561 1796 vitae.
575 1751 669 1794 Alia
693 1750 779 1793 vita
799 1758 982 1803 terrena,
1009 1748 1088 1792 alia
1105 1749 1194 1792 vita
1216 1747 1402 1792 coelestis
1421 1769 1431 1805 ·,
1453 1746 1532 1791 alia
1554 1748 1641 1791 vita
1661 1763 1736 1806 pe-

350 1839 501 1868 corum
518 1858 528 1878 ,
552 1822 633 1866 alia
657 1822 739 1864 vita
761 1821 1004 1874 hominum,
1032 1820 1112 1863 alia
1134 1820 1221 1863 vita
1241 1820 1521 1877 Angelorum.
1548 1819 1644 1862 Vita
1664 1834 1736 1877 pe-

352 1908 575 1954 pecorum,
603 1892 781 1936 terrenis
802 1890 1102 1949 voluptatibus
1123 1899 1298 1943 aestuat,
1325 1889 1412 1933 sola
1437 1900 1606 1932 terrena
1627 1904 1735 1932 con-

350 1965 509 2024 quirit,
540 1964 585 2006 in
612 1978 660 2006 ea
689 1977 825 2021 prona
860 1970 990 2020 atque
1024 1962 1211 2020 projecta
1235 1969 1297 2004 est
1325 1979 1332 2004 :
1359 1961 1445 2004 vita
1469 1959 1734 2017 Angelorum

351 2034 438 2078 sola
462 2032 648 2077 coelestis
666 2051 674 2077 ς
694 2033 779 2075 vita
797 2031 1027 2074 hominum
1049 2029 1188 2074 media
1206 2040 1268 2074 est
1282 2031 1395 2073 inter
1410 2029 1676 2088 Angelorum
1693 2035 1735 2072 et

350 2119 574 2164 pecorum.
610 2103 652 2148 Si
684 2103 790 2146 vivit
825 2102 957 2145 homo
994 2100 1233 2145 secundum
1267 2115 1437 2144 carnem
1458 2135 1468 2154 ,
1505 2100 1735 2159 pecoribus

352 2182 648 2233 comparatur:
664 2173 697 2216 si
722 2171 827 2215 vivit
846 2170 1085 2215 secundum
1105 2171 1319 2230 spiritum,
1338 2169 1512 2228 Angelis
1530 2171 1731 2213 sociatur.

353 2243 540 2297 Quando
576 2242 817 2286 seeundum
851 2241 1051 2300 spiritum
1086 2241 1219 2295 vivis,
1247 2256 1394 2300 quaere
1428 2240 1554 2282 etiam
1579 2240 1623 2282 in
1646 2240 1735 2298 ipsa

351 2314 542 2371 angelica
565 2314 666 2363 vita,
684 2323 830 2355 utrum
850 2327 1006 2370 parvus
1030 2327 1083 2354 an
1107 2309 1277 2368 grandis
1301 2311 1368 2353 sis.
1389 2310 1429 2354 Si
1453 2311 1566 2353 enim
1591 2309 1735 2352 adhuc

351 2400 508 2444 parvus
530 2399 573 2426 es
589 2418 600 2437 ,
627 2383 778 2425 dicunt
810 2382 888 2424 tibi
919 2380 1097 2438 Angeli,
1126 2383 1277 2425 Cresce
1296 2416 1305 2433 ,
1332 2396 1409 2423 nos
1433 2396 1586 2438 panem
1612 2395 1734 2422 nian-

350 2455 561 2499 ducamus
578 2489 587 2507 ,
614 2462 660 2496 tu
684 2452 796 2495 lacte
831 2452 997 2495 nutrire
1016 2486 1026 2505 ,
1058 2451 1168 2494 lacte
1203 2451 1322 2503 fidei,
1349 2459 1398 2492 ut
1435 2451 1656 2508 pervenias
1678 2448 1732 2492 ad

351 2526 497 2570 cibum
515 2524 686 2583 speciei.
717 2523 757 2567 Si
779 2531 924 2566 autem
943 2521 1087 2566 adhuc
1111 2522 1302 2565 inhiatur
1326 2521 1508 2565 sordidis
1530 2520 1732 2578 volupta-
