1809 3173
387 122 468 162 498
805 132 837 160 s.
874 132 1101 161 AUGUSTINI
1135 135 1314 160 zrrscom

377 212 532 241 verum
563 196 783 255 praedicet.
806 199 903 242 Non
939 196 1080 242 solum
1099 198 1319 244 Christum
1347 211 1497 240 verum
1520 195 1726 254 praedicet
1745 229 1757 250 ,

379 265 455 310 sed
476 266 635 311 Christi
657 265 835 324 gloriam
853 276 1018 326 quaerat
1035 302 1045 322 ‚
1072 282 1161 311 non
1182 281 1302 310 suam
1328 281 1336 306 :
1358 280 1459 309 nam
1480 264 1606 308 multi
1634 280 1759 324 quae-

380 335 517 380 rendo
539 335 720 394 gloriam
740 351 878 391 suam,
903 352 1001 381 oves
1015 336 1174 381 Christi
1194 344 1441 394 sparserunt
1463 335 1605 393 potius
1627 348 1759 394 quam

380 414 766 464 congregaverunt.
790 405 975 449 Humilis
996 414 1059 449 est
1090 405 1207 448 enim
1233 405 1367 463 janua
1387 404 1582 449 Christus
1610 402 1760 448 Domi-

383 490 465 519 nus
486 493 494 519 :
514 475 590 535 qui
609 476 741 520 intrat
762 491 839 535 per
860 476 972 519 hanc
988 475 1164 534 januam
1182 508 1193 529 ‚
1218 483 1389 532 oportet
1405 473 1607 518 humiliet
1622 488 1666 517 se
1680 507 1692 528 ‚
1712 481 1763 517 ut

381 559 486 587 sano
519 545 658 603 capite
693 545 827 603 possit
848 545 1022 587 intrare.
1051 543 1135 596 Qui
1157 552 1303 586 autem
1336 558 1380 586 se
1414 558 1503 586 non
1533 541 1759 596 humiliat,

379 613 453 656 sed
475 613 664 668 extollit,
685 628 762 672 per
783 614 1013 657 maceriam
1036 612 1131 656 vult
1148 612 1403 657 ascendere:
1425 612 1501 671 qui
1517 621 1661 656 autem
1687 626 1763 671 per

377 684 610 727 maceriam
631 682 844 737 ascendit,
869 682 967 728 ideo
989 682 1203 727 exaltatur
1224 692 1274 727 ut
1295 681 1436 727 cadat.

416 754 493 796 VI.
509 755 636 796 Tecte
651 761 799 796 tamen
813 752 957 797 adhuc
971 752 1168 812 loquitur
1188 752 1397 796 Dominus
1413 754 1437 795 J
1441 766 1551 806 esus,
1566 751 1763 812 nondum

377 820 655 878 intelligitur:
668 823 865 866 nominat
879 822 1054 877 ostium,
1073 822 1271 866 nominat
1282 821 1410 876 ovile,
1426 821 1622 864 nominat
1637 835 1760 865 oves:

376 890 654 936 commendat
683 892 779 936 haec
801 892 972 946 omnia,
1003 891 1077 935 sed
1109 890 1307 935 nondum
1328 890 1516 949 exponit.
1549 893 1762 948 Legamus

374 974 494 1017 ergo,
510 961 611 1019 quia
624 970 835 1005 venturus
852 969 915 1004 est
933 961 985 1004 ad
999 976 1048 1004 ea
1061 961 1213 1015 verba,
1233 961 1278 1004 in
1290 961 1448 1020 quibus
1469 959 1593 1004 nobis
1617 959 1761 1019 aliqua

374 1044 473 1088 quae
493 1030 606 1074 dixin
623 1030 828 1089 dignetur
851 1046 1063 1089 exponere
1086 1051 1093 1075 :
1116 1046 1166 1074 ex
1187 1046 1375 1090 quorum
1393 1030 1658 1089 expositione
1679 1028 1760 1073 da-

372 1100 438 1143 bit
459 1100 583 1144 nobis
597 1101 777 1145 fortasse
798 1101 929 1145 etiam
944 1101 1018 1145 illa
1034 1117 1134 1161 quae
1151 1117 1240 1146 non
1259 1102 1475 1160 exposuit,
1500 1099 1756 1158 intelligere.

372 1171 513 1214 Pascit
529 1171 646 1214 enim
667 1170 905 1215 manifestis
921 1206 932 1226 ,
953 1181 1123 1216 exercet
1144 1172 1350 1216 obscuris.
1373 1190 1392 1213 «
1413 1171 1497 1224 Qui
1515 1186 1604 1215 non
1627 1171 1760 1214 intrat

378 1255 397 1278 u
432 1253 509 1296 per
527 1239 686 1283 ostium
708 1239 754 1282 in
770 1240 882 1283 ovile
904 1241 1072 1295 ovium,
1094 1240 1170 1284 sed
1188 1240 1380 1284 ascendit
1396 1239 1613 1285 aliunde1.
1638 1257 1657 1280 »
1683 1241 1760 1282 Vae

377 1308 558 1362 misero,
583 1310 685 1367 quia
719 1325 895 1353 casurus
932 1320 1009 1354 est.
1038 1312 1102 1355 Sit
1135 1326 1237 1370 ergo
1274 1311 1471 1366 humilis,
1499 1326 1572 1369 per
1602 1310 1759 1355 ostium

376 1377 508 1420 intret
533 1393 541 1418 :
563 1378 693 1436 plano
715 1378 826 1437 pede
842 1380 1003 1434 veniat,
1024 1389 1066 1423 et
1089 1395 1179 1424 non
1201 1381 1414 1425 offendet.
1435 1400 1456 1422 «
1477 1380 1579 1436 Ille,
1599 1379 1758 1440 inquit,

383 1464 403 1487 »
438 1445 511 1490 fur
527 1455 590 1490 est
607 1456 650 1490 et
670 1446 796 1492 latro.
824 1465 845 1488 »
870 1450 981 1493 Oves
998 1464 1094 1493 suas
1114 1449 1211 1494 vult
1232 1450 1377 1494 dicere
1392 1466 1491 1495 oves
1506 1449 1684 1504 alienas,
1708 1448 1764 1493 ad

382 1516 464 1560 hoc
486 1531 611 1571 suas,
646 1517 693 1560 id
725 1526 815 1572 est,
841 1516 959 1563 furto
993 1519 1180 1575 ablatas,
1215 1536 1303 1564 non
1336 1530 1385 1564 ut
1411 1520 1571 1575 salvet,
1609 1518 1685 1564 sed
1714 1527 1763 1563 ut

381 1585 564 1629 occidat.
590 1588 706 1644 Ergo
728 1585 799 1630 fur
823 1596 912 1642 est,
937 1588 1038 1647 quia
1060 1588 1180 1648 quod
1210 1588 1401 1633 alienum
1424 1599 1507 1644 est,
1542 1604 1670 1634 suum
1697 1588 1766 1631 di-

380 1656 439 1699 cit
465 1655 623 1710 :latro,
650 1657 751 1716 quia
782 1666 826 1701 et
847 1658 968 1716 quod
988 1667 1052 1702 est
1083 1657 1251 1703 furatus
1271 1694 1282 1714 ‚
1317 1659 1488 1704 occidit.
1519 1679 1539 1702 «
1571 1659 1657 1712 Qui
1678 1674 1763 1702 au-

387 1743 406 1766 »
442 1734 529 1769 tem
551 1725 682 1769 intrat
705 1741 780 1785 per
802 1728 981 1782 ostium,
1003 1737 1148 1786 pastor
1169 1738 1232 1773 est
1247 1730 1395 1774 ovium
1413 1749 1421 1774 2
1444 1730 1544 1774 huic
1562 1729 1758 1774 ostiarius

388 1812 408 1835 »
444 1796 620 1853 aperit2.
649 1814 667 1837 »
692 1800 753 1841 De
771 1799 943 1843 ostiario
968 1800 1049 1843 isto
1071 1808 1177 1843 tunc
1205 1816 1480 1859 quaeramus,
1508 1800 1686 1860 quando
1706 1799 1760 1843 ab

386 1865 480 1923 ipso
502 1867 687 1911 Domino
709 1869 972 1913 audierimus
993 1870 1113 1928 quod
1135 1871 1189 1914 sit
1211 1872 1390 1926 ostium,
1416 1881 1459 1916 et
1475 1872 1550 1931 qui
1581 1873 1634 1916 sit
1666 1887 1764 1930 pas-

387 1945 470 1980 tor.
497 1954 517 1978 «
540 1939 597 1980 Et
619 1953 718 1981 oves
739 1953 890 1982 vocem
914 1941 1003 1999 ejus
1025 1941 1224 1996 audiunt,
1251 1951 1293 1985 et
1314 1943 1505 2001 proprias
1526 1958 1626 1987 oves
1639 1950 1766 1987 vocat

392 2025 412 2047 »
449 2008 720 2052 nominatim.
758 2026 778 2050 »
817 2010 960 2054 Habet
993 2011 1108 2054 enim
1144 2013 1320 2056 nomina
1352 2028 1500 2057 earum
1530 2002 1687 2072 scripta
1719 2013 1766 2059 in

388 2076 502 2121 libro
524 2079 638 2122 vitae.
667 2098 689 2121 «
709 2081 906 2140 Proprias
923 2096 1022 2125 oves
1042 2091 1169 2126 vocat
1185 2083 1455 2128 nominatim.
1485 2103 1505 2126 »
1527 2085 1638 2131 Hinc
1662 2084 1767 2128 dicit

387 2148 620 2207 Apostolus
647 2168 698 2195 :«
721 2151 849 2196 Novit
884 2151 1091 2196 Dominus
1120 2153 1196 2212 qui
1227 2162 1328 2197 sunt
1361 2155 1497 2213 ejus3.
1529 2157 1585 2198 Et
1623 2154 1769 2200 educit

393 2236 414 2259 »
450 2233 534 2262 eas.
557 2222 613 2264 Et
631 2235 731 2264 cum
761 2221 954 2280 proprias
976 2238 1075 2267 oves
1098 2223 1306 2277 emiserit,
1337 2233 1437 2268 ante
1457 2240 1526 2268 eas
1548 2225 1667 2270 vadit
1691 2244 1700 2270 :
1725 2233 1769 2269 et

396 2305 416 2328 »
452 2303 552 2333 oves
587 2289 712 2334 illum
747 2301 1016 2351 sequuntur,
1041 2293 1144 2352 quia
1174 2293 1317 2337 sciunt
1351 2309 1502 2338 vocem
1524 2295 1628 2355 ejus3
1649 2295 1767 2339 Alie-

398 2376 419 2400 »
454 2375 560 2404 num
582 2370 728 2405 autem
747 2378 836 2407 non
866 2373 1130 2423 sequuntur,
1154 2364 1230 2409 sed
1266 2364 1441 2424 fugiunt
1468 2366 1523 2410 ab
1554 2381 1628 2423 eo·‚
1665 2367 1767 2426 quia

446 2449 453 2464 ¹
475 2446 553 2475 Joan
582 2456 612 2484 x,
633 2456 662 2476 1.
678 2461 719 2468 —-
740 2444 898 2487 ²1bid.'2,
925 2446 955 2478 3.
972 2463 1012 2469 -
1029 2445 1041 2469 3
1061 2456 1079 2479 2
1097 2448 1176 2479 Tim
1197 2459 1234 2486 11,
1256 2459 1305 2489 ¹9·
