1825 3214
275 215 316 241 in
351 212 525 241 somnis
560 211 867 248 numenium,
903 211 1049 240 TRAc'r.
1089 214 1207 240 xxvi.
1363 201 1446 240 303

56 279 171 333 Quid
193 288 256 324 est
278 280 398 340 quod
427 280 515 324 ait?
539 282 632 337 Ego
655 278 740 322 vidi
770 282 955 333 Patrem,
977 294 1050 321 vos
1074 294 1159 321 non
1185 278 1344 323 vidistis
1367 282 1447 322 Pa-

58 361 192 405 trcm;
217 361 259 396 et
284 361 431 395 tamen
455 367 542 394 non
561 351 715 394 venitis
737 350 789 394 ad
812 366 894 403 mc,
921 350 999 393 nisi
1021 351 1247 393 trahamini
1265 368 1285 394 a
1304 355 1443 394 Patre.

58 422 174 475 Quid
197 431 260 466 est
290 432 436 466 autem
471 436 545 465 vos
574 421 685 465 trahi
714 437 736 465 a
764 425 909 474 Patre,
949 421 1027 464 nisi
1062 420 1223 464 discere
1243 439 1263 464 a
1299 422 1450 464 Patre?

57 492 168 552 quid
197 502 262 538 est
291 493 457 537 discere
479 508 501 536 a
544 496 689 545 Patre,
726 492 805 535 nisi
845 490 1032 535 audirea
1067 493 1223 534 Patre?
1251 492 1355 550 quid
1389 501 1452 536 est

58 563 208 608 audire
226 580 248 609 a
276 567 419 617 Patre,
446 563 526 608 nisi
559 563 709 607 audire
726 562 918 607 Verbum
939 563 1090 617 Patris,
1116 563 1160 606 id
1183 572 1248 606 est
1272 565 1372 606 me?
1392 566 1452 607 Ne

60 634 172 680 forte
200 650 304 694 ergo
331 650 434 680 eum
462 635 560 679 dico
588 635 733 688 vobis,
763 654 783 676 «
808 636 960 678 Omnis
997 634 1074 694 qui
1097 633 1264 677 audivit
1282 650 1302 677 a
1331 637 1454 677 Patre

67 722 87 747 »
123 715 166 750 et
195 705 363 760 didicit,
399 724 418 747 »
451 706 601 750 dicatis
630 705 747 764 apud
770 721 866 759 vos,
894 706 979 750 Sed
1013 721 1239 765 nunquam
1267 705 1455 748 vidimus

68 781 237 822 Patrem
258 813 269 832 ,
293 777 519 837 quomodo
544 777 708 822 discere
738 778 957 836 potuimus
979 792 1002 820 a
1027 779 1181 820 Patre?
1206 780 1242 821 Α
1264 792 1334 820 me
1364 778 1456 836 ipso

66 849 212 892 audite
236 868 245 894 :
269 868 289 891 «
314 851 410 894 Non
437 848 539 908 quia
563 852 732 892 Patrem
755 848 864 892 vidit
886 849 1134 908 quisquam,
1156 847 1231 891 sed
1253 848 1328 908 qui
1349 857 1413 892 est
1433 864 1456 892 a

69 938 88 961 »
129 923 230 974 Deo,
256 920 325 965 hic
346 920 453 964 vidit
472 923 657 964 Patrem.
678 939 697 961 »
719 923 812 979 Ego
835 921 935 963 novi
958 924 1143 974 Patrem,
1160 919 1304 964 abillo
1326 935 1421 964 sum
1445 938 1454 966 z

65 990 139 1036 sed
154 990 378 1050 quomodo
397 992 581 1035 verbum
601 992 655 1034 ab
670 990 760 1045 illo,
779 992 902 1051 cujus
916 1000 980 1035 est
1001 992 1183 1035 verbum
1201 1012 1211 1048 3
1231 1007 1320 1035 non
1336 990 1457 1051 quod

65 1071 189 1106 sonat
218 1072 261 1107 et
285 1063 462 1117 transit,
489 1062 566 1106 sed
588 1061 708 1122 quod
741 1071 888 1106 manet
910 1078 1010 1106 cum
1035 1061 1231 1117 dicente,
1255 1072 1298 1106 et
1327 1061 1459 1106 trahit

68 1132 336 1177 audientem.

126 1205 180 1247 X.
201 1203 446 1249 Admoneat
467 1203 587 1264 quod
600 1204 797 1264 sequitur
814 1221 823 1248 ε
843 1223 862 1246 «
878 1207 1035 1258 Amen,
1053 1219 1179 1248 amen
1199 1202 1298 1248 dico
1313 1203 1457 1260 vobis,

68 1292 88 1316 >i
124 1275 200 1334 qui
221 1276 359 1320 credit
380 1275 425 1320 in
448 1290 533 1329 me,
556 1276 688 1319 habet
710 1275 843 1319 vitam
867 1285 1070 1320 aeternam
1088 1278 1118 1319 ¹.
1140 1293 1159 1316 »
1182 1275 1390 1319 Revelare
1417 1290 1460 1320 se

66 1345 205 1390 voluit
235 1346 343 1406 quid
375 1355 484 1391 esset
516 1365 524 1390 :
563 1361 663 1390 nam
700 1346 961 1406 compendio
992 1346 1135 1391 dicere
1171 1348 1341 1407 potuit,
1374 1347 1460 1400 Qui

66 1418 202 1462 credit
227 1418 272 1461 in
296 1433 389 1471 me,
417 1418 550 1462 habet
578 1434 662 1462 me.
692 1421 789 1478 Ipse
812 1418 927 1462 enim
953 1420 1149 1464 Christus
1180 1435 1306 1462 verus
1345 1422 1459 1462 Deus

68 1497 131 1532 est
152 1497 194 1532 et
216 1489 303 1532 vita
338 1497 514 1532 aeterua.
548 1489 631 1542 Qui
654 1480 763 1546 ergo·
783 1488 921 1533 eredit
943 1490 987 1533 in
1012 1505 1079 1533 me
1095 1525 1105 1544 ,
1141 1490 1312 1550 inquit,
1347 1489 1381 1532 it
1413 1489 1458 1532 in

68 1573 160 1615 me3
192 1567 235 1602 et
260 1558 335 1618 qui
367 1560 400 1602 it
431 1559 475 1602 in
497 1574 592 1614 me,
620 1560 754 1603 habet
776 1575 859 1603 me.
888 1559 1004 1612 Quid
1027 1569 1091 1604 est
1119 1570 1266 1604 autem
1299 1559 1461 1604 habere

69 1631 168 1673 me?
190 1630 350 1674 habere
368 1630 499 1674 vitam
515 1640 736 1675 (eternam.
762 1632 859 1675 Vita
882 1641 1043 1676 aeterna
1062 1642 1247 1676 mortem
1267 1647 1461 1691 assump-

70 1701 140 1755 sit,
165 1701 250 1745 vita
276 1710 439 1746 aeterna
468 1702 578 1745 mori
599 1700 759 1759 voluit3
780 1701 855 1745 sed
872 1701 926 1745 de
947 1711 1036 1756 tuo,
1063 1718 1152 1746 non
1172 1702 1227 1746 de
1246 1719 1324 1747 suo
1351 1722 1359 1747 :
1386 1718 1460 1747 ac-

71 1771 185 1829 cepit
207 1787 228 1815 a
253 1780 310 1825 te,
330 1771 408 1814 ubi
430 1781 671 1816 moreretur
690 1788 768 1831 pro
790 1781 847 1816 te.
871 1772 940 1816 Ab
960 1773 1208 1817 hominibus
1227 1773 1345 1816 enim
1370 1789 1463 1817 car—

71 1857 172 1886 nem
202 1843 451 1902 assumpsit,
482 1842 557 1887 sed
589 1859 678 1887 non
712 1859 832 1888 more
865 1844 1108 1889 bominum.
1142 1848 1254 1889 Nam
1290 1848 1461 1890 Patrem

72 1915 237 1960 habens
260 1915 303 1958 in
322 1913 450 1968 coelo,
474 1923 655 1959 matrem
673 1914 803 1974 elegit
821 1916 994 1960 interra
1016 1936 1024 1961 ;
1046 1926 1089 1960 et
1111 1915 1202 1961 illic
1223 1926 1350 1961 natus
1369 1917 1462 1961 sine

73 1994 227 2039 matre,
252 1994 296 2029 et
312 1985 382 2030 hic
399 1986 490 2029 sine
514 1988 654 2029 Patre.
680 1987 924 2045 Assumpsit
945 2002 1049 2046 ergo
1072 1988 1159 2032 vita
1180 1997 1381 2042 mortem,
1410 1996 1461 2032 ut

74 2057 161 2101 vita
182 2055 399 2100 occideret
420 2065 621 2100 mortem.
653 2059 760 2100 Nam
787 2076 807 2099 «
828 2057 904 2117 qui
927 2057 971 2101 in
993 2073 1062 2101 me
1091 2057 1255 2113 credit,
1289 2058 1460 2118 inquit,

78 2145 99 2168 »
133 2126 268 2171 habet
292 2127 426 2170 vitam
463 2135 700 2171 aeternam:
729 2146 750 2168 n
778 2143 867 2172 non
900 2128 1021 2188 quod
1057 2138 1202 2188 patet,
1235 2128 1310 2174 sed
1337 2131 1458 2190 quod

75 2197 196 2242 latet.
229 2197 326 2241 Vita
348 2197 464 2240 enim
485 2205 646 2240 aeterna
681 2198 873 2242 Verbum
906 2199 952 2242 in
981 2199 1194 2259 principio
1226 2209 1318 2244 erat
1347 2198 1465 2260 apud

77 2271 232 2323 Deum,
257 2277 301 2312 et
323 2271 434 2312 Deus
456 2278 547 2313 erat
570 2268 764 2312 Verbum
791 2288 800 2314 ε
825 2279 868 2314 et
890 2270 977 2314 vita
1001 2280 1092 2315 erat
1112 2271 1187 2315 lux
1214 2271 1461 2315 hominum.

80 2341 176 2398 Ipse
210 2340 297 2382 vita
331 2347 514 2393 aeterna,
549 2339 670 2382 dedit
701 2348 745 2382 et
779 2339 898 2383 carni
925 2350 1137 2400 susceptae
1171 2342 1304 2386 vitam
1338 2352 1466 2386 aeter-

80 2425 196 2455 nam.
221 2409 333 2455 Mori
354 2410 493 2465 venit,
516 2408 593 2454 sed
616 2409 686 2454 die
708 2410 834 2455 tertio
857 2412 1099 2458 resurrexit.
1123 2416 1242 2458 Inter
1267 2413 1461 2458 Verbum

129 2511 139 2527 ¹
159 2506 252 2537 Joan.
271 2514 315 2546 vi,
335 2503 389 2546 47.
