1825 3214
235 233 275 258 iu
309 229 482 259 somnus
514 229 819 267 EVANGELIUM,
853 228 999 257 TnAcr.
1039 231 1208 257 xxxvii.
1336 218 1419 257 409

41 297 244 356 opinatur
262 296 478 340 divinitas.
495 295 701 339 Homines
719 296 834 338 enim
855 295 990 339 deliis
1010 296 1136 339 rebus
1158 310 1265 355 quas
1285 306 1421 340 certas

40 367 227 420 habent,
253 365 486 427 aliquando
509 366 771 424 increpative
801 365 1033 419 dubitant,
1059 366 1101 409 id
1126 376 1188 409 est
1205 402 1214 419 ‚
1241 367 1420 410 verbum

40 437 322 481 dubitationis
352 445 553 496 ponunt,
587 451 686 480 cum
710 435 840 480 corde
870 452 957 479 non
980 436 1185 480 dubitent
1214 456 1221 480 :
1248 436 1368 480 velut
1390 437 1421 479 si

39 507 272 565 indigneris
307 523 430 551 servo
466 517 540 550 tuo
563 516 604 550 et
628 506 760 559 dieas,
781 507 1024 550 contemnis
1051 521 1117 548 me
1136 542 1146 558 ,
1168 506 1389 550 considera
1409 543 1419 560 ,

40 578 220 622 forsitan
243 578 445 622 dominus
471 588 569 622 tuus
591 592 701 621 sum.
734 577 843 620 Hinc
874 586 917 620 et
943 576 1175 636 Apostolus
1208 576 1260 620 ad
1291 593 1424 636 quos-

39 648 138 692 dam
170 658 491 707 contemptores
521 663 620 691 suos
650 647 831 707 loquens
864 648 922 690 ait
949 667 957 692 :
988 667 1007 688 «
1036 651 1147 691 Puto
1181 658 1351 700 autem,
1384 657 1426 690 et

45 739 61 759 »
97 734 178 777 ego
215 719 421 778 Spiritum
458 719 533 761 Dei
559 718 742 762 liabeo¹.
773 738 789 757 »
816 718 898 770 Qui
923 717 1026 761 dicit
1063 726 1199 776 puto,
1225 716 1426 759 dubitare

38 788 211 832 videtur
236 805 244 832 :
271 790 345 832 sed
369 788 440 832 ille
460 789 739 847 increpabat,
765 804 853 831 non
877 788 1122 831 dubitabat.
1148 790 1204 831 Et
1226 787 1315 845 ipse
1340 790 1427 830 Do-

38 860 181 903 minus
203 860 400 904 Christus
430 859 514 903 alio
538 858 634 903 loco
659 860 884 917 increpans
908 857 1206 901 infidelitatem
1233 858 1426 901 futuram

40 930 208 988 generis
237 930 440 983 humani,
464 950 479 968 «
504 932 615 974 Cum
649 930 841 981 venerit,
867 929 1039 989 inquit,
1073 928 1186 972 filius
1216 927 1424 982 hominis,

42 1018 63 1040 »
99 1010 225 1059 putas
248 1001 439 1044 inveniet
463 1001 590 1044 fidem
616 1002 658 1044 in
684 1010 794 1044 terra
809 1003 857 1044 ’ΞΡ

108 1073 182 1114 lv.
209 1073 304 1114 Jam
334 1082 549 1131 quantum
573 1071 769 1115 existimo
788 1106 798 1124 ‚
834 1069 1102 1113 intellexistis
1129 1069 1352 1129 quomodo
1376 1071 1429 1114 sit

38 1140 227 1201 positum
246 1177 255 1195 ‚
286 1160 302 1180 «
330 1141 509 1185 forsitan
532 1161 539 1186 ;
563 1162 578 1182 »
594 1157 647 1184 ne
671 1141 767 1201 quis
789 1141 1022 1183 verborum
1045 1155 1259 1199 appensor
1281 1150 1322 1184 et
1346 1139 1430 1198 syl-

38 1211 237 1255 labarum
257 1212 539 1264 examinator,
557 1211 692 1254 veluti
715 1211 848 1254 latine
871 1211 992 1270 loqui
1015 1210 1168 1264 sciens,
1191 1211 1428 1269 repreben-

40 1282 114 1326 dat
136 1282 319 1325 verbum
343 1282 463 1341 quod
494 1282 603 1325 dixit
636 1282 712 1325 Dei
748 1282 967 1339 Verbum·⁷
1003 1291 1046 1325 et
1068 1280 1429 1341 reprehendendo

41 1354 117 1398 Dei
153 1354 371 1406 Verbum,
405 1369 492 1397 non
527 1353 736 1413 eloquens
753 1388 762 1406 ‚
789 1353 864 1397 sod
895 1363 1041 1397 mutus
1065 1362 1301 1396 remaneat.
1327 1354 1429 1405 Quis

41 1425 155 1468 enim
182 1423 378 1484 loquitur
400 1425 480 1478 sic,
508 1423 730 1483 quomodo
753 1423 948 1483 loquitur
970 1424 1164 1466 Verbum
1193 1421 1313 1483 quod
1339 1433 1429 1467 erat

40 1496 85 1538 in
114 1495 325 1554 principio
349 1494 466 1553 apud
492 1498 625 1537 Deum
641 1497 658 1536 ’ἶ
679 1493 775 1538 Noli
798 1493 927 1536 verba
952 1493 1029 1537 ista
1053 1492 1352 1546 considerare,
1387 1502 1430 1537 et

42 1581 91 1609 ex
127 1565 194 1610 his
230 1565 372 1609 verbis
408 1566 583 1608 assuetis
618 1564 727 1608 illud
761 1564 954 1608 Verbum
990 1564 1131 1607 metiri
1164 1562 1274 1607 velle
1307 1563 1428 1622 quod

43 1639 156 1680 Deus
179 1646 256 1680 est.
280 1636 416 1679 Audis
442 1636 557 1678 enim
590 1635 780 1678 Verbum
801 1645 843 1678 et
865 1635 1106 1678 contemnis
1129 1654 1136 1679 :
1164 1633 1265 1678 audi
1291 1637 1428 1677 Deum

42 1716 84 1749 et
110 1707 245 1750 time:
276 1725 290 1744 «
323 1709 370 1749 In
393 1706 605 1764 principio
639 1714 729 1748 erat
768 1705 960 1748 Verbum
978 1705 1008 1747 ³.
1041 1725 1057 1745 »
1084 1707 1148 1748 Tu
1172 1720 1345 1748 revocas
1374 1704 1429 1750 ad

41 1793 170 1821 usum
206 1777 577 1820 sermocinationis
611 1786 698 1819 ture
719 1811 729 1830 ,
763 1785 805 1820 et
838 1775 943 1819 dicis
977 1774 1093 1834 apud
1126 1784 1197 1829 te,
1223 1774 1336 1828 Quid
1366 1784 1429 1818 est

42 1848 257 1892 verbum?
290 1847 395 1907 quid
433 1863 638 1906 magnum
676 1856 738 1891 est
765 1847 985 1890 verbum?
1013 1856 1138 1891 sonat
1169 1856 1212 1890 et
1246 1847 1428 1904 transit3

44 1919 271 1962 verberato
288 1923 385 1962 ae're
402 1933 547 1961 aurem
568 1919 755 1976 percutit
774 1953 784 1971 ‚
808 1926 954 1976 postea
980 1933 1069 1960 non
1091 1916 1186 1960 erit.
1212 1916 1327 1960 Audi
1351 1916 1430 1960 ad-

43 1989 129 2032 huc
149 2024 160 2042 ‚
185 2007 202 2028 «
231 1989 424 2032 Verbum
465 1998 556 2031 erat
578 1987 694 2046 apud
719 1991 854 2031 Deum
884 2007 891 2031 z
921 2006 939 2027 n
968 1988 1199 2040 manebat,
1242 2003 1329 2031 non
1367 2003 1433 2031 so-

44 2059 190 2102 nando
218 2058 442 2101 transibat.
471 2057 627 2100 Adhuc
652 2055 760 2100 forte
783 2057 1022 2101 contemnis
1049 2077 1057 2100 ε
1085 2060 1198 2100 Deus
1215 2067 1307 2101 erat
1325 2060 1432 2100 Ver-

46 2130 168 2172 bum.
199 2129 328 2187 Apud
368 2138 408 2171 te
436 2128 604 2187 ipsum,
641 2143 666 2171 0
697 2129 858 2181 homo,
899 2143 998 2172 eum
1035 2137 1098 2171 est
1135 2128 1179 2170 in
1202 2129 1431 2172 cordetuo

45 2199 256 2253 verbum,
293 2197 410 2242 aliud
436 2208 499 2242 est
536 2214 666 2258 quam
704 2215 834 2242 sonus
862 2219 869 2243 :
895 2198 969 2242 sed
1003 2199 1185 2242 verbum
1218 2199 1338 2258 quod
1369 2208 1432 2243 est

47 2269 163 2328 apud
187 2278 245 2321 te,
262 2278 311 2312 ut
333 2277 520 2312 transeat
539 2269 591 2311 ad
615 2284 696 2319 me,
722 2284 874 2312 sonum
899 2269 1020 2329 quasi
1043 2268 1291 2313 vehiculum
1314 2286 1433 2329 quae-

47 2342 117 2385 rit.
157 2341 347 2383 Assumit
380 2354 481 2397 ergo
513 2355 691 2392 sonum,
718 2340 902 2398 imponit
934 2356 978 2383 se
1014 2340 1205 2399 quodam
1231 2341 1363 2384 modo
1386 2342 1430 2383 in

47 2408 295 2454 vehiculum
315 2445 324 2461 ,
348 2410 601 2453 transcurrit
628 2414 767 2452 aerem
786 2445 796 2463 ,
823 2412 940 2453 venit
963 2410 1013 2453 ad
1052 2426 1141 2465 me,
1168 2425 1245 2453 nec
1271 2410 1433 2454 recedit

49 2496 71 2524 a
96 2491 151 2524 te.
181 2482 319 2524 Sonus
343 2489 488 2523 autem
526 2490 574 2523 ut
609 2480 775 2524 veniret
800 2479 853 2523 ad
885 2495 953 2523 me
969 2515 980 2533 ‚
1016 2481 1187 2524 recessit
1210 2496 1232 2523 a
1258 2489 1300 2522 tc
1318 2515 1328 2528 ,
1353 2495 1431 2523 nec

100 2570 107 2586 ¹
130 2576 142 2596 1
163 2564 236 2597 Cor.
259 2574 318 2603 vu,
334 2561 387 2604 4ο.
409 2580 449 2586 -
474 2570 486 2586 ²
503 2566 577 2595 Luc.
595 2574 686 2603 xviii,
702 2563 732 2595 8.
754 2580 794 2585 -—
812 2562 824 2585 3
842 2565 931 2595 Joan.
960 2575 983 2603 i,
1001 2574 1029 2603 1,
1057 2567 1119 2594 etc.
