1825 3214
299 198 345 224 m
376 195 550 225 sommis
582 196 892 234 EVANGELIUM‚
927 196 1074 224 ‘ratic-r.
1110 197 1252 225 xxxiv.
1377 185 1462 224 383

78 263 217 314 Quam
240 261 375 305 rixam
393 297 403 316 ‚
430 262 594 322 inquis,
621 262 829 306 invenio?
856 282 873 302 «
896 264 1006 306 Caro
1032 262 1299 321 concupiscit
1316 260 1466 305 adver-

83 350 102 373 »
137 347 208 376 sus
236 333 435 392 spiritum
452 367 463 387 ,
488 342 531 377 et
558 332 732 392 spiritus
755 333 959 376 adversus
981 348 1155 376 carnem
1173 336 1201 376 ¹.
1233 351 1251 373 »
1285 335 1395 376 Ecce
1420 340 1468 376 tu

80 402 170 462 ipse
192 418 258 457 es,
285 419 383 447 ccce
407 412 453 446 tu
478 402 593 447 solus
617 419 660 448 es
676 439 686 457 ‚
713 419 812 447 cece
837 411 978 446 tccum
999 419 1063 455 cs,
1087 418 1186 446 cccc
1210 403 1342 445 alium
1365 401 1468 445 nul-

79 472 173 518 lum
190 475 410 518 hominem
436 475 616 534 ριιῑιὲνίε.ΓΖ
634 494 643 520 :
659 474 733 519 sed
751 474 869 519 vides
889 473 1015 518 aliam
1037 472 1178 532 legem
1197 473 1240 516 in
1266 473 1470 516 membris

80 545 166 588 tuis
183 579 194 600 ,
219 553 535 604 repugnantem
558 544 642 604 legi
662 546 816 589 mentis
842 554 929 588 tuae
948 579 958 599 ,
984 553 1026 588 ct
1048 544 1336 602 captivantem
1363 553 1404 586 tc
1426 543 1472 586 in

81 615 176 674 lege
199 617 364 677 pcccati
385 652 395 670 ‚
421 633 520 677 quae
542 627 605 661 est
633 618 677 660 in
700 617 906 660 membris
926 616 1024 660 tuis.
1051 614 1253 659 Exclama
1277 630 1379 673 ergo
1395 649 1404 667 ‚
1431 622 1474 657 ct

85 701 107 730 a
131 687 220 730 rixa
243 687 448 731 interiore
469 687 606 732 clama
623 687 678 732 ad
703 690 857 741 Deum,
883 696 931 730 ut
955 687 1033 730 tibi
1056 686 1253 745 pacificet
1277 694 1334 740 te,
1356 702 1374 725 «
1391 684 1475 728 Mi-

88 775 108 799 »
143 772 210 802 ser
231 774 313 817 ego
331 759 485 812 homo,
510 760 607 819 quis
628 774 697 802 me
715 758 918 802 liberabit
935 758 990 802 de
1010 772 1192 817 corpore
1217 756 1366 801 mortis
1389 756 1474 800 hu-

88 846 108 870 »
139 830 272 890 jus³·3
297 849 316 871 n
339 830 483 874 Gratia
511 831 583 873 Dei
602 845 679 890 per
696 833 845 874 ,lesum
868 829 1090 874 Christum
1117 828 1350 872 Dominum
1375 843 1477 870 nos-

87 908 218 943 trum.
257 900 367 952 Quia
390 919 409 942 «
435 901 516 953 Qui
541 916 632 955 me,
658 901 799 960 inquit
817 936 827 955 ‚
859 901 1082 960 sequitur,
1114 914 1203 943 non
1232 897 1477 942 ambulabit

90 987 110 1010 »
147 970 190 1013 in
214 971 403 1014 tenebris
421 1006 431 1026 ,
457 971 532 1015 sed
549 971 727 1016 habebit
749 971 896 1015 lumen
922 971 1034 1014 vitae.
1051 989 1070 1011 »
1089 969 1231 1013 Finita
1257 978 1344 1012 tota
1369 968 1473 1023 rixa,

86 1039 386 1086 immortalitas
414 1051 732 1102 consequetur,
769 1043 870 1102 quia
899 1041 1129 1086 novissima
1164 1040 1338 1084 inimica
1377 1039 1478 1083 des-

88 1119 260 1156 truetur
287 1127 418 1157 mors.
444 1116 500 1157 Et
528 1112 668 1172 qualis
691 1128 773 1172 pax
796 1113 905 1156 erit?
931 1131 950 1154 «
975 1114 1162 1171 Oportet
1192 1110 1479 1170 corruptibile

90 1197 113 1223 »
148 1182 232 1227 hoc
258 1181 440 1226 induere
463 1183 836 1242 incorruptionem
858 1217 869 1237 ,
899 1192 941 1226 et
972 1181 1156 1227 mortale
1184 1183 1266 1226 hoc
1295 1180 1480 1224 induere

94 1270 115 1294 »
148 1253 561 1298 immortalitatem⁴.
597 1272 616 1296 η
648 1257 746 1308 Quo
777 1263 826 1298 ut
857 1254 1082 1299 veniamus
1101 1289 1111 1309 ,
1137 1253 1239 1314 quia
1270 1262 1377 1296 tunc
1399 1251 1481 1296 erit

89 1323 136 1367 in
158 1339 203 1368 re
218 1359 229 1377 ‚
261 1340 380 1369 nunc
402 1340 636 1385 sequamur
659 1327 705 1369 in
726 1340 802 1385 spe
831 1341 931 1369 eum
960 1325 1037 1385 qui
1063 1324 1168 1369 dixit
1190 1343 1199 1369 :
1225 1343 1245 1366 «
1271 1326 1362 1382 Ego
1383 1337 1481 1367 sum

94 1412 115 1436 »
149 1393 224 1438 lux
249 1396 403 1440 mundi
425 1415 434 1440 :
463 1396 539 1456 qui
563 1411 631 1440 me
665 1396 886 1456 sequitur,
912 1411 1002 1440 non
1023 1394 1269 1440 ambulabit
1290 1394 1336 1438 in
1355 1405 1481 1438 tene-

94 1483 115 1507 »
150 1466 236 1511 bris
254 1501 266 1522 ,
286 1467 362 1511 sed
384 1467 564 1512 habebit
585 1467 736 1512 lumen
754 1468 871 1513 vitae.
899 1485 919 1509 »

143 1582 151 1600 ¹
172 1575 276 1610 Galat.
297 1587 331 1618 v,
356 1587 408 1619 ¹7·
428 1593 470 1600 --
489 1583 502 1600 ²
523 1579 614 1610 Rom.
635 1588 691 1620 vn,
711 1578 765 1610 23.
787 1594 828 1602 ·-·
849 1575 962 1610 ³1bid.
982 1576 1038 1620 24.
1058 1594 1100 1600 -
1118 1574 1135 1606 4
1153 1588 1166 1609 1
1188 1577 1263 1609 Cor.
1282 1586 1338 1617 xv,
1359 1574 1412 1608 35.
