1809 3173
358 200 438 238 488
792 210 825 239 S.
863 211 1088 241 AUGUSTrNi
1123 214 1300 241 Ei‘ISCOPI

357 276 451 332 guis
469 278 479 300 ¹
498 278 515 319 P
531 277 754 336 Numquid
770 293 855 321 nox
878 288 968 322 erat
985 279 1162 338 quando
1178 279 1361 323 claudus
1381 279 1455 323 ille
1477 280 1533 323 ad
1554 281 1737 324 verbum

356 347 469 390 Petri
492 348 632 391 salvus
655 348 834 392 effectus
872 359 960 403 est,
998 350 1085 393 imo
1109 349 1163 392 ad
1187 350 1370 394 verbum
1405 351 1577 394 Domini
1611 351 1738 394 habi-

355 417 484 460 tantis
506 417 549 459 in
575 420 701 461 Petro
715 421 731 444 ²
749 420 765 460 ?
779 419 1001 477 Numquid
1017 435 1101 462 nox
1115 428 1206 462 erat
1221 419 1397 479 quando
1414 420 1738 464 transeuntibus

357 486 576 545 discipulis
599 489 699 545 aegri
740 504 839 532 cum
863 488 1034 532 lectulis
1075 490 1355 547 ponebantur
1372 525 1383 544 ‚
1409 499 1459 534 ut
1481 490 1549 534 vel
1583 491 1738 534 umbra

355 559 675 602 transeuntium
695 562 1005 616 tangerentur?
1023 562 1232 604 Dominus
1249 571 1393 605 autem
1412 577 1510 605 cum
1523 562 1593 605 hic
1612 571 1736 615 esset,

354 629 571 672 neminem
594 630 804 672 transiens
819 630 974 674 umbra
998 646 1073 674 sua
1097 631 1261 675 salvum
1284 631 1384 675 fecit
1399 634 1414 657 ³
1433 651 1441 675 :
1465 631 1537 675 sed
1553 632 1639 688 ipse
1658 631 1740 675 dis-

353 699 507 758 cipulis
536 699 702 743 dixerat
724 719 732 745 z
761 719 780 741 «
800 703 960 756 MaJ'ora
983 702 1137 745 horum
1159 702 1322 746 facietis
1337 704 1368 745 ⁴.
1396 720 1415 742 »
1444 702 1616 745 Dixerat
1638 703 1738 761 qui-

355 769 454 812 dem
479 770 701 824 Dominus,
727 771 889 829 Majora
913 772 1071 815 horum
1097 771 1260 816 facietis
1281 792 1289 816 z
1321 771 1395 816 sed
1418 788 1506 815 non
1529 787 1571 815 se
1603 772 1740 816 extol-

358 840 419 884 lat
441 856 539 884 caro
565 851 607 885 ct
642 843 835 899 sanguis,
877 842 1024 887 audiat
1061 842 1302 899 dicentem,
1341 862 1359 885 «
1388 843 1486 887 Sine
1520 858 1589 886 mc
1635 842 1743 886 nihil

361 928 381 951 n
418 911 595 969 potestis
632 911 815 955 facere⁵.
847 931 866 953 »

359 1003 363 1007 ¹
421 984 498 1025 Vl.
526 982 638 1034 Quid
663 982 826 1039 igitur?
847 982 963 1035 Quid
986 982 1180 1027 dicemus
1203 983 1257 1027 de
1277 991 1404 1027 nocte
1428 984 1536 1027 ista?
1559 982 1745 1036 Quando

359 1051 460 1105 erit,
487 1051 663 1111 quando
690 1068 819 1097 nemo
857 1054 1015 1112 poterit
1045 1054 1245 1113 operari?
1268 1056 1361 1099 Nox
1396 1053 1476 1097 ista
1512 1053 1744 1112 impiorum

361 1122 441 1165 erit
469 1141 477 1166 ;
501 1138 587 1165 nox
607 1123 685 1166 ista
707 1138 857 1166 eorum
876 1123 955 1166 erit
988 1123 1147 1183 quibus
1178 1124 1221 1167 in
1244 1124 1327 1167 fine
1347 1123 1515 1167 dicetur
1538 1142 1545 1167 ε
1578 1143 1595 1164 «
1620 1126 1684 1166 ite
1701 1123 1745 1166 in

365 1210 383 1232 »
419 1193 566 1250 ignem
604 1202 838 1247 aeternum,
877 1194 953 1253 qui
988 1203 1161 1252 paratus
1199 1202 1263 1237 est
1299 1192 1475 1237 diabolo
1512 1202 1555 1236 et
1589 1193 1750 1250 angelis

366 1280 386 1303 >›
424 1263 514 1320 ejus
532 1263 564 1305 ⁶.
591 1281 608 1302 »
637 1262 720 1306 Sed
756 1278 841 1306 nox
875 1264 988 1307 dicta
1023 1272 1109 1317 est,
1146 1279 1236 1306 non
1270 1263 1469 1316 flamma,
1510 1277 1599 1306 non
1621 1263 1744 1320 ignis.

368 1333 481 1375 Audi
501 1333 602 1391 quia
637 1342 680 1375 et
701 1349 785 1377 nox
818 1342 894 1376 est.
924 1337 984 1377 De
1016 1333 1205 1393 quodam
1229 1349 1351 1377 servo
1387 1332 1491 1377 dicit
1519 1352 1527 1377 2
1558 1352 1576 1374 «
1602 1333 1750 1389 Ligate

305 1400 311 1405 “
369 1419 389 1441 »
425 1402 486 1445 ilii
509 1418 662 1446 manus
685 1412 726 1446 et
761 1404 914 1462 pedes,
941 1412 983 1446 et
1005 1403 1201 1462 projicite
1223 1418 1321 1446 eum
1344 1403 1386 1446 in
1412 1403 1611 1446 tenebras
1634 1412 1750 1445 exte-

371 1490 392 1513 »
428 1473 605 1517 riores⁷.
634 1492 653 1514 »
675 1474 889 1532 Operetur
911 1488 1012 1531 ergo
1034 1475 1166 1517 homo
1189 1472 1294 1517 dum
1312 1474 1434 1528 vivit,
1455 1488 1510 1516 ne
1525 1472 1596 1516 illa
1624 1483 1751 1517 nocte

367 1544 680 1602 praeveniatur,
699 1544 773 1587 ubi
795 1559 923 1588 nemo
946 1545 1078 1603 possit
1095 1545 1277 1603 operari.
1298 1544 1432 1587 Modo
1452 1553 1514 1587 est
1531 1553 1580 1586 ut
1599 1559 1751 1602 opere-

371 1625 441 1658 tur
463 1615 568 1658 fides
591 1631 667 1674 per
688 1615 963 1659 dilectionem
986 1635 993 1659 ς
1020 1625 1060 1659 et
1084 1616 1117 1659 si
1140 1615 1271 1659 modo
1301 1630 1531 1674 operamur
1547 1650 1557 1669 ,
1583 1615 1654 1658 hic
1689 1624 1751 1658 est

369 1685 460 1728 dies
480 1719 490 1737 ‚
528 1685 599 1728 hic
639 1695 702 1728 est
724 1686 934 1728 Christus.
963 1685 1078 1728 Audi
1103 1685 1452 1744 promittentem,
1478 1694 1520 1727 et
1543 1700 1596 1727 ne
1633 1685 1750 1727 arbi-

369 1756 491 1799 treris
525 1756 763 1799 absentem.
793 1759 889 1814 Ipse
907 1756 1012 1799 dixit
1032 1776 1039 1797 :
1064 1759 1177 1799 Ecce
1200 1771 1281 1813 ego
1310 1755 1536 1799 vobiscum
1559 1771 1653 1798 sum
1668 1757 1698 1798 8.
1728 1774 1747 1796 »

370 1825 711 1878 Quandiu‘?Non
727 1827 780 1869 sit
802 1827 844 1869 in
861 1826 985 1870 nobis
1006 1825 1253 1870 sollicitudo
1277 1827 1351 1885 qui
1374 1827 1557 1869 vivimus
1579 1845 1587 1869 :
1609 1826 1642 1868 si
1659 1826 1751 1868 fieri

372 1906 534 1956 posset⁷
561 1897 615 1940 de
647 1897 726 1940 hac
750 1897 877 1940 etiam
900 1913 1006 1940 voce
1029 1907 1219 1955 posteros
1240 1898 1315 1956 qui
1347 1896 1482 1940 futuri
1505 1907 1605 1940 sunt
1627 1913 1751 1941 secu—

372 1967 558 2011 rissimos
583 1967 835 2010 faceremus.
863 1970 974 2010 Ecce
990 2002 1000 2020 ‚
1025 1967 1191 2026 inquit,
1213 1982 1290 2024 ego
1312 1967 1536 2010 vobiscum
1567 1981 1660 2009 sum
1683 1982 1752 2010 ns-

373 2052 458 2097 que
479 2038 522 2080 in
541 2038 956 2081 consummationem
973 2035 1132 2079 saeculi.
1153 2035 1249 2079 Dies
1266 2036 1344 2078 iste
1359 2036 1432 2094 qui
1451 2036 1633 2079 circuitu
1653 2035 1752 2080 solis

371 2108 501 2167 hujus
540 2107 747 2166 impletur
762 2141 772 2160 ,
814 2122 972 2165 paucas
1010 2107 1134 2149 horas
1176 2106 1310 2149 habet
1345 2125 1353 2149 :
1384 2105 1472 2149 dies
1511 2108 1751 2164 praesentiae

369 2178 528 2223 Christi
552 2179 747 2237 usquein
771 2177 1186 2221 consummationem
1212 2175 1356 2219 saeculi
1375 2178 1634 2220 extenditur.
1652 2181 1751 2221 Post

367 2250 724 2293 resurrectionem
743 2264 845 2293 vero
867 2249 1062 2292 vivorum
1087 2259 1129 2291 et
1155 2258 1425 2291 mortuorum
1443 2283 1453 2300 ,
1479 2263 1577 2291 cum
1602 2248 1751 2306 positis

368 2322 422 2364 ad
440 2321 662 2364 dexteram
685 2321 838 2364 dixerit
865 2340 872 2364 :
904 2339 921 2361 «
950 2320 1099 2363 Venite
1114 2319 1330 2363 benedicti
1355 2319 1490 2362 Patris
1512 2320 1595 2362 mei
1612 2355 1621 2373 7
1648 2335 1748 2377 per-

367 2410 386 2433 »
406 2393 535 2451 cipite
558 2407 739 2450 regnum
768 2411 775 2435 :
797 2392 942 2450 positis
961 2400 1104 2434 autem
1125 2390 1174 2434 ad
1193 2391 1404 2434 sinistram
1429 2389 1597 2443 dixerit,
1623 2393 1686 2434 Ite
1700 2390 1745 2433 in

413 2496 422 2509 ¹
445 2491 516 2520 Act.
546 2500 579 2529 ιι,
601 2499 631 2519 2.
654 2505 692 2510 —-
718 2494 730 2509 ⁷-
749 2488 782 2518 M
822 2499 868 2521 ιιι,
889 2488 920 2518 6.
943 2504 983 2508 -
1011 2485 1636 2527 31‹l.v,15.-—4.10an.x1v,1o.,—
1662 2484 1676 2506 ⁵
1694 2486 1739 2517 Id.

364 2553 419 2579 xv,
439 2543 468 2573 Γ).
494 2561 529 2565 —
552 2541 566 2562 ⁴3
586 2542 690 2573 Multi}
727 2553 797 2572 xxv.
826 2542 876 2582 4²·
898 2558 935 2563 --
956 2549 967 2573 7
989 2542 1021 2571 m
1055 2552 1130 2579 xxia,
1154 2541 1203 2572 13.
1227 2558 1265 2562 --
1285 2540 1357 2572 ΒΜ.
1381 2551 1492 2581 xxwu,
1513 2550 1566 2572 520.
