1809 3173
344 210 426 250 458
794 221 827 251 s.
863 220 1093 251 Auens-mm
1124 223 1306 251 Emscom

342 287 503 330 dantur
536 286 590 330 ad
609 287 902 331 obediendum
929 289 1145 343 membra,
1178 287 1373 349 quotidie
1394 289 1439 332 in
1467 289 1722 348 proficiente

342 359 579 402 minuatur.
606 357 751 414 Velle,
791 358 958 418 inquit,
999 359 1167 419 adjacet
1190 361 1322 415 mihi,
1348 361 1556 419 perficere
1581 369 1725 404 autem

342 429 509 472 bonum
528 444 630 472 non.
653 429 876 489 Numquid
899 430 1006 472 dixit
1031 448 1039 473 ;
1060 432 1156 473 Νοη
1180 430 1282 473 mihi
1306 430 1471 490 adjacet
1488 429 1628 474 facere
1651 431 1726 474 bo-

342 500 481 542 num?
505 500 545 543 Si
563 499 646 542 hoc
666 498 853 550 dixisset,
879 514 972 557 spes
995 499 1114 542 nulla
1135 509 1258 542 esset.
1280 503 1373 544 Non
1393 502 1451 544 ait
1469 536 1479 554 ,
1503 504 1599 545 Non
1622 501 1728 543 mibi

343 568 511 628 adjacet
550 568 691 612 facere
715 569 847 621 2-sed,
892 571 988 612 Non
1018 568 1125 611 mihi
1159 569 1326 629 adjacet
1362 561 1582 628 perficere.
1621 573 1728 623 Quae

342 649 406 682 est
428 639 543 682 enim
573 639 783 698 perfectio
817 639 919 682 boni
939 674 949 692 ,
977 639 1057 681 nisi
1089 640 1363 698 consumptio
1396 649 1439 683 et
1472 641 1569 683 finis
1596 640 1729 683 mali?

343 711 451 762 Quse
491 718 554 752 est
588 718 731 752 autem
772 709 1046 766 consumptio
1080 709 1183 752 mali
1218 709 1297 752 nisi
1327 709 1448 768 quod
1486 709 1554 753 lex
1589 708 1727 754 dicit:

348 797 368 820 «
403 781 499 823 Non
529 779 805 837 concupisces
823 781 833 802 ¹
854 781 871 822 P
896 797 915 819 η
942 780 1131 822 Omnino
1166 794 1255 822 non
1299 779 1602 837 concupiscere
1633 794 1732 838 per-

344 847 474 892 fectio
514 849 617 892 boni
656 857 748 902 est,
792 849 892 908 quia
939 849 1214 907 consumptio
1262 850 1363 892 mali
1407 859 1484 892 est.
1534 852 1625 893 Hoc
1664 849 1733 892 di—

346 920 472 962 cebat
496 918 567 962 ille
598 939 606 963 2
642 920 851 963 Perficere
883 920 1048 962 bonum
1075 935 1162 963 non
1180 920 1285 963 mihi
1308 919 1499 978 adjacet,
1519 920 1620 979 quia
1640 935 1730 964 non

345 998 514 1048 poterat
551 989 693 1033 facere
730 999 893 1033 utnon
928 991 1252 1049 concupisceret
1287 1009 1295 1034 z
1332 989 1520 1034 faciebat
1557 998 1728 1034 tantum

347 1069 397 1104 ut
428 1061 826 1119 concupiscentiam
864 1059 1127 1114 refrenaret,
1160 1070 1209 1104 ut
1243 1061 1603 1119 concupiscentiae
1642 1076 1732 1104 non

346 1132 623 1186 consentiret,
641 1141 682 1175 et
697 1133 1059 1190 concupiscentiae
1077 1133 1275 1176 membra
1297 1131 1348 1175 ad
1368 1131 1619 1175 satellitium
1642 1147 1731 1175 non

344 1202 572 1260 praeberet.
598 1203 807 1245 Perficere
833 1218 958 1260 ergo,
986 1203 1129 1262 inquit
1147 1237 1158 1256 ,
1186 1203 1351 1246 bonum
1375 1218 1464 1246 non
1486 1202 1591 1244 mihi
1611 1201 1732 1261 adja-

346 1282 414 1316 cet
438 1291 445 1315 :
472 1287 561 1315 non
587 1288 760 1330 possum
790 1273 969 1331 implere
991 1272 1110 1332 quod
1136 1273 1302 1316 dictum
1332 1281 1422 1325 est,
1448 1275 1544 1316 Non
1569 1286 1733 1315 concu-

345 1344 496 1402 pisces.
520 1343 635 1395 Quid
657 1359 758 1400 ergo
782 1360 890 1402 opus
920 1346 1014 1387 est?
1045 1347 1102 1388 Ut
1124 1344 1303 1402 impleas
1322 1379 1332 1398 ,
1367 1348 1466 1387 Post
1496 1344 1731 1402 concupis-

281 1419 287 1424 *
347 1414 509 1457 centias
547 1422 641 1456 tuas
680 1429 768 1456 non
802 1429 886 1456 eas.
922 1416 1014 1457 Hoc
1042 1429 1120 1472 age
1154 1414 1329 1457 interim
1364 1412 1561 1473 quandiu
1582 1413 1732 1457 insunt

345 1483 509 1527 illicitae
533 1483 898 1541 concupiscentiae
917 1484 961 1526 in
978 1499 1106 1527 carne
1129 1493 1203 1527 tua
1220 1519 1230 1538 ,
1257 1503 1274 1524 «
1302 1487 1402 1527 Post
1423 1483 1735 1542 concupiscen-

349 1573 369 1595 »
404 1554 482 1597 tias
504 1562 599 1597 tuas
622 1568 710 1597 non
733 1557 847 1596 eas‘2.
876 1572 895 1593 »
914 1556 1042 1597 Mane
1062 1554 1105 1596 in
1129 1554 1335 1598 servitute
1360 1553 1451 1607 Dei,
1473 1553 1517 1595 in
1535 1552 1733 1596 libertate

346 1624 526 1677 Christi,
551 1632 699 1667 mente
722 1623 832 1667 servi
854 1623 938 1682 legi
969 1624 1044 1667 Dei
1066 1624 1130 1667 tui
1159 1643 1168 1668 :
1197 1624 1294 1668 Noli
1317 1633 1359 1667 te
1381 1624 1484 1666 dare
1501 1623 1732 1682 concupis—

345 1693 495 1738 centiis
513 1694 614 1736 tuis.
641 1694 872 1752 Sequendo
894 1709 980 1746 eas,
994 1694 1103 1737 vires
1125 1694 1184 1738 eis
1202 1693 1349 1738 addis:
1376 1693 1522 1738 dando
1544 1694 1602 1737 eis
1624 1695 1734 1738 vires

347 1762 570 1824 quomodo
592 1762 741 1817 vincis,
762 1763 940 1822 quando
959 1772 1110 1806 contra
1132 1772 1174 1806 te
1196 1763 1392 1807 inimicos
1414 1765 1552 1807 nutris
1569 1764 1735 1808 viribus

347 1835 433 1880 tuis
451 1837 469 1878 Ρ

421 1907 546 1948 XIII.
574 1906 682 1957 Quae
704 1903 837 1962 igitur
858 1902 1032 1945 libertas
1055 1901 1184 1961 plena
1207 1912 1338 1962 atque
1364 1902 1555 1961 perfecta
1578 1903 1624 1946 in
1658 1903 1733 1948 illo

348 1977 535 2022 Domino
562 1977 664 2018 Jesu
687 1975 763 2033 qui
790 1973 929 2020 dixit-z
961 1991 980 2014 «
1008 1973 1048 2016 Si
1070 1989 1146 2017 vos
1178 1973 1306 2016 Filius
1328 1973 1603 2027 liberaverit,
1628 1983 1734 2017 tunc

351 2067 372 2090 »
407 2062 507 2092 vere
533 2045 658 2089 liberi
691 2045 806 2088 eritis
833 2063 841 2087 :
871 2061 890 2084 »
925 2043 1101 2103 quando
1124 2044 1250 2102 plena
1278 2053 1319 2087 et
1342 2044 1533 2102 perfecta
1562 2044 1734 2089 libertas

350 2120 432 2163 erit
455 2137 464 2162 ε
489 2116 665 2177 quando
683 2115 817 2159 nullae
839 2115 1091 2167 inimicitiae,
1112 2114 1290 2174 quando
1308 2115 1537 2158 novissima
1559 2115 1734 2158 inimica

351 2189 596 2233 destruetur
614 2203 743 2231 mors.
766 2205 785 2228 «
811 2188 992 2245 Oportet
1014 2186 1128 2229 enim
1147 2185 1430 2245 corruptibile
1449 2187 1532 2229 hoc
1552 2185 1734 2230 induere

353 2277 374 2301 »
410 2258 803 2316 incorruptionem,
840 2266 883 2300 et
905 2256 1085 2300 mortale
1108 2257 1190 2300 hoc
1223 2255 1404 2299 induere
1432 2255 1733 2300 immortalita-

354 2349 374 2372 »
410 2338 497 2373 tem
518 2348 525 2372 :
555 2344 654 2372 cum
677 2326 858 2372 mortale
880 2327 962 2371 hoc
996 2327 1188 2371 induerit
1208 2326 1575 2371 immortalitatem
1592 2362 1602 2382 ,
1628 2336 1733 2372 tunc

354 2419 374 2441 »
409 2400 484 2443 fiet
505 2414 644 2442 sermo
664 2399 740 2458 qui
758 2398 939 2456 scriptus
957 2406 1045 2442 est:
1072 2398 1286 2457 Absorpta
1304 2407 1368 2441 est
1390 2412 1503 2440 mors
1524 2397 1570 2440 in
1592 2398 1732 2442 victo-

351 2489 372 2512 »
408 2470 529 2514 riam.
571 2469 655 2513 Ubi
678 2477 765 2523 est,
789 2483 926 2523 mors,
951 2467 1176 2512 contentio
1198 2468 1332 2512 tuassp
1352 2485 1372 2509 »
1400 2466 1518 2520 Quid
1538 2476 1625 2523 est,
1649 2467 1731 2512 Ubi

396 2562 406 2577 1
428 2555 524 2587 Exod.
545 2565 596 2596 xx,
615 2564 666 2595 17·
686 2570 728 2576 —
743 2560 756 2577 ²
776 2552 874 2586 Eccli.
903 2563 988 2594 xvm,
1010 2553 1062 2585 30.
1084 2568 1125 2575 —
1146 2550 1160 2575 3
1188 2563 1200 2584 1
1217 2554 1289 2585 Cor.
1313 2562 1369 2593 xv,
1384 2551 1504 2584 53-55.
