1809 3173
346 234 369 267 8
777 243 808 267 s.
846 240 1074 269 AUGUSTINI
1108 243 1283 269 misceri

347 325 366 346 «
389 304 587 348 diabolus
603 304 670 347 leo
689 305 946 348 circumiens
966 315 1008 350 ct
1031 307 1217 364 rugiens,
1235 321 1431 366 quaerens
1446 320 1574 365 quem
1591 306 1724 350 dovo-

347 395 366 417 »
380 385 444 419 ret
457 378 465 399 ¹
483 396 491 421 ;
509 394 527 418 »
540 376 750 434 sanguine
759 377 871 435 Agni
885 377 1023 420 victus
1036 387 1098 421 est
1112 377 1194 421 leo.
1212 380 1320 421 Ecce
1331 377 1727 436 spectaculaChris-

343 447 575 490 tianorum.
608 449 665 491 Et
685 445 805 507 quod
833 455 895 491 est
918 447 1129 506 amplius,
1162 447 1222 491 illi
1253 447 1388 491 oculis
1416 447 1554 491 carnis
1576 447 1727 492 vident

342 517 578 562 vanitatem
598 552 609 573 ,
635 533 713 562 nos
735 516 876 562 cordis
904 517 1040 562 oculis
1064 518 1306 562 veritatem.
1334 521 1395 563 Ne
1417 519 1577 577 putetis
1595 552 1606 572 ,
1639 518 1726 562 fra-

341 597 442 643 tres,
462 587 584 648 quod
598 589 689 632 sine
710 587 965 648 spectaculis
984 603 1062 632 nos
1084 588 1245 633 dimisit
1261 589 1471 632 Dominus
1489 591 1602 632 Deus
1624 604 1726 633 nos-

342 667 407 702 ter
427 678 436 703 :
459 674 559 703 nam
577 659 611 703 si
629 658 749 703 nulla
767 668 869 703 sunt
889 659 1133 719 spectacula
1148 694 1158 714 ,
1182 674 1260 703 cur
1282 658 1412 702 hodie
1433 660 1693 703 convenistis
1710 662 1727 701 ‘3

341 731 454 773 Ecce
478 729 598 790 quod
621 729 829 784 diximus,
860 730 1024 774 vidistis
1045 765 1055 784 ,
1081 739 1124 773 et
1145 729 1410 773 exclamastis
1436 749 1444 774 ι
1470 745 1559 774 non
1582 729 1727 775 excla-

340 801 511 844 maretis
535 801 614 845 nisi
636 800 861 845 vidissetis.
894 803 951 845 Et
973 815 1179 859 magnum
1217 810 1280 844 est
1310 800 1393 844 hoc
1426 810 1620 859 spectare
1652 816 1728 860 per

338 880 480 915 totum
503 871 654 915 orbern
677 880 914 925 terrarum,
951 871 1114 915 victum
1149 870 1319 915 leonem
1342 872 1553 930 sanguino
1586 873 1695 929 Agni
1713 907 1723 925 ,

339 939 494 984 educta
525 940 580 983 de
601 940 805 984 dentibus
826 939 1005 984 leonum
1028 942 1222 984 membra
1247 941 1433 996 Christi,
1460 950 1503 985 et
1523 940 1726 1000 adjuncta

337 1010 507 1068 corpori
530 1010 705 1054 Christi.
733 1012 850 1069 Ergo
872 1010 1017 1054 nescio
1045 1009 1151 1070 quid
1177 1010 1314 1054 simile
1338 1011 1529 1055 imitatus
1552 1012 1727 1071 estqui-

337 1079 441 1123 dam
473 1080 669 1139 spiritus,
694 1089 744 1125 ut
766 1081 977 1139 sanguine
1001 1081 1282 1125 simulacrum
1311 1097 1438 1125 suum
1463 1083 1549 1125 emi
1566 1081 1697 1126 vellet
1714 1117 1724 1137 ,

337 1150 440 1210 quia
459 1159 637 1195 noverat
660 1151 850 1210 pretioso
876 1152 1085 1210 sanguine
1115 1152 1484 1212 quandocumque
1507 1151 1728 1196 redimen-

337 1220 452 1265 dum.
480 1236 570 1266 esse
607 1236 743 1280 genus
773 1222 1032 1266 humanum.
1061 1222 1255 1281 Fingunt
1291 1223 1406 1266 enim
1428 1222 1604 1282 spiritus
1626 1223 1728 1267 mali

338 1292 514 1336 umbras
531 1292 741 1353 quasdam
760 1293 937 1337 honoris
955 1292 1246 1352 sibimetipsis,
1268 1302 1317 1336 ut
1338 1294 1397 1337 sic
1416 1292 1635 1352 decipiant
1656 1310 1728 1339 eos

338 1362 415 1421 qui
432 1372 676 1423 sequuntur
697 1364 934 1409 Christum.
967 1365 1113 1423 Usque
1130 1362 1260 1418 adeo,
1281 1364 1439 1408 fratres
1462 1365 1546 1408 mei
1564 1399 1575 1420 ,
1595 1375 1645 1410 ut
1664 1363 1727 1409 illi

339 1433 418 1492 ipsi
440 1434 515 1493 qui
536 1433 753 1479 seducunt
781 1450 858 1494 per
885 1434 1091 1493 ligaturas
1109 1469 1119 1489 ‚
1145 1449 1223 1493 per
1244 1435 1627 1494 praecantationes,
1652 1451 1729 1495 per

338 1504 687 1549 machinamenta
720 1504 912 1560 inimici,
952 1505 1161 1549 misceant
1192 1506 1607 1564 praecantationibus
1643 1507 1728 1551 suis

337 1589 499 1618 nomen
520 1575 681 1620 Christi
708 1594 716 1620 ε
737 1575 839 1635 quia
855 1576 946 1634 jam
974 1591 1063 1620 non
1087 1585 1268 1635 possunt
1296 1575 1501 1620 seducere
1522 1577 1729 1622 Christia—

340 1659 440 1700 nos,
466 1653 517 1689 ut
537 1643 644 1690 dent
666 1660 882 1690 venenum
904 1680 916 1701 ,
937 1644 1107 1690 addunt
1137 1645 1275 1689 mellis
1297 1646 1463 1707 aliquid
1481 1682 1491 1701 ,
1513 1656 1564 1691 ut
1585 1663 1661 1707 per
1682 1649 1729 1692 id

339 1715 461 1775 quod
488 1714 616 1759 dulce
638 1724 728 1771 est,
759 1715 892 1760 lateat
913 1715 1033 1776 quod
1055 1731 1251 1760 amarum
1281 1726 1370 1772 est,
1396 1727 1439 1762 et
1464 1718 1639 1763 bibatur
1673 1719 1728 1763 ad

338 1785 591 1844 perniciem.
627 1788 771 1846 Usque
799 1785 908 1831 adeo
940 1795 991 1830 ut
1022 1802 1102 1846 ego
1135 1787 1329 1832 noverim
1363 1788 1510 1848 aliquo
1532 1798 1727 1849 tempore

339 1856 454 1900 illius
478 1855 644 1901 Pilleati
666 1855 935 1901 sacerdotem
963 1856 1099 1901 solere
1121 1856 1264 1902 dicere
1287 1877 1297 1903 2
1321 1867 1364 1902 et
1395 1858 1486 1918 ipse
1519 1859 1727 1905 Pilleatus

339 1926 609 1971 Christianus
631 1936 710 1972 est.
736 1930 793 1972 Ut
811 1928 919 1988 quid
937 1929 1020 1973 hoc
1035 1963 1046 1984 ,
1066 1926 1241 1983 fratres,
1266 1928 1346 1974 nisi
1369 1930 1472 1988 quia
1490 1929 1615 1974 aliter
1638 1947 1728 1977 non

340 2007 523 2057 possunt
544 1997 691 2043 seduci
712 1999 975 2045 Christiani?

377 2085 475 2126 VII.
497 2083 560 2126 Ne
577 2083 781 2142 quaeratis
798 2097 900 2141 ergo
916 2081 1019 2126 alibi
1041 2083 1279 2139 Christum,
1298 2099 1430 2144 quam
1451 2084 1529 2129 ubi
1542 2100 1587 2129 se
1608 2087 1727 2132 vobis

342 2152 481 2199 voluit
494 2152 719 2212 praedicari
734 2153 930 2198 Christus
949 2172 957 2198 ε
976 2162 1018 2197 et
1039 2154 1262 2214 quomodo
1278 2155 1402 2199 vobis
1418 2155 1558 2200 voluit
1572 2157 1728 2216 praedi-

341 2223 446 2278 cari,
467 2224 527 2267 sic
545 2222 670 2266 illum
686 2232 828 2268 tenete
845 2259 856 2280 ,
874 2225 932 2269 sic
955 2225 998 2268 in
1028 2224 1158 2270 corde
1184 2234 1325 2270 vestro
1358 2226 1548 2271 scribite.
1573 2231 1726 2273 Murus

341 2302 406 2338 est
427 2294 631 2338 adversus
644 2292 793 2338 omnes
807 2295 992 2354 impetus
1007 2305 1050 2340 et
1071 2296 1273 2341 adversus
1290 2312 1437 2342 omnes
1454 2297 1628 2343 insidias
1643 2299 1727 2343 ini-

339 2364 456 2408 mici.
476 2363 619 2409 Nolite
638 2365 805 2420 timere,
831 2380 911 2410 nec
934 2374 1070 2411 tentat
1093 2366 1186 2422 ille,
1205 2367 1285 2411 nisi
1307 2368 1537 2427 permissus
1562 2368 1722 2415 fuerit:

340 2443 509 2480 constat
530 2434 654 2480 illum
678 2436 788 2481 nihil
809 2436 975 2493 facere,
1000 2439 1080 2484 nisi
1113 2439 1341 2497 permissus
1364 2438 1495 2484 fuerit
1524 2449 1599 2485 aut
1615 2441 1720 2485 niis-

390 2549 398 2565 ¹
422 2553 433 2574 ι
452 2544 537 2577 Petr.
557 2554 589 2583 v,
605 2543 638 2577 8.
