1809 3173
353 170 404 205 80
748 174 780 201 S.
819 174 1045 202 Aucus'rmi
1082 176 1258 202 Evtscol'i

350 244 441 286 lent
466 242 553 301 pati
575 257 597 284 a
620 240 839 284 catholicis
858 240 1046 299 regibus⁷
1063 249 1137 284 aut
1155 256 1178 283 a
1200 238 1421 283 catholicis
1438 239 1720 297 principibus.

351 316 491 365 Quam
515 312 856 371 persecutionem
890 311 1105 355 tolerant?
1128 310 1418 355 Atilictioncm
1443 309 1633 367 corporis
1663 328 1671 352 ε
1697 309 1729 352 si

354 391 497 426 tamen
520 381 756 441 aliquando
779 381 888 441 passi
910 391 1011 425 sunt
1027 417 1037 436 ,
1055 390 1129 425 aut
1142 379 1364 440 quomodo
1386 379 1496 439 passi
1516 388 1632 434 sunt,
1652 379 1731 438 ipsi

350 452 503 508 sciant,
521 461 564 495 et
577 452 838 497 conveniant
855 451 1136 496 conscientias
1151 466 1269 507 suas3
1284 459 1430 493 tamen
1453 449 1731 493 alllictionem

350 523 541 582 corporis
562 522 671 582 passi
692 530 794 565 sunt
816 540 824 566 :
851 521 1091 580 persecutio
1114 536 1243 580 quam
1266 519 1432 564 faciunt
1451 520 1619 579 gravior
1651 528 1728 563 cst.

350 596 466 639 Cave
487 592 664 653 quando
691 592 787 636 vult
807 591 958 635 luderc
984 591 1136 635 Ismae‘l
1160 606 1259 635 cum
1286 593 1401 634 Isaac
1418 625 1428 645 ,
1453 590 1632 651 quando
1656 589 1734 634 tibi

351 663 598 719 blanditur,
626 661 802 723 quando
825 662 958 706 offert
979 660 1163 705 alterum
1188 661 1478 720 baptismum:
1504 659 1731 720 responde,

353 736 503 779 Habeo
520 736 609 795 jam
633 734 917 793 Baptismum‚
946 733 988 777 Si
1012 733 1127 776 enim
1151 748 1275 775 vcrus
1298 740 1360 776 est
1378 732 1455 775 iste
1478 731 1731 790 baptismus,

351 806 427 866 qui
443 806 522 850 tibi
534 804 630 850 vult
641 804 744 848 dare
759 803 959 858 alterum,
972 802 1154 846 illudere
1169 812 1211 846 te
1222 802 1332 847 vult.
1345 805 1459 847 Cave
1473 803 1627 846 animae
1643 817 1737 861 pero

351 886 607 921 secutorem.
629 878 737 920 Nam
750 874 783 917 si
798 891 820 918 a
834 874 1102 933 principibus
1118 872 1341 917 catholicis
1354 872 1519 932 aliquid
1533 888 1652 932 passa
1674 881 1737 916 est

351 962 448 1006 pars
464 946 619 991 Donati
642 943 893 1004 aliquando,
909 945 1151 988 secundum
1165 959 1322 1003 corpus
1334 959 1453 1003 passa
1475 953 1553 997 est,
1569 959 1659 988 non
1671 958 1738 986 se-

351 1017 547 1062 cundum
562 1015 805 1060 illusionem
821 1015 1009 1074 spiritus.
1023 1015 1183 1058 Audite
1196 1024 1238 1058 et
1252 1013 1395 1059 videte
1410 1014 1454 1057 in
1472 1014 1572 1072 ipsis
1586 1014 1738 1059 veteri-

351 1088 433 1132 bus
447 1086 584 1140 factis,
599 1087 743 1131 omnia
764 1084 1010 1129 futurarum
1034 1100 1179 1129 rerum
1201 1085 1322 1143 signa
1345 1093 1388 1127 et
1410 1083 1584 1128 indicia.
1610 1087 1738 1127 Inve-

351 1159 470 1202 nitur
487 1160 588 1203 Sara
604 1157 800 1201 afflixisse
815 1159 929 1215 Agar
947 1155 1172 1200 ancillam:
1191 1158 1292 1199 Sara
1314 1154 1447 1198 libera
1470 1163 1534 1198 est
1551 1174 1558 1198 ;
1576 1163 1738 1213 postca-

351 1244 482 1289 quam
501 1227 725 1288 superbire
742 1227 876 1286 coepit
891 1226 1062 1280 ancilla,
1088 1235 1241 1285 questa
1259 1234 1321 1269 est
1342 1225 1530 1269 Abrahae
1551 1227 1669 1279 Sara,
1696 1233 1740 1269 et

352 1300 459 1345 dixit
489 1319 498 1344 ε
531 1319 551 1341 «
582 1299 700 1359 Ejicc
735 1297 962 1354 ancillam3
996 1297 1129 1341 erexit
1164 1296 1392 1340 adversum
1421 1311 1490 1339 me
1527 1296 1739 1339 cervicem

356 1390 374 1413 »
410 1372 579 1415 suam1.
615 1387 635 1410 »
663 1371 719 1412 Et
744 1368 866 1428 quasi
899 1368 954 1412 ab
988 1368 1209 1411 Abraham
1237 1367 1386 1421 fieret⁷
1427 1368 1481 1410 de
1517 1367 1739 1410 Abraham

352 1451 501 1501 questa
523 1449 587 1483 est
605 1439 776 1483 mulier.
803 1438 1023 1482 Abraham
1050 1434 1152 1482 vero
1185 1437 1261 1497 qui
1286 1437 1437 1483 nonin
1460 1436 1615 1481 ancilla
1637 1436 1739 1480 libi-

353 1513 454 1556 dine
477 1509 688 1555 abutendi
710 1510 964 1565 tenebatur,
988 1509 1064 1553 sed
1085 1508 1228 1553 officio
1252 1509 1511 1566 generandi,
1531 1508 1738 1567 quoniam

355 1585 456 1628 Sara
479 1583 517 1626 ei
541 1580 747 1635 dederat,
773 1579 891 1623 unde
910 1578 1075 1638 prolem
1099 1580 1362 1638 susciperet,
1392 1579 1450 1622 ait
1479 1579 1517 1622 ei
1545 1597 1553 1623 :
1588 1597 1608 1619 «
1625 1581 1738 1622 Ecce

356 1671 376 1694 »
398 1652 552 1697 ancilla
570 1661 660 1706 tua,
684 1660 806 1694 utere
828 1665 876 1694 ea
899 1650 1010 1694 sicut
1033 1650 1110 1694 vis.
1135 1667 1154 1690 »
1180 1652 1237 1693 Et
1257 1648 1409 1692 afflixit
1431 1663 1527 1692 eam
1550 1648 1737 1707 graviter

356 1727 457 1770 Sara
478 1759 489 1779 ‚
511 1733 554 1767 et
575 1721 688 1781 fugit
711 1738 734 1765 a
758 1720 868 1766 facie
891 1722 1020 1781 ejus‘2.
1046 1724 1159 1764 Ecce
1180 1719 1317 1764 libera
1336 1720 1486 1763 alllixit
1504 1718 1705 1764 ancillam
1721 1753 1733 1774 ‚

353 1804 396 1839 et
418 1810 507 1839 non
531 1793 649 1837 illam
672 1800 798 1837 vocat
815 1792 1161 1850 persecutionem
1182 1790 1438 1850 Apostolus:
1463 1789 1577 1834 ludit
1591 1804 1737 1834 servus

353 1881 453 1910 cum
481 1863 684 1918 domino,
721 1871 765 1906 et
785 1862 1129 1921 persecutionem
1152 1870 1307 1905 vocat:
1338 1861 1512 1904 afflictio
1548 1861 1625 1904 ista
1648 1875 1738 1904 non

353 1944 533 1980 vocatur
555 1933 799 1994 persecutio
816 1966 827 1987 ,
852 1941 896 1976 et
915 1931 1025 1976 lusio
1046 1930 1119 1975 illa
1141 1926 1320 1976 vocatur
1338 1931 1594 1990 persecutio.
1622 1929 1738 1983 Quid

354 2006 477 2051 vobis
503 2005 674 2049 videtur
689 2038 700 2059 ‚
740 2002 926 2047 fratres?
955 2004 1110 2046 Nonne
1137 2000 1375 2059 intelligitis
1396 2000 1504 2061 quid
1526 2001 1738 2059 significa-

359 2086 448 2121 tum
472 2076 553 2120 sit‘?
582 2075 648 2120 Sic
681 2088 784 2132 ergo
812 2071 989 2132 quando
1006 2071 1102 2116 vult
1123 2074 1235 2115 Deus
1263 2071 1481 2115 concitare
1507 2079 1738 2130 potestates

356 2147 559 2192 adversus
581 2144 807 2189 haereticos
821 2179 832 2198 ‚
858 2143 1060 2187 adversus
1081 2142 1375 2188 schismaticos
1393 2176 1404 2196 ‚
1430 2140 1633 2186 adversus
1650 2140 1738 2185 dis-

355 2218 562 2277 sipatores
579 2215 782 2260 Ecclesiae
801 2249 812 2269 ,
838 2213 1039 2258 adversus
1057 2214 1349 2257 exsufflatores
1372 2212 1555 2266 Christi,
1582 2211 1738 2256 adver-

356 2304 427 2333 sus
450 2288 817 2347 blasphematores
838 2284 1067 2343 Baptismi‚
1102 2299 1190 2327 non
1225 2283 1438 2326 mirentur
1467 2303 1475 2327 ;
1500 2283 1601 2343 quia
1625 2286 1738 2326 Deus

357 2359 573 2413 concitat,
600 2367 648 2401 ut
670 2374 692 2401 a
714 2359 814 2401 Sara
836 2355 1088 2399 verberetur
1110 2357 1239 2412 Agar.
1265 2355 1508 2410 Cognoscat
1529 2368 1572 2397 se
1594 2356 1707 2410 Agar
1723 2387 1734 2407 ‚

359 2439 493 2490 ponat
510 2429 721 2474 cervicem
743 2446 752 2471 z
778 2426 879 2486 quia
897 2441 996 2470 cum
1015 2424 1238 2469 humiliata
1260 2423 1501 2468 discederet
1517 2439 1539 2468 a
1561 2422 1738 2468 domina

408 2523 415 2539 ¹
433 2518 510 2548 Gen.
532 2525 597 2554 xxi,
617 2525 666 2547 ιο.
684 2529 725 2536 -
744 2512 909 2552 ²1d.xv1,
926 2514 957 2543 6.
