1825 3214
272 228 313 254 iu
347 227 520 256 JoAnms
553 228 860 268 nvmwzuuu,
897 230 1042 259 Timor.
1083 235 1199 260 xxm.
1327 226 1408 262 257

26 298 292 348 guerentur;
326 308 424 336 cum
459 291 661 349 dixiss0t3
694 313 713 335 «
740 297 826 339 Vos
859 296 957 339 estis
995 296 1139 341 lumen
1179 300 1328 349 mundi
1355 319 1361 344 :
1392 319 1410 341 »

25 361 234 406 continuo
266 362 503 422 subjunxit,
533 383 553 407 «
585 367 679 410 Non
705 375 846 425 potest
879 366 1027 410 civitas
1057 368 1259 413 abscondi
1283 387 1412 430 supra

28 449 49 472 »
85 443 277 477 montem
296 434 545 489 constituta,
576 451 718 496 neque
751 436 995 482 accendunt
1022 438 1244 483 lucernam
1267 451 1309 485 ct
1333 458 1413 501 po-

27 517 49 544 »
84 513 195 548 nunt
216 520 309 548 eam
332 505 413 549 sub
435 507 597 561 modio,
618 506 693 551 scd
713 523 842 567 super
861 507 1191 564 candelabrum,
1209 520 1252 554 ut
1270 512 1414 558 luceat

26 589 49 614 »
83 575 287 619 omnibus
309 577 384 636 qui
402 576 446 620 in
464 577 596 622 domo
613 587 715 622 sunt
731 581 759 623 ¹.
788 578 872 624 Sed
887 579 1010 640 quid,
1030 581 1063 624 si
1078 582 1308 641 Apostolos
1323 599 1413 629 non

23 642 133 690 dixit
153 645 375 691 lucernam
394 683 404 701 ,
436 648 511 692 sed
543 664 790 694 accensores
812 650 1002 695 lucernae
1036 668 1167 712 quam
1198 665 1413 713 ponerent

23 728 153 776 super
176 717 515 762 candelabrum?
538 718 650 763 Audi
670 720 771 780 quia
794 721 906 780 ipsos
923 721 1031 767 dixit
1053 722 1290 769 lucernam.
1322 746 1342 769 «
1369 727 1411 771 Si

25 803 47 829 »
81 785 241 842 luceat,
279 788 438 849 inquit,
474 789 625 834 lumen
658 801 849 836 vestrum
879 808 1025 838 coram
1056 795 1330 852 hominibus,
1362 807 1411 842 ut

26 873 48 899 »
81 857 278 903 videntes
300 859 416 904 bona
453 876 583 920 opera
620 871 758 907 vestra
781 863 1050 922 glorificent,
1084 882 1173 912 non
1195 883 1295 924 vos,
1336 868 1413 913 sed

24 930 196 974 Patrem
216 940 407 976 vestrum
426 932 502 992 qui
521 934 565 977 in
581 933 702 978 coelis
719 938 822 979 est².
846 954 865 977 »

83 1003 158 1045 IV.
178 1004 293 1060 Ergo
313 1012 356 1047 et
382 1006 554 1062 Moyses
576 1006 798 1065 perhibuit
825 1008 1122 1054 testimonium
1150 1013 1338 1067 Christo,
1371 1022 1414 1059 et

0 1075 212 1119 ..Ioannes
247 1076 469 1135 perhibuit
501 1079 802 1123 testimonium
826 1081 1015 1136 Christo,
1054 1092 1096 1126 et
1133 1087 1277 1129 emtori
1307 1090 1413 1130 Pro-

23 1145 166 1205 phetae
189 1156 231 1191 et
260 1148 452 1207 Apostoli
476 1150 793 1208 perhibuerunt
815 1153 1110 1198 testimonium
1127 1156 1315 1201 Christo.
1339 1158 1413 1201 His

23 1217 225 1262 omnibus
254 1219 506 1264 testimoniis
536 1222 751 1281 praeponit
784 1224 1080 1269 testimonium
1103 1241 1286 1285 operum
1308 1243 1411 1273 suo-

22 1301 135 1332 rum.
155 1289 265 1342 Quia
285 1298 328 1333 et
349 1305 425 1349 per
444 1290 541 1336 illos
554 1293 728 1337 nonnisi
741 1296 854 1338 Deus
874 1295 1097 1354 perhibuit
1114 1298 1412 1343 testimonium

25 1358 135 1404 Filio
152 1374 245 1404 suo.
275 1359 359 1405 Sed
373 1363 576 1421 perhibet
597 1362 681 1408 alio
698 1365 831 1410 modo
848 1368 962 1411 Deus
985 1367 1281 1413 testimonium
1299 1370 1409 1414 Filio

2 1453 4 1458 ·
25 1445 103 1476 suo
130 1450 138 1476 :
169 1446 246 1491 per
266 1432 408 1491 ipsum
428 1433 586 1479 Filium
610 1450 738 1480 suum
760 1437 923 1482 indicat
950 1441 1064 1484 Deus
1083 1439 1258 1495 Filium,
1294 1441 1411 1486 indi-

2 1510 93 1546 :cat
113 1516 157 1546 se
177 1517 254 1562 per
281 1502 455 1548 Filium.
479 1505 548 1550 Ad
575 1506 692 1551 hunc
714 1507 747 1551 si
776 1509 966 1566 potuerit
995 1510 1127 1555 homo
1161 1512 1409 1570 pervenire,

2 1585 103 1616 inec
120 1570 306 1617 lucernis
327 1572 555 1632 indigebit,
582 1585 625 1621 et
649 1592 749 1621 vere
762 1576 980 1637 *fodiendo
1004 1579 1148 1636 altius,
1179 1581 1413 1627 aedificium

3 1658 6 1700 Ι
23 1643 234 1702 perducet
255 1642 307 1688 ad
325 1653 505 1703 petram.

83 1714 136 1757 V.
164 1713 320 1758 Facilis
339 1723 401 1758 est
423 1729 540 1772 ergo,
566 1714 734 1772 fratres,
761 1717 970 1763 hodierna
988 1719 1117 1766 lectio
1145 1741 1153 1765 :
1179 1722 1255 1767 sed
1277 1739 1412 1783 prop-

4 1790 88 1827 tter
108 1783 360 1829 hesternum
382 1785 596 1842 debitum,
624 1788 744 1843 (scio
765 1788 880 1832 enim
903 1789 1011 1849 quid
1040 1790 1298 1849 distulerim,
1322 1810 1412 1839 non

0 1870 6 1879 ¹·
25 1853 293 1907 abstulerim,
315 1864 357 1899 et
386 1857 596 1901 Dominus
618 1857 822 1916 dignatus
843 1868 905 1903 est
928 1859 1090 1905 donare
1120 1863 1248 1907 etiam
1280 1864 1411 1909 hodie

4 1934 7 1945 ·’
24 1923 147 1984 loqui
161 1924 216 1971 ad
233 1928 336 1984 vos)
351 1927 634 1987 recordamini
652 1929 760 1989 quid
781 1945 1004 1989 reposcere
1021 1932 1230 1989 debeatis,
1249 1935 1283 1979 si
1300 1934 1412 1981 forte

25 1993 172 2055 aliquo
184 1995 316 2041 modo
327 2007 490 2042 servata
503 1999 663 2058 pietate
682 2009 725 2044 et
739 2000 902 2045 salubri
920 2002 1181 2059 humilitate,
1201 2006 1411 2050 extenda-

5 2079 120 2110 nmus
134 2082 211 2111 nos
233 2083 322 2113 non
342 2067 546 2113 adversus
561 2072 717 2126 Deum,
737 2071 810 2116 sed
825 2073 880 2116 ad
898 2076 1035 2117 Deum
1057 2095 1067 2131 3
1085 2083 1127 2118 et
1139 2074 1331 2122 levemus
1355 2078 1411 2122 ad

6 2150 127 2180 teum
147 2137 335 2181 animam
359 2147 566 2194 nostram,
593 2141 869 2187 effundentes
892 2159 986 2188 eam
1014 2160 1143 2204 super
1164 2162 1258 2202 nos,
1300 2149 1429 2193 sicut·

24 2205 97 2250 ille
129 2206 173 2252 in
211 2207 397 2263 Psalmo,
430 2210 500 2253 cui
529 2208 780 2270 dicebatur3
814 2231 833 2254 «
863 2213 947 2258 Ubi
973 2224 1035 2258 est
1057 2218 1169 2260 Deus
1196 2219 1358 2262 tuus³P
1387 2237 1408 2260 »

7 2277 146 2332 'Haec,
166 2277 324 2338 inquit,
350 2279 582 2325 meditatus
607 2296 702 2325 sum
721 2316 731 2337 ,
749 2291 792 2326 et
807 2283 944 2327 effudi
972 2300 1101 2345 super
1123 2301 1194 2331 me
1221 2288 1412 2333 animam

24 2359 180 2392 meam.
199 2351 411 2394 Levemus
425 2366 527 2410 ergo
542 2351 728 2395 animam
743 2353 796 2396 ad
811 2356 964 2409 Deum,
977 2371 1065 2400 non
1079 2367 1229 2402 contra
1243 2362 1381 2403 Deum
1400 2378 1408 2403 ι

25 2417 126 2478 quia
149 2428 191 2463 et
214 2420 299 2465 hoc
321 2420 485 2465 dictum
502 2431 565 2466 est
589 2442 597 2467 :
625 2442 645 2464 «
667 2422 735 2467 Ad
754 2432 810 2477 te,
837 2426 1035 2480 Domine,
1061 2426 1198 2472 levavi
1222 2430 1410 2473 animam

27 2502 50 2530 τι
83 2491 269 2535 meam⁴.
298 2509 318 2532 »
339 2494 396 2536 Et
415 2492 607 2537 levemus
630 2492 860 2554 adjuvante
882 2496 999 2556 ipso,
1024 2513 1124 2542 nam
1159 2500 1296 2557 gravis
1329 2508 1405 2544 est.

74 2579 84 2595 ¹
102 2574 219 2607 Matth.
241 2586 274 2616 v,
303 2576 354 2617 14,
372 2576 422 2609 15.
441 2593 481 2600 -
497 2577 609 2610 ²1bid.
635 2578 684 2610 16.
708 2594 748 2600 -
769 2577 782 2602 3
802 2579 879 2611 Psal.
901 2580 994 2622 154,
1015 2581 1044 2614 5.
1065 2598 1104 2605 —-
1123 2581 1138 2611 ‘i
1157 2583 1202 2615 Id.
1225 2594 1360 2625 xx1v,1.

185 2639 320 2670 cxxii.
1171 2639 1220 2677 17
