1809 3173
394 163 445 199 93
816 171 849 199 s.
887 171 1115 202 AUGUSTINI
1148 176 1326 204 Errscori

450 239 507 279 11.
527 237 564 280 N
570 249 654 279 unc
674 248 776 293 ergo
795 235 850 280 ad
875 237 1079 283 eumdem
1095 240 1118 282 J
1124 253 1310 283 oannem
1331 239 1447 297 cogit
1460 253 1538 283 nos
1555 238 1662 283 ordo
1684 237 1772 284 lec·
1808 293 1809 296 Ἰ

390 305 516 352 tionis
531 305 701 350 reverti.
724 307 818 366 Ipse
834 315 898 351 est
914 306 986 351 ille
1003 307 1079 368 qui
1099 309 1381 368 prophetatus
1403 317 1466 352 est
1487 323 1564 367 per
1586 311 1768 354 IsaIam:
1808 312 1809 351 Ξ

388 395 410 419 ((
444 378 538 421 Vox
558 374 784 421 clamantis
807 377 853 421 in
874 392 1046 434 eremo,
1079 387 1227 438 parate
1253 379 1369 424 viam
1396 378 1599 434 Domino,
1637 388 1772 425 rectas

385 465 406 489 »
442 445 571 492 facite
592 447 763 493 semitas
798 449 936 508 ejus1.
964 467 984 490 »
1009 447 1111 493 Tale
1139 449 1438 496 testimonium
1470 448 1663 494 reddidit
1683 453 1772 496 Do-

384 518 503 563 mino
523 532 619 573 suo,
644 519 721 576 et(
741 518 844 578 quia
867 517 939 563 ille
967 518 1168 578 dignatus
1190 528 1269 576 est,
1289 522 1306 578 )
1328 521 1466 565 amico
1488 535 1566 564 suo
1587 538 1596 564 ι
1619 521 1769 565 Domi-

383 605 554 650 nusque
584 589 718 648 ipsius
738 599 781 634 et
808 590 970 635 amicus
988 591 1118 651 ipsius
1146 590 1370 650 perhibuit
1396 591 1548 652 etipse
1572 591 1772 636 testimo-

383 660 506 704 nium
523 661 695 704 Joanni.
722 660 838 704 Dixit
854 661 969 704 enim
993 661 1048 705 de
1070 663 1238 706 Joanne
1260 680 1268 706 :
1291 680 1311 703 «
1337 664 1390 705 In
1411 663 1521 706 natis
1540 661 1772 706 mulierum

386 748 407 773 »
442 746 533 776 non
551 731 767 775 exurrexit
788 731 925 791 major
943 733 967 775 J
971 746 1112 776 oanne
1134 731 1367 791 Baptista2.
1387 750 1406 773 »
1428 732 1513 777 Sed
1529 732 1632 792 quia
1651 731 1714 775 illi
1728 747 1771 776 se

384 801 654 860 praeposuit3
697 802 742 844 in
779 802 862 845 hoc
889 801 1010 860 quod
1046 800 1143 860 plus
1181 810 1272 846 erat
1304 804 1489 858 Joanne,
1521 805 1634 846 Deus
1663 811 1768 846 erat.

385 872 467 924 Qui
487 880 633 915 autem
655 871 798 915 minor
818 880 897 927 est,
933 871 1093 931 inquit,
1128 871 1338 931 in’regno
1365 872 1578 917 coelorum
1595 908 1606 928 ,
1638 873 1772 933 major
1808 891 1809 896 ¹

384 950 448 986 est
465 941 555 987 illo.
582 942 728 988 Minor
758 942 1000 998 nativitate,
1029 943 1169 1003 maj0r
1191 951 1420 1002 potestate,
1451 945 1587 1003 major
1610 943 1771 989 divini-

381 1021 484 1068 tate,
510 1013 747 1073 majestate,
785 1012 982 1057 claritate
1009 1032 1017 1058 :
1050 1031 1072 1056 «
1102 1015 1332 1073 Tanquam
1353 1014 1398 1057 in
1431 1015 1646 1075 principio
1680 1023 1772 1059 erat

383 1101 404 1125 η
442 1083 654 1140 Verbum,
693 1093 737 1128 et
764 1084 960 1129 Verbum
993 1093 1084 1128 erat
1122 1085 1239 1144 apud
1271 1087 1427 1141 Deum,
1460 1094 1504 1130 et
1532 1088 1644 1130 Deus
1681 1095 1772 1130 erat

385 1172 406 1196 »
443 1155 683 1200 Verbum3.
722 1173 742 1197 »
783 1155 851 1200 Sic
890 1164 1035 1201 autem
1072 1156 1355 1216 perhibuerat
1389 1157 1435 1200 in
1478 1157 1771 1217 superioribus

379 1225 640 1275 lectionibus
664 1228 853 1271 Joannes
885 1227 1071 1271 Domino
1096 1228 1408 1283 testimonium,
1435 1236 1485 1272 ut
1514 1227 1674 1273 Filium
1692 1229 1772 1273 Dei

380 1296 560 1357 quidem
578 1296 756 1352 diceret,
784 1300 921 1340 Deum
948 1311 1038 1341 non
1059 1297 1239 1353 diceret,
1275 1313 1355 1342 nec
1378 1306 1525 1342 tamen
1553 1308 1731 1357 negaret
1755 1314 1765 1339 ε

379 1376 572 1411 tacuerat
594 1370 750 1423 Deum,
775 1382 865 1411 non
896 1377 1129 1426 negaverat
1160 1371 1314 1412 Deum.
1350 1366 1435 1413 Sed
1468 1383 1558 1414 non
1591 1369 1770 1413 omnino

379 1438 514 1482 tacuit
537 1440 692 1482 Deum.
726 1437 935 1483 Fortassis
959 1438 1076 1482 enim
1097 1438 1341 1483 invenimus
1374 1439 1457 1483 hoc
1494 1439 1540 1482 in
1562 1439 1770 1484 hodierna

380 1507 583 1553 lectione.
610 1511 782 1553 Dixerat
808 1508 969 1552 Filium
993 1509 1069 1553 Dei
1096 1527 1105 1554 ι
1131 1507 1207 1554 sed
1228 1508 1333 1553 dicti
1366 1518 1469 1553 sunt
1499 1518 1543 1553 et
1575 1510 1770 1555 homines

382 1577 460 1622 filii
480 1579 573 1625 Dei.
600 1578 776 1623 Dixerat
807 1587 940 1624 tantae
966 1578 1233 1623 excellentiae
1264 1578 1391 1623 illum
1422 1577 1570 1635 fuisse,
1605 1588 1656 1624 ut
1681 1595 1771 1625 non

384 1658 493 1693 esset
509 1650 599 1709 ipse
616 1648 774 1709 dignus
796 1649 1023 1708 corrigiam
1043 1649 1325 1695 calceamenti
1337 1652 1430 1711 ejus
1449 1650 1655 1696 solvere&
1673 1653 1770 1696 Jam

385 1720 640 1779 magnitudo
654 1721 733 1766 ista
746 1721 934 1765 multum
949 1720 1023 1765 dat
1044 1720 1243 1780 intelligi,
1258 1722 1327 1781 cuj
1335 1736 1383 1765 us
1400 1736 1490 1766 non
1507 1730 1598 1766 erat
1614 1721 1771 1781 dignus

386 1792 613 1850 corrigiam
636 1791 917 1836 calceamenti
944 1791 1126 1848 solvere,
1152 1791 1224 1836 ille
1257 1807 1345 1851 quo
1367 1807 1497 1837 nemo
1531 1802 1770 1838 surrexerat

385 1862 522 1921 major
543 1862 590 1906 in
610 1862 721 1907 natis
742 1861 990 1906 mulierum.
1018 1861 1119 1906 Plus
1147 1861 1262 1905 enim
1285 1871 1376 1907 erat
1403 1863 1603 1907 omnibus
1625 1864 1768 1910 homi-

385 1934 515 1978 nibus
543 1944 587 1978 et
608 1933 796 1992 Angelis.
829 1936 939 1978 Nam
965 1931 1183 1991 Angelum
1213 1932 1457 1977 invenimus
1477 1934 1765 1993 prohibuisse,

384 2019 440 2048 ne
476 2005 609 2050 homo
643 2003 707 2048 illi
741 2003 795 2048 ad
822 2002 953 2063 pedes
974 2002 1162 2047 caderet.
1185 2004 1306 2048 -Cum
1338 2004 1455 2048 enim
1489 2005 1691 2065 quaedam
1722 2006 1768 2050 in

386 2074 651 2134 Apocalypsi
670 2073 863 2133 Angelus
894 2072 1139 2118 ostenderet
1166 2074 1340 2130 Joanni,
1378 2075 1454 2134 qui
1484 2075 1653 2134 scripsit
1683 2076 1765 2121 hoc

387 2146 689 2204 Evangelium,
739 2145 997 2190 conterritus
1036 2145 1334 2204 magnitudine
1370 2146 1541 2203 visionis
1581 2149 1769 2193 Joannes

388 2216 544 2262 cecidit
565 2216 620 2261 ad
641 2216 772 2277 pedes
794 2216 963 2276 Angeli.
982 2219 1037 2261 Et
1058 2215 1131 2260 ille
1151 2235 1159 2261 :
1189 2235 1210 2258 «
1234 2212 1386 2276 Surge,
1417 2218 1514 2262 vide
1533 2233 1587 2262 ne
1614 2218 1766 2263 feceris

390 2305 411 2331 »
446 2288 546 2343 hoc,
562 2291 702 2335 Deum
725 2289 857 2332 adora
884 2307 892 2332 :
913 2302 1013 2331 nam
1037 2301 1115 2345 ego
1136 2302 1367 2332 conservus
1386 2297 1484 2332 tuus
1503 2304 1597 2332 sum
1618 2298 1662 2333 et
1683 2288 1766 2334 fra-

386 2367 504 2404 trum
521 2368 699 2404 tuorum
714 2361 745 2403 ⁵.
766 2377 786 2401 »
812 2357 977 2405 Cadere
990 2373 1092 2418 ergo
1113 2359 1194 2404 sibi
1214 2358 1269 2403 ad
1288 2359 1418 2418 pedes
1434 2360 1654 2405 hominem
1676 2362 1764 2404 An-

436 2465 445 2480 ¹
474 2460 543 2489 lsai.
568 2469 618 2498 χι,
639 2458 669 2489 3.
702 2474 726 2479 -
750 2462 762 2478 ²
779 2456 899 2490 Matth.
920 2468 965 2499 x1,
983 2467 1093 2490 11.—·—
1118 2454 1238 2489 3Joan.
1259 2468 1282 2499 1,
1306 2469 1334 2489 1.
1355 2474 1396 2480 -·-
1417 2456 1431 2486 l·
1449 2457 1529 2490 Ibidv
1553 2457 1592 2499 34
1612 2462 1645 2490 et
1668 2466 1791 2501 27,—1

383 2510 397 2534 ἑ
416 2516 516 2556 Apoc.
540 2524 614 2555 xxii,
633 2524 667 2554 9.
