1809 3173
381 169 464 207 242
819 178 852 206 s.
890 178 1117 209 Auens’mm
1152 182 1332 209 EPISCOPI

377 262 397 285 »
431 258 605 302 sapere,
638 258 781 304 neque
821 259 991 303 sperare
1022 246 1066 289 iu
1100 246 1265 290 incerto
1299 245 1568 304 divitiarum,
1605 248 1679 291 sed
1713 249 1758 292 in

375 332 394 355 n
431 315 520 358 Deo
533 314 631 358 vivo
643 348 653 368 ,
672 314 746 374 qui
766 323 940 373 praestat
954 315 1075 359 nobis
1089 316 1234 360 omnia
1253 315 1528 360 abundanter
1545 317 1599 361 ad
1614 318 1758 361 fruen-

372 402 392 425 »
427 383 533 428 dum
555 403 564 429 ε
591 385 703 429 bene
726 383 909 440 faciant,
937 385 1090 429 divites
1113 386 1199 430 sint
1219 387 1264 430 in
1285 387 1489 446 operibus
1514 387 1637 432 bonis
1654 423 1664 443 ,
1689 387 1758 432 sa-

373 473 390 494 »
426 453 506 498 cile
529 453 744 509 tribuant,
770 454 1107 520 communicent.
1141 457 1197 499 Ut
1227 456 1335 516 quid
1363 457 1474 501 hoc?
1501 456 1617 501 Audi
1638 457 1759 517 quod

371 543 388 565 »
424 524 620 585 sequitur
650 543 660 570 ι
690 525 1000 569 Thesaurizent
1033 525 1116 569 sibi
1142 524 1481 572 fundamentum
1513 528 1679 572 bonum
1712 528 1759 572 in

365 593 568 639 futurum
586 629 597 650 ,
634 603 685 639 ut
722 593 1054 653 apprehendant
1083 610 1233 640 veram
1265 597 1398 641 vitam
1422 600 1452 641 ¹.
1473 615 1495 639 u
1521 597 1562 642 Si
1596 596 1760 642 debent

364 665 445 708 sibi
479 665 771 710 thesaurizare
801 664 1141 709 fundamentum
1180 666 1347 710 bonum
1373 666 1420 710 in
1450 666 1649 711 futurum
1667 702 1678 722 ,
1710 676 1759 712 ut

365 734 697 794 apprehendant
727 748 873 778 veram
901 735 1060 792 vitam3
1095 734 1292 794 profecto
1319 737 1399 781 ista
1420 737 1465 781 in
1493 753 1579 797 qua
1605 747 1727 781 erant
1744 772 1755 792 ,

363 803 471 849 falsa
487 805 573 849 vita
600 813 680 848 est.
712 806 821 850 Nam
849 811 899 849 ut
919 805 1026 864 quid
1047 804 1152 850 velis
1179 806 1505 866 apprehendere
1526 821 1671 851 veram
1688 842 1699 862 ,
1724 808 1759 851 si

358 876 449 934 jam
463 884 582 919 tenes
596 876 774 919 veram?
787 874 1167 934 Apprehendenda
1183 885 1247 920 est
1261 878 1385 920 vera?
1406 876 1682 935 migrandum
1696 886 1760 922 est

365 962 387 990 a
411 945 533 990 falsa.
560 948 616 990 Et
637 961 724 1006 qua
748 945 1060 1004 migrandum?
1077 948 1194 1006 quo?
1211 948 1346 1002 Audi,
1365 947 1493 991 crede
1512 967 1521 992 ε
1543 957 1586 992 et
1603 948 1761 992 transi—

364 1027 459 1062 tum
483 1016 587 1061 facis
610 1034 633 1061 a
658 1025 798 1061 morte
820 1016 876 1061 ad
898 1017 1058 1071 vitam,
1084 1027 1127 1061 et
1151 1019 1196 1062 in
1212 1018 1427 1078 judicium
1451 1034 1541 1063 non
1562 1019 1696 1063 venis.

425 1090 501 1132 IV.
529 1087 643 1141 Quid
671 1096 734 1131 est
762 1088 846 1131 hoc
863 1121 874 1142 ,
899 1096 942 1130 et
970 1088 1015 1131 in
1039 1087 1257 1147 judicium
1286 1104 1375 1133 non
1405 1089 1551 1133 venis?
1579 1091 1636 1134 Et
1661 1089 1759 1149 quis

366 1157 519 1202 melior
549 1158 630 1201 erit
659 1156 794 1201 Paulo
822 1157 1017 1216 apostolo
1035 1192 1045 1212 ,
1076 1158 1153 1217 qui
1176 1159 1248 1213 ait,
1273 1177 1294 1200 «
1311 1160 1496 1217 Oportet
1530 1173 1607 1203 nos
1636 1159 1760 1203 exhi-

370 1246 391 1270 »
426 1228 520 1272 beri
538 1242 688 1272 omnes
711 1238 813 1271 ante
834 1227 1028 1271 tribunal
1047 1228 1234 1283 Christi,
1255 1238 1304 1272 ut
1321 1228 1409 1272 illic
1428 1229 1604 1288 recipiat
1622 1243 1760 1273 unus-

369 1318 390 1341 »
425 1301 608 1360 quisque
643 1315 743 1359 quae
774 1314 852 1358 per
879 1314 1035 1358 corpus
1064 1300 1216 1358 gessit,
1243 1300 1331 1344 sive
1359 1300 1524 1344 bonum
1546 1300 1634 1345 sive
1662 1315 1758 1344 ma-

374 1390 392 1412 »
427 1369 521 1414 lum
548 1371 591 1411 ²⁶?
619 1387 638 1410 n
666 1368 826 1413 Paulus
861 1369 994 1414 dicit:
1019 1388 1042 1419 ς(
1065 1370 1248 1429 Oportet
1282 1384 1359 1414 nos
1389 1371 1580 1414 exhiberi
1611 1386 1760 1415 omnes

371 1459 392 1481 »
427 1449 528 1485 ante
563 1439 755 1484 tribunal
787 1439 973 1484 Christi:
999 1458 1017 1480 »
1048 1448 1092 1483 et
1124 1448 1173 1484 tu
1205 1440 1285 1484 tibi
1317 1440 1449 1484 audes
1481 1441 1755 1499 promittere,

371 1510 473 1570 q'uia
495 1510 541 1554 in
562 1510 779 1570 judicium
806 1525 895 1554 non
915 1510 1087 1554 venies?
1115 1511 1263 1565 Absit,
1287 1510 1430 1570 inquis
1445 1545 1455 1565 ,
1481 1518 1530 1554 ut
1552 1526 1632 1569 ego
1653 1511 1760 1555 mihi

370 1581 455 1625 hoc
483 1580 736 1640 promittere
765 1579 949 1624 audeam
971 1598 979 1624 :
1001 1580 1075 1624 sed
1098 1579 1227 1624 credo
1250 1580 1537 1639 promittenti.
1566 1580 1761 1626 Salvator

370 1651 590 1712 loquitur,
616 1650 784 1696 Veritas
805 1651 1039 1711 pollicetur
1054 1685 1065 1706 ,
1093 1651 1184 1709 ipse
1208 1651 1313 1695 dixit
1335 1651 1442 1694 mihi
1458 1685 1469 1706 ,
1493 1669 1513 1692 «
1535 1651 1616 1703 Qui
1638 1650 1761 1695 audit

375 1740 394 1763 n
429 1723 563 1767 verba
598 1736 721 1776 mea,
757 1730 800 1764 et
831 1721 970 1765 credit
1003 1721 1041 1764 ei
1073 1720 1149 1780 qui
1182 1735 1252 1764 me
1285 1720 1428 1774 misit,
1463 1721 1596 1765 habet
1626 1721 1760 1765 vitam

376 1810 396 1833 η
432 1801 659 1847 aeternam,
691 1801 734 1835 et
763 1791 993 1834 transitum
1018 1790 1121 1835 facit
1147 1790 1201 1835 de
1235 1799 1373 1835 morte
1399 1791 1444 1834 in
1465 1791 1598 1834 vitam
1614 1825 1625 1846 ,
1650 1800 1693 1835 et
1715 1791 1760 1834 in

376 1881 397 1905 »
422 1862 638 1923 judicium
669 1876 759 1905 non
779 1860 938 1905 veniet.
961 1878 980 1901 υ
1006 1863 1101 1919 Ego
1123 1875 1224 1918 ergo
1257 1860 1403 1904 audivi
1435 1860 1563 1905 verba
1587 1861 1760 1905 Domini

375 1934 487 1989 mei,
513 1931 677 1978 credidi
696 1933 809 1992 :jam
826 1930 1011 1975 infidelis
1029 1946 1129 1975 cum
1146 1945 1280 1975 essem
1295 1965 1306 1985 ,
1323 1930 1463 1974 factus
1477 1946 1571 1975 sum
1590 1930 1728 1975 fidelis
1746 1949 1757 1978 z

376 2005 488 2049 sicut
510 2019 578 2048 me
600 2002 797 2059 monuit,
827 2002 974 2046 transii
998 2018 1020 2046 a
1044 2010 1183 2046 morte
1212 2002 1266 2045 ad
1289 2002 1420 2046 vitam
1436 2037 1447 2056 ,
1473 2001 1527 2045 ad
1545 2001 1761 2061 judicium

378 2091 468 2120 non
487 2075 642 2132 venio3
675 2089 764 2119 non
797 2072 1135 2133 praesumptione
1165 2087 1284 2126 mea,
1312 2071 1387 2116 sed
1420 2072 1552 2131 ipsius
1573 2073 1759 2131 prornis-

378 2147 512 2191 sione.
536 2144 693 2190 Paulus
711 2154 854 2189 autem
873 2152 1022 2188 contra
1037 2143 1258 2188 Christum
1272 2141 1483 2202 loquitur,
1501 2157 1647 2187 servus
1661 2157 1760 2187 con·

378 2225 443 2261 tra
461 2217 693 2261 Dominum
705 2251 716 2271 ,
735 2213 973 2274 discipulus
990 2223 1140 2258 contra
1157 2213 1411 2272 magistrum
1427 2247 1438 2267 ,
1458 2213 1590 2257 homo
1609 2222 1760 2258 contra

380 2289 518 2331 Deum
536 2321 547 2341 ‚
573 2295 622 2330 ut
641 2301 740 2330 cum
764 2284 972 2330 Dominus
995 2284 1131 2339 dicat,
1152 2281 1253 2343 quia
1275 2301 1295 2324 «
1313 2283 1387 2342 qui
1408 2283 1527 2327 audit
1545 2291 1588 2327 et
1604 2282 1756 2338 credit,

383 2375 402 2398 »
438 2357 591 2400 transit
612 2372 635 2400 a
656 2363 796 2400 morte
818 2354 872 2398 ad
892 2355 1048 2409 vitam,
1073 2363 1116 2397 et
1138 2353 1183 2396 in
1200 2351 1414 2412 judicium
1433 2367 1521 2396 non
1542 2353 1686 2397 veniet
1701 2387 1712 2408 ,
1736 2369 1756 2395 »

380 2425 495 2471 dieat
517 2425 747 2485 Apostolus
764 2459 776 2480 ‚
800 2426 984 2484 Oportet
1004 2439 1082 2468 nos
1109 2438 1257 2467 omnes
1278 2422 1472 2467 exhiberi
1493 2432 1594 2467 ante
1622 2424 1759 2467 tribu-

433 2518 439 2534 ¹
467 2522 479 2544 ι
500 2513 578 2544 Tim
599 2522 645 2551 vi,
670 2518 719 2551 17,
739 2517 800 2543 etc.
823 2526 863 2532 —-
881 2516 893 2532 ²
919 2522 930 2542 ι
950 2512 1023 2543 Cor.
1045 2520 1079 2551 v,
1105 2520 1153 2541 10.

1806 1952 1809 1976 [
