1825 3214
280 249 322 274 m
360 246 529 275 numnis
563 244 870 284 evANGELmM,
905 247 1053 275 ‘rme-r.
1090 250 1187 276 xm.
1345 241 1420 278 101

43 328 118 373 per
139 313 358 358 Christum
397 313 451 357 ad
478 314 729 358 Christum?
761 317 840 357 Per
862 314 1082 358 Christum
1119 316 1427 362 bominem-ad

42 384 261 429 Christum
292 387 425 428 Deum
460 403 468 428 ε
496 399 571 443 per
602 383 796 427 Verbum
821 398 994 427 carnem
1026 383 1208 439 factum,
1242 386 1295 430 ad
1320 389 1429 431 Ver-

44 453 144 497 bum
167 453 285 512 quod
307 454 347 496 iu
369 453 581 512 principio
603 462 694 497 erat
710 456 823 496 Deus
841 454 959 512 apud
984 456 1120 498 Deum
1140 474 1148 498 :
1167 454 1285 499 abeo
1308 458 1428 516 quod

41 522 318 568 manducavit
356 524 503 578 homo,
542 524 597 567 ad
628 523 738 568 illud
770 524 890 583 quod
926 524 1122 582 quotidie
1162 525 1430 572 manducant

41 595 212 653 Angeli.
241 595 307 638 Sic
326 595 440 638 enim
464 596 672 654 seriptum
716 603 778 638 est
806 614 814 639 :
845 598 1047 639 «Panem
1075 595 1175 639 coeli
1195 595 1318 641 dedit
1338 599 1426 644 eis:

44 684 64 707 »
98 681 255 725 panem
280 665 546 724 Angelorum
571 664 850 710 manducavit
871 666 1044 711 homo¹.
1069 667 1210 720 »Quis
1234 676 1295 711 est
1310 670 1430 727 panis

41 737 337 795 Angelorum?
362 756 381 778 «
412 740 459 780 ln
477 736 688 796 principio
711 745 802 780 erat
825 737 1041 793 Verbum,
1066 747 1108 782 et
1126 738 1320 783 Verbum
1337 750 1431 786 erat

42 825 62 848 n
98 797 215 866 apud
239 809 393 862 Deum,
414 817 457 851 et
477 811 588 851 Deus
610 816 700 851 erat
719 807 909 852 Verbum
923 811 956 852 ².
980 809 1250 862 »Quomodo
1272 825 1428 869 panem

39 877 306 936 Angelorum
330 878 610 922 manducavit
627 878 759 923 homo
777 879 795 922 Ρ
816 897 837 920 «
861 880 917 923 Et
935 878 1131 924 Verbum
1148 895 1248 925 caro
1264 879 1427 926 factum

42 966 62 989 »
98 957 177 1003 est,
195 957 238 992 et
260 948 471 992 habitavit
493 950 537 992 in
560 949 729 994 nobis-³.
758 967 779 990 »

98 1022 150 1063 V.
177 1019 263 1065 Sed
285 1020 386 1080 quia
424 1021 612 1064 diximus
642 1020 909 1066 manducare
931 1022 1134 1080 Angelos,
1172 1022 1339 1080 fratres,
1374 1039 1430 1070 ne

40 1093 198 1151 putetis
225 1090 438 1135 morsibus
474 1092 579 1135 fieri.
629 1094 739 1137 Nam
773 1093 807 1136 si
839 1093 922 1138 hoc
959 1094 1272 1150 intellexeritis,
1307 1097 1429 1155 quasi

39 1160 273 1205 dilaniatur
296 1164 408 1205 Deus
441 1176 573 1221 quem
604 1161 873 1207 manducant
903 1162 1073 1221 Angeli.
1100 1164 1208 1217 Quis
1248 1164 1430 1210 dilaniat

35 1231 364 1292 justitiami'sed
403 1248 575 1276 rursum
607 1233 712 1276 mihi
741 1233 895 1293 aliquis
917 1232 1037 1289 dicit,
1063 1236 1120 1278 Et
1141 1235 1238 1295 quis
1262 1245 1324 1282 est
1354 1237 1432 1296 qui

40 1303 273 1347 manducat
296 1305 543 1363 justitiam?
569 1323 587 1347 «
626 1305 751 1350 Unde
780 1320 884 1364 ergo
921 1305 1039 1349 beati
1060 1306 1138 1366 qui
1171 1308 1368 1352 esuriunt
1389 1316 1432 1353 et

43 1391 64 1415 »
98 1374 250 1417 sitiunt
288 1374 516 1433 justitiam,
555 1375 763 1434 quoniam
801 1375 879 1432 ipsi
910 1376 1432 1423 saturabuntu1·⁴?Cibus

40 1458 173 1504 quem
196 1443 434 1488 manducas
458 1459 534 1504 per
556 1460 747 1500 earnem,
774 1454 824 1489 ut
846 1446 1047 1491 reficiaris
1069 1455 1134 1503 tu,
1159 1447 1232 1493 ille
1258 1448 1431 1505 deficit,

40 1523 89 1559 ut
115 1524 286 1573 reparet
309 1525 366 1570 te,
393 1516 664 1560 consumitur
687 1535 695 1561 :
720 1515 937 1562 manduca
966 1517 1195 1577 justitiam,
1221 1528 1264 1562 et
1286 1528 1333 1563 tu
1363 1534 1432 1563 re-

41 1584 198 1639 ficeris,
224 1594 266 1630 et
283 1584 355 1630 illa
380 1587 549 1646 integra
571 1596 830 1646 perseverat.
851 1588 1080 1640 Quomodo
1102 1587 1292 1633 videndo
1306 1589 1432 1633 istam

42 1654 183 1700 lucem
206 1671 477 1716 corpoream,
511 1657 764 1701 reficiuntur
791 1657 861 1701 isti
890 1657 1007 1701 oculi
1027 1659 1178 1713 nostri,
1209 1667 1252 1702 et
1285 1674 1351 1704 res
1370 1669 1433 1703 est

40 1740 246 1785 corporea
272 1742 371 1786 quse
403 1725 577 1770 videtur
598 1726 734 1771 oculis
766 1727 1002 1786 corporeis.
1038 1727 1169 1772 Multi
1189 1729 1303 1772 enirn
1331 1744 1432 1773 cum

42 1795 204 1840 fuerint
221 1796 385 1841 diutius
403 1796 448 1839 in
471 1796 676 1851 tenebris,
697 1797 943 1842 infirmatur
958 1798 1069 1843 acies
1084 1798 1296 1858 ipsorum,
1313 1800 1434 1860 quasi

36 1867 204 1927 jejunio
228 1866 355 1911 lueis.
383 1865 593 1910 Fraudati
614 1866 730 1911 oculi
752 1867 853 1912 cibo
875 1883 970 1923 suo,
995 1868 1124 1927 (luce
1150 1870 1313 1930 quippe
1334 1885 1434 1930 pas-

41 1939 246 1995 cuntur,)
282 1936 580 1996 defatigantur
615 1937 799 1997 jejunio,
840 1946 884 1982 et
921 1937 1209 1984 debilitantur
1243 1959 1251 1984 :
1284 1941 1343 1985 ita
1384 1949 1434 1984 ut

41 2008 178 2068 ipsam
211 2009 352 2053 lucem
386 2024 472 2069 qua
506 2009 762 2053 reficiuntur
789 2008 939 2054 videre
969 2025 1060 2055 non
1088 2012 1253 2071 possint
1280 2031 1289 2056 ε
1324 2020 1368 2056 et
1399 2012 1435 2057 si

41 2078 204 2125 diutius
225 2079 429 2134 abfuerit,
450 2076 780 2138 extinguuntur,
799 2090 843 2126 et
866 2089 1077 2142 tanquam
1100 2083 1287 2127 moritur
1304 2083 1350 2126 in
1373 2083 1433 2128 eis

0 2168 2 2173 ·
44 2150 133 2209 ipsa
155 2149 265 2193 acies
278 2148 398 2194 lueis.
419 2150 536 2202 Quid
557 2165 676 2208 ergo,
692 2151 794 2210 quia
807 2159 872 2196 tot
888 2151 1004 2196 oculi
1021 2151 1218 2211 quotidie
1231 2153 1311 2197 ista
1335 2153 1434 2198 luce

44 2229 297 2280 pascuntur,
322 2221 464 2265 minor
493 2221 570 2264 fit?
594 2224 650 2264 Et
686 2221 749 2264 illi
782 2222 1053 2277 reficiuntur,
1079 2232 1122 2267 et
1143 2223 1235 2283 ipsa
1266 2224 1433 2282 integra

45 2299 283 2350 permanet.
314 2290 356 2334 Si
378 2290 460 2334 hoe
482 2291 624 2349 potuit
646 2293 759 2336 Deus
782 2290 837 2336 de
858 2292 957 2337 luce
989 2308 1196 2353 corporea
1218 2295 1436 2354 corporeis

46 2360 182 2405 oculis
211 2360 412 2404 exhibere
451 2380 461 2405 ε
499 2376 586 2405 non
621 2361 796 2406 exhibet
831 2361 1004 2407 mundis
1044 2362 1247 2409 cordibus
1290 2364 1433 2408 lucem

16 2429 166 2474 ‘illam
202 2430 532 2490 infatigabilem,
582 2423 795 2490 integram
830 2443 1193 2492 perseverantem,
1230 2434 1351 2478 nulla
1383 2448 1435 2477 ex

48 2511 170 2562 parte
192 2501 468 2547 deficientem
486 2504 504 2545 ⁶?
520 2505 661 2557 Quam
679 2503 855 2549 lucem?
877 2523 898 2547 «
916 2507 968 2549 In
989 2505 1202 2565 principio
1219 2514 1310 2550 erat
1327 2507 1435 2548 Ver-

98 2593 106 2609 ¹
130 2586 210 2621 Psal.
231 2597 344 2630 mxvu,
364 2586 420 2629 24,
437 2588 492 2621 25.
512 2604 552 2612 -
572 2590 689 2622 ²Joan.
706 2599 729 2629 1,
752 2598 780 2622 ι.
801 2604 843 2612 -·
863 2586 1109 2633 31bid.!14.[—
1126 2588 1143 2619 4
1158 2589 1269 2623 Matth.
1288 2588 1369 2631 v‚6.
