1809 3173
375 148 428 184 96
795 159 826 185 s.
863 160 1092 192 Aucus'rim
1126 167 1303 195 EPlscoPI

373 224 440 267 rit.
461 224 571 267 Dicit
602 227 703 279 Deo,
736 244 754 267 «
780 228 936 273 Averte
960 230 1111 274 faciem
1148 242 1263 277 tuam
1287 251 1308 277 a
1330 236 1513 293 peccatis
1545 236 1669 280 meis¹
1692 256 1700 282 :
1724 257 1742 279 »

372 296 428 336 Et
449 309 535 352 qua
550 292 693 339 fronte
722 294 841 352 dicit,
870 299 949 342 nisi
972 301 1127 345 iterum
1147 302 1276 360 dicat,
1309 324 1327 346 «
1349 306 1564 358 Quoniam
1581 305 1747 353 facinus

373 381 392 403 »
427 378 572 407 meum
595 380 675 424 ego
699 382 926 425 cognosco,
954 379 996 414 et
1013 382 1238 430 peccatum
1261 390 1406 419 meum
1430 391 1573 420 coram
1602 376 1671 422 'me
1685 387 1748 423 est

373 451 392 473 »
428 436 626 492 semper?
646 453 665 475 »
690 436 752 480 Sit
772 447 872 482 ante
896 448 936 483 te
957 441 1077 499 quod
1099 458 1186 487 non
1208 445 1270 488 vis
1293 460 1381 489 esse
1401 456 1499 490 ante
1523 450 1675 491 Deum.
1705 448 1748 493 Si

369 512 515 547 autem
531 514 627 564 post
649 514 690 550 te
708 505 856 552 feceris
878 520 1104 568 peccatum
1130 522 1270 569 tuum,
1289 525 1510 576 retorquet
1538 517 1646 562 illud
1668 518 1748 562 tibi

369 577 481 618 Deus
517 585 617 620 ante
654 577 802 623 oculos
826 589 921 624 tuos
943 602 953 638 3
978 591 1021 627 et
1054 592 1157 628 tunc
1182 594 1418 646 retorquet,
1450 587 1627 648 quando
1658 590 1747 649 jam

367 645 636 703 poenitentiae
654 646 819 693 fructus
835 649 982 695 nullus
1000 653 1093 697 erit.

425 717 542 760 XIV.
569 718 757 773 Currite,
783 734 837 762 ne
860 722 1050 766 tenebrae
1074 733 1149 767 vos
1177 726 1564 784 comprehendant,
1597 728 1748 774 fratres

366 787 450 830 mei
475 803 485 830 .·
518 787 716 847 evigilate
749 789 804 833 ad
832 790 1013 836 salutem
1045 803 1247 850 vestram,
1278 797 1475 854 evigilate
1497 798 1601 843 dum
1636 808 1748 844 tem-

366 872 447 915 pus
465 860 552 901 est'2
574 877 581 901 :
604 859 751 903 nullus
775 862 1015 905 retardetur
1038 879 1059 907 a
1078 864 1240 923 templo
1265 867 1355 921 Dei,
1381 868 1527 913 nullus
1555 870 1748 915 retarde-

367 934 437 969 tur
461 928 515 970 ab
537 943 668 986 opere
691 930 874 985 Domini,
905 931 1050 977 nullus
1073 944 1277 979 avocetur
1304 937 1358 980 ab
1393 940 1585 983 oratione
1606 942 1748 986 conti-

364 1012 468 1052 nua,
494 997 641 1043 nullus
663 1016 686 1043 a
714 1000 850 1045 solida
884 1002 1114 1048 devotione
1145 1004 1386 1050 fraudetur.
1413 1009 1625 1068 Evigilate
1646 1027 1749 1071 ergo

364 1083 463 1111 cum
488 1069 578 1111 dies
607 1078 697 1114 est:
733 1070 850 1115 lucet
885 1072 990 1128 dies,
1028 1075 1223 1119 Christus
1255 1086 1318 1120 est
1345 1077 1449 1123 dies.
1478 1083 1655 1126 Paratus
1686 1091 1749 1126 est
1808 1112 1809 1130 ι

363 1137 602 1197 ignoscere,
629 1140 703 1184 sed
734 1144 1065 1199 agnoscentibus
1085 1167 1095 1202 3
1117 1148 1270 1205 punire
1290 1158 1433 1193 autem
1459 1149 1746 1197 defendentes

363 1225 423 1264 se,
452 1220 495 1254 et
511 1212 650 1271 justos
678 1227 722 1256 se
737 1214 965 1273 jactantes,
988 1226 1030 1260 et
1052 1227 1252 1276 putantes
1271 1235 1314 1264 se
1335 1237 1424 1265 esse
1447 1221 1626 1282 aliquid,
1647 1240 1747 1268 eum

362 1280 472 1324 nihil
495 1281 594 1325 sint.
615 1285 665 1326 In
688 1282 916 1329 dilectione
934 1296 1077 1331 autem
1097 1290 1187 1348 ejus
1216 1299 1259 1334 et
1282 1290 1325 1333 in
1348 1291 1639 1337 misericordia
1657 1295 1747 1354 ejus

361 1351 438 1409 qui
473 1352 684 1406 ambulat,
723 1355 851 1398 etiam
884 1354 1092 1402 liberatus
1120 1359 1174 1402 ab
1204 1357 1287 1403 illis
1321 1360 1522 1406 letalibus
1551 1373 1594 1407 et
1615 1380 1745 1423 gran-

361 1421 490 1465 dibus
524 1424 726 1481 peccatis,
771 1425 915 1485 qualia
954 1437 1055 1472 sunt
1087 1427 1295 1485 facinora,
1330 1432 1577 1489 homicidia,
1608 1435 1741 1491 furta,

360 1491 599 1549 adulteria,
627 1504 803 1554 propter
830 1496 900 1541 illa
923 1514 1021 1557 quae
1043 1500 1211 1545 minuta
1232 1502 1436 1547 videntur
1464 1520 1552 1549 esse
1570 1515 1744 1565 peccata

358 1561 536 1621 linguae,
563 1573 638 1608 aut
667 1566 997 1624 cogitationum,
1030 1579 1105 1614 aut
1137 1572 1507 1619 immoderationis
1538 1576 1583 1619 in
1616 1577 1744 1622 rebus

358 1634 582 1689 concessis,
605 1634 707 1679 facit
724 1637 950 1681 veritatem
982 1641 1275 1697 confessionis,
1302 1653 1345 1687 et
1371 1645 1490 1689 venit
1517 1646 1569 1690 ad
1598 1646 1741 1691 lucem

357 1703 402 1746 in
425 1704 629 1762 operibus
652 1705 775 1750 bonis
802 1727 810 1751 ;
835 1709 1039 1767 quoniam
1064 1712 1231 1756 minuta
1255 1712 1380 1771 plura
1405 1725 1581 1774 peccata
1603 1717 1637 1761 si
1665 1733 1742 1761 ne-

358 1772 593 1832 gligantur,
619 1776 840 1821 occidunt.
867 1779 1050 1823 Minutae
1074 1791 1174 1825 sunt
1198 1791 1333 1840 guttae
1347 1787 1639 1843 quaessumina
1663 1788 1741 1832 im-

357 1842 495 1902 plent,
522 1845 687 1889 minuta
711 1856 811 1891 sunt
827 1862 956 1905 grana
977 1864 1118 1893 arenae
1143 1870 1150 1895 :
1177 1853 1252 1896 sed
1279 1853 1313 1896 si
1337 1853 1473 1899 multa
1505 1872 1633 1901 arena
1660 1858 1741 1901 im·
1807 1868 1808 1873 ’

358 1917 739 1975 ponatur,premit,
752 1927 881 1979 atque
895 1920 1114 1979 opprimit.
1130 1925 1222 1967 Hoc
1235 1922 1337 1967 facit
1349 1927 1515 1971 sentina
1526 1928 1735 1986 neglecta,

357 1986 477 2046 quod
500 1987 601 2032 facit
620 1989 777 2033 fluctus
794 1990 960 2035 irruens
987 2011 995 2035 ε
1016 1991 1222 2051 paulatim
1246 2010 1321 2053 per
1343 1997 1555 2041 sentinam
1578 1999 1735 2058 intrat3

357 2056 431 2101 sed
454 2056 529 2101 diu
550 2058 754 2104 intrando
778 2069 820 2103 et
842 2076 930 2105 non
943 2062 1254 2118 exhauriendo,
1275 2066 1431 2124 mergit
1448 2068 1606 2112 navim.
1622 2069 1739 2122 Quid

358 2137 421 2171 est
433 2137 577 2172 autem
601 2130 840 2186 exhaurire,
857 2131 938 2175 nisi
961 2131 1085 2176 bonis
1108 2134 1308 2192 operibus
1331 2151 1456 2194 agere
1473 2152 1528 2181 ne
1549 2139 1739 2184 obruant

358 2208 546 2257 peccata,
567 2200 792 2257 gemendO,
805 2202 1060 2261 jejunando,
1077 2204 1327 2260 tribuendo,
1340 2206 1605 2264 ignoscendo
1618 2211 1636 2253 P
1651 2213 1737 2254 Iter

358 2278 504 2313 autem
527 2270 655 2329 hujus
675 2270 820 2315 saeculi
843 2271 1072 2316 molestum
1091 2283 1170 2325 est,
1193 2275 1371 2334 plenum
1400 2287 1463 2321 est
1486 2281 1735 2325 tentationi-

357 2339 437 2384 bus
460 2358 468 2384 :
496 2340 538 2383 in
556 2339 683 2384 rebus
712 2342 923 2400 prosperis
942 2357 996 2386 ne
1018 2343 1209 2400 extollat,
1242 2345 1286 2390 in
1308 2347 1436 2392 rebus
1472 2348 1656 2395 adversis
1681 2367 1735 2396 ne

405 2442 414 2460 ¹
436 2436 513 2469 psal.
535 2447 564 2478 ι,
590 2447 640 2470 ιι.
664 2453 705 2460 -
727 2443 738 2461 ²
756 2439 848 2471 Joan.
870 2448 924 2480 xn,
952 2438 1005 2471 35.
