1809 3173
353 233 366 267 1
379 228 434 268 06
789 235 822 265 s.
858 235 1088 267 Auousnm
1121 237 1302 267 muscom

352 323 372 345 ³)
407 303 618 349 Christus.
647 319 668 343 n
695 304 791 349 Non
813 318 856 347 es
876 313 924 348 tu
945 303 1172 349 Christus?
1191 303 1267 347 sed
1289 302 1396 362 quid
1413 302 1447 345 si
1471 303 1608 362 major
1623 300 1699 346 illo
1715 336 1726 357 ,

348 375 449 435 quia
479 383 528 418 tu
547 372 672 418 illum
695 374 953 434 baptizasti?
971 393 994 421 ,α
1014 375 1166 421 Missus
1188 389 1281 418 sum
1299 392 1308 418 ε
1324 387 1435 431 »ego
1451 387 1594 432 praeeo
1615 387 1726 427 sum,

349 445 422 488 illo
440 446 575 505 judex
597 453 676 489 est.

419 517 475 560 X.
512 518 568 559 Et
593 516 694 560 audi
718 516 1016 560 testimonium
1054 515 1194 560 multo
1231 515 1530 559 vehementius
1545 549 1556 570 ,
1593 515 1733 560 multo

349 586 602 645 expressius.
643 586 798 630 Videte
829 586 935 646 quid
972 586 1198 631 nobiscum
1234 586 1375 644 agitur
1394 606 1405 643 3
1444 585 1588 629 videte
1626 585 1733 645 quid

349 672 493 701 amare
529 657 794 714 debeamus,
822 656 966 702 videte
997 658 1097 717 quia
1120 657 1310 716 aliquem
1346 655 1569 700 hominem
1591 670 1735 700 amare

348 743 427 788 pro
442 729 630 783 Christo,
649 728 913 772 adulterium
939 737 1015 772 est.
1044 733 1182 781 Quare
1199 728 1282 772 hoc
1306 726 1735 771 dicoPAttendamus

348 815 500 845 vocem
524 800 704 844 Joannis
727 819 735 844 :
761 808 931 859 poterat
953 801 998 843 in
1018 797 1094 842 illo
1112 799 1264 854 errari,
1291 806 1461 857 poterat
1483 798 1571 857 ipse
1593 797 1735 857 putari

348 872 531 931 quinon
549 879 639 914 erat
660 889 668 914 :
690 871 853 930 respuit
871 887 894 914 a
916 885 960 915 se
983 867 1141 914 falsum
1164 871 1374 914 honorem
1392 904 1404 925 ‚
1430 877 1480 913 ut
1501 877 1647 913 teneat
1663 883 1736 913 so⁸⁴
1794 860 1800 863 ’

350 940 483 984 lidam
518 941 760 985 veritatem.
786 941 942 986 Videte
964 940 1071 1001 quid
1093 941 1208 985 dicat
1243 940 1467 986 Christum
1486 974 1497 995 ,
1522 939 1631 1000 quid
1652 954 1696 984 se
1723 957 1732 984 :

354 1030 374 1054 «
408 1012 495 1065 Qui
514 1012 646 1056 habet
673 1027 895 1072 sponsam,
921 1027 1103 1072 sponsus
1126 1021 1203 1056 est.
1233 1029 1253 1053 »
1278 1009 1395 1057 Casti
1417 1019 1553 1055 estote
1569 1045 1581 1067 ,
1606 1025 1738 1070 spon-

349 1098 446 1127 sum
468 1092 623 1127 amate.
649 1082 766 1136 Quid
789 1092 934 1127 autem
953 1091 1000 1127 tu
1024 1098 1089 1139 es,
1116 1084 1191 1143 qui
1212 1083 1337 1128 nobis
1355 1081 1459 1127 dicis
1481 1097 1489 1123 :
1513 1099 1533 1123 «
1559 1082 1644 1134 Qui
1664 1081 1738 1125 ha-

354 1172 373 1198 »
409 1155 483 1199 het
505 1171 733 1214 sponsam,
776 1170 957 1215 sponsus
985 1157 1081 1199 est?
1108 1155 1283 1199 Amicus
1312 1163 1459 1198 autem
1480 1153 1626 1213 sponsi
1661 1152 1738 1212 qui

354 1245 374 1269 >›
410 1236 494 1271 stat
536 1236 578 1271 et
621 1226 743 1271 audit
778 1243 879 1271 eum
907 1262 918 1282 ,
967 1226 1126 1286 gaudio
1173 1225 1335 1286 gaudet
1371 1233 1550 1285 propter
1586 1239 1737 1268 vocem

354 1317 374 1340 »
410 1298 595 1358 sponsi1.
623 1318 640 1339 »
663 1299 812 1343 Aderit
826 1298 1036 1343 Dominus
1054 1302 1168 1342 Deus
1186 1306 1332 1341 noster
1352 1311 1432 1356 pro
1454 1304 1577 1339 motu
1599 1294 1740 1339 cordis

351 1371 457 1424 mei,
483 1369 622 1414 muito
646 1370 761 1414 enim
784 1371 946 1429 gemitu
967 1369 1144 1429 plenum
1167 1378 1255 1424 est,
1277 1368 1418 1412 dicere
1440 1367 1562 1427 quod
1578 1364 1706 1411 doleo
1726 1385 1734 1410 :

350 1441 426 1485 sed
448 1441 627 1486 obsecro
649 1457 724 1486 vos
746 1457 823 1500 per
843 1442 987 1501 ipsum
1004 1441 1243 1495 Christum,
1268 1449 1316 1484 ut
1337 1438 1457 1500 quod
1483 1431 1627 1482 dicere
1650 1453 1740 1482 non

351 1520 550 1571 potuero,
570 1527 646 1556 vos
668 1512 887 1569 cogitetis:
906 1512 1008 1556 novi
1031 1512 1147 1555 enim
1169 1511 1366 1555 dolorem
1388 1524 1536 1553 meum
1559 1507 1740 1567 exprimi

352 1583 451 1626 satis
476 1581 607 1640 digne
637 1597 727 1626 non
754 1597 893 1641 posse.
919 1582 1081 1627 Multos
1104 1581 1221 1625 enim
1244 1580 1464 1625 adulteros
1485 1578 1639 1634 video,
1665 1578 1741 1638 qui

352 1667 553 1712 sponsam
576 1662 699 1697 tanto
731 1651 871 1712 pretio
899 1661 1089 1712 emptam
1107 1687 1118 1707 ,
1159 1660 1346 1695 amatam
1367 1649 1533 1694 foedam
1566 1658 1617 1692 ut
1638 1648 1741 1708 pul-

352 1724 455 1768 chra
474 1723 596 1766 fieret
611 1758 622 1776 ,
648 1722 722 1766 illo
742 1715 938 1782 emptore
956 1758 967 1778 ,
993 1722 1069 1767 illo
1090 1721 1321 1766 liberatore
1336 1756 1347 1776 ,
1373 1719 1448 1764 illo
1470 1719 1737 1774 decoratore,

352 1792 570 1853 possidere
591 1792 747 1837 volunt
778 1812 787 1837 ε
815 1802 858 1836 et
879 1793 923 1836 id
945 1800 1082 1851 agunt
1102 1791 1243 1836 verbis
1265 1791 1379 1846 suis,
1410 1799 1461 1835 ut
1482 1805 1562 1850 pro
1583 1804 1741 1850 sponso

353 1872 569 1908 amentur.
606 1866 668 1907 De
700 1863 776 1907 illo
808 1862 977 1906 dietum
995 1870 1058 1906 est
1084 1881 1091 1905 :
1127 1880 1146 1903 «
1173 1862 1253 1905 Hie
1271 1870 1335 1905 est
1356 1861 1432 1921 qui
1456 1860 1693 1920 baptizat2.
1717 1878 1737 1901 »

353 1936 455 1989 Quis
483 1936 569 1979 huc
586 1934 674 1978 exit
701 1943 745 1978 et
766 1934 871 1978 dicit
896 1952 905 1978 ι
938 1935 1031 1991 Ego
1053 1933 1256 1992 baptizo?
1278 1932 1374 1992 quis
1391 1932 1479 1976 huc
1502 1931 1590 1976 exit
1611 1939 1655 1975 et
1676 1930 1744 1975 di-

353 2007 435 2052 cit:
459 2006 550 2064 Ego
564 2005 685 2066 quod
705 2005 867 2050 dedero
887 2005 971 2049 hoc
994 2013 1058 2048 est
1075 2004 1304 2047 sanctum?
1322 2002 1418 2062 quis
1440 2003 1527 2047 huc
1545 2000 1744 2062 procedit

353 2079 429 2138 qui
458 2077 561 2121 dicit
588 2095 596 2121 :
630 2079 803 2120 Bonum
837 2083 901 2120 est
932 2074 1014 2118 tibi
1035 2083 1085 2119 ut
1106 2074 1291 2119 nascaris
1326 2088 1377 2117 ex
1410 2076 1511 2117 me?
1539 2073 1741 2117 Amicum

354 2149 499 2209 sponsi
521 2148 764 2202 audiamus,
791 2162 881 2192 non
902 2145 1121 2191 adulteros
1144 2145 1289 2205 sponsi
1310 2164 1319 2191 z
1346 2145 1572 2190 audiamus
1593 2144 1740 2189 zelan-

355 2230 442 2264 tem
456 2254 466 2274 ,
488 2219 564 2262 sed
585 2233 674 2262 nou
692 2217 789 2262 sibi.

412 2292 490 2333 XI.
514 2292 684 2333 Fratres
706 2323 715 2344 ,
741 2286 1017 2345 regredimini
1036 2286 1166 2331 eorde
1185 2285 1239 2330 ad
1260 2294 1420 2331 vestras
1441 2286 1593 2331 domos
1611 2320 1622 2341 ,
1651 2300 1742 2330 car-

352 2361 466 2407 nalia
493 2360 676 2420 loquor,
714 2369 883 2404 terrena
914 2358 1098 2418 loquor,
1132 2359 1375 2402 humanum
1405 2357 1503 2402 dico
1521 2393 1532 2413 ,
1556 2366 1736 2417 propter

350 2432 645 2477 infirmitatem
663 2430 801 2475 carnis
824 2431 1015 2475 vesti-32³.
1033 2427 1162 2473 Multi
1180 2428 1347 2472 habetis
1364 2428 1586 2488 conjuges,
1607 2427 1733 2471 multi

350 2504 511 2549 habere
531 2501 660 2547 vultis
674 2537 685 2556 ,
706 2501 833 2545 multi
855 2501 932 2545 etsi
955 2515 1043 2544 non
1064 2499 1194 2543 vultis
1209 2535 1219 2555 ,
1239 2499 1451 2544 habuistis
1477 2518 1487 2544 ε
1516 2497 1645 2543 multi
1664 2498 1741 2558 qui

402 2595 411 2610 ¹
439 2590 664 2629 Joan.‘111,29.
685 2603 726 2609 -—
746 2593 759 2609 ²
779 2586 824 2618 Id.
845 2597 868 2626 ι,
889 2585 941 2617 33.
970 2600 1008 2609 -ν
1031 2582 1044 2607 3
1064 2586 1155 2617 Rom.
1178 2594 1224 2624 vr,
1248 2586 1299 2617 19.
