<?xml version="1.0" encoding="UTF-8"?>
<!DOCTYPE html PUBLIC "-//W3C//DTD XHTML 1.0 Transitional//EN"
    "http://www.w3.org/TR/xhtml1/DTD/xhtml1-transitional.dtd">
<html xmlns="http://www.w3.org/1999/xhtml" xml:lang="en" lang="en">
 <head>
  <title>
</title>
<meta http-equiv="Content-Type" content="text/html;charset=utf-8" />
  <meta name='ocr-system' content='tesseract 3.04.00' />
  <meta name='ocr-capabilities' content='ocr_page ocr_carea ocr_par ocr_line ocrx_word'/>
</head>
<body>
  <div class='ocr_page' id='page_1' title='image "./operaomniaaccura15auguuoft_0252.png"; bbox 0 0 1809 3173; ppageno 0'>
   <div class='ocr_carea' id='block_1_1' title="bbox 353 157 1745 2490">
    <p class='ocr_par' dir='ltr' id='par_1_1' title="bbox 353 157 1745 2490">
     <span class='ocr_line' id='line_1_1' title="bbox 364 157 1308 198; baseline 0.001 -2"><span class='ocrx_word' id='word_1_1' title='bbox 364 157 447 197; x_wconf 76' lang='lat'>240</span> <span class='ocrx_word' id='word_1_2' title='bbox 798 172 830 195; x_wconf 80' lang='lat' dir='ltr'>s.</span> <span class='ocrx_word' id='word_1_3' title='bbox 869 167 1095 197; x_wconf 64' lang='lat' dir='ltr'>Aucus&#39;rtffl</span> <span class='ocrx_word' id='word_1_4' title='bbox 1131 168 1308 198; x_wconf 73' lang='lat' dir='ltr'>EmScom</span> 
     </span>
     <span class='ocr_line' id='line_1_2' title="bbox 363 233 1740 296; baseline 0.002 -17"><span class='ocrx_word' id='word_1_5' title='bbox 363 234 539 279; x_wconf 86' lang='lat' dir='ltr'>auribus</span> <span class='ocrx_word' id='word_1_6' title='bbox 551 233 714 277; x_wconf 85' lang='lat' dir='ltr'>vestris.</span> <span class='ocrx_word' id='word_1_7' title='bbox 728 237 810 277; x_wconf 85' lang='lat' dir='ltr'>Res</span> <span class='ocrx_word' id='word_1_8' title='bbox 824 235 938 278; x_wconf 87' lang='lat' dir='ltr'>enim</span> <span class='ocrx_word' id='word_1_9' title='bbox 955 250 1106 294; x_wconf 81' lang='lat' dir='ltr'>magna</span> <span class='ocrx_word' id='word_1_10' title='bbox 1126 245 1348 291; x_wconf 82' lang='lat' dir='ltr'>tractatur,</span> <span class='ocrx_word' id='word_1_11' title='bbox 1366 245 1408 281; x_wconf 89' lang='lat' dir='ltr'>et</span> <span class='ocrx_word' id='word_1_12' title='bbox 1423 251 1510 281; x_wconf 87' lang='lat' dir='ltr'>non</span> <span class='ocrx_word' id='word_1_13' title='bbox 1525 252 1547 281; x_wconf 88' lang='lat' dir='ltr'>a</span> <span class='ocrx_word' id='word_1_14' title='bbox 1560 240 1740 296; x_wconf 80' lang='lat' dir='ltr'>magnis,</span> 
     </span>
     <span class='ocr_line' id='line_1_3' title="bbox 362 304 1740 365; baseline 0.003 -17"><span class='ocrx_word' id='word_1_15' title='bbox 362 305 449 349; x_wconf 90' lang='lat' dir='ltr'>imo</span> <span class='ocrx_word' id='word_1_16' title='bbox 474 304 662 348; x_wconf 91' lang='lat' dir='ltr'>multum</span> <span class='ocrx_word' id='word_1_17' title='bbox 686 306 826 364; x_wconf 87' lang='lat' dir='ltr'>parvis</span> <span class='ocrx_word' id='word_1_18' title='bbox 850 325 857 350; x_wconf 82' lang='lat' dir='ltr'>z</span> <span class='ocrx_word' id='word_1_19' title='bbox 885 321 1003 365; x_wconf 91' lang='lat' dir='ltr'>spem</span> <span class='ocrx_word' id='word_1_20' title='bbox 1031 315 1175 350; x_wconf 85' lang='lat' dir='ltr'>tamen</span> <span class='ocrx_word' id='word_1_21' title='bbox 1197 316 1238 350; x_wconf 94' lang='lat' dir='ltr'>et</span> <span class='ocrx_word' id='word_1_22' title='bbox 1262 306 1465 350; x_wconf 88' lang='lat' dir='ltr'>fiduciam</span> <span class='ocrx_word' id='word_1_23' title='bbox 1499 306 1573 351; x_wconf 86' lang='lat' dir='ltr'>dat</span> <span class='ocrx_word' id='word_1_24' title='bbox 1595 308 1740 364; x_wconf 75' lang='lat' dir='ltr'>nobis,</span> 
     </span>
     <span class='ocr_line' id='line_1_4' title="bbox 360 376 1745 437; baseline 0.003 -18"><span class='ocrx_word' id='word_1_25' title='bbox 360 376 437 436; x_wconf 87' lang='lat' dir='ltr'>qui</span> <span class='ocrx_word' id='word_1_26' title='bbox 456 391 636 434; x_wconf 80' lang='lat' dir='ltr'>magnus</span> <span class='ocrx_word' id='word_1_27' title='bbox 654 386 830 436; x_wconf 84' lang='lat' dir='ltr'>propter</span> <span class='ocrx_word' id='word_1_28' title='bbox 853 392 930 421; x_wconf 89' lang='lat' dir='ltr'>nos</span> <span class='ocrx_word' id='word_1_29' title='bbox 954 376 1091 421; x_wconf 80' lang='lat' dir='ltr'>factus</span> <span class='ocrx_word' id='word_1_30' title='bbox 1110 387 1173 421; x_wconf 86' lang='lat' dir='ltr'>est</span> <span class='ocrx_word' id='word_1_31' title='bbox 1195 393 1367 437; x_wconf 87' lang='lat' dir='ltr'>parvus.</span> <span class='ocrx_word' id='word_1_32' title='bbox 1395 378 1436 422; x_wconf 81' lang='lat' dir='ltr'>Si</span> <span class='ocrx_word' id='word_1_33' title='bbox 1454 378 1569 421; x_wconf 88' lang='lat' dir='ltr'>enim</span> <span class='ocrx_word' id='word_1_34' title='bbox 1592 380 1646 422; x_wconf 86' lang='lat' dir='ltr'>ab</span> <span class='ocrx_word' id='word_1_35' title='bbox 1670 379 1745 424; x_wconf 91' lang='lat' dir='ltr'>illo</span> 
     </span>
     <span class='ocr_line' id='line_1_5' title="bbox 360 447 1739 506; baseline 0.002 -17"><span class='ocrx_word' id='word_1_36' title='bbox 360 461 450 491; x_wconf 88' lang='lat' dir='ltr'>non</span> <span class='ocrx_word' id='word_1_37' title='bbox 465 447 806 501; x_wconf 79' lang='lat' dir='ltr'>exhortaremur,</span> <span class='ocrx_word' id='word_1_38' title='bbox 824 462 903 491; x_wconf 89' lang='lat' dir='ltr'>nec</span> <span class='ocrx_word' id='word_1_39' title='bbox 915 447 1196 490; x_wconf 80' lang='lat' dir='ltr'>invitaremur</span> <span class='ocrx_word' id='word_1_40' title='bbox 1208 449 1262 492; x_wconf 91' lang='lat' dir='ltr'>ad</span> <span class='ocrx_word' id='word_1_41' title='bbox 1275 463 1372 492; x_wconf 90' lang='lat' dir='ltr'>eum</span> <span class='ocrx_word' id='word_1_42' title='bbox 1393 448 1739 506; x_wconf 80' lang='lat' dir='ltr'>intelligendum,</span> 
     </span>
     <span class='ocr_line' id='line_1_6' title="bbox 359 516 1744 578; baseline 0.001 -16"><span class='ocrx_word' id='word_1_43' title='bbox 359 516 434 562; x_wconf 89' lang='lat' dir='ltr'>sed</span> <span class='ocrx_word' id='word_1_44' title='bbox 447 516 660 561; x_wconf 88' lang='lat' dir='ltr'>desereret</span> <span class='ocrx_word' id='word_1_45' title='bbox 673 533 750 562; x_wconf 90' lang='lat' dir='ltr'>nos</span> <span class='ocrx_word' id='word_1_46' title='bbox 764 527 971 576; x_wconf 82' lang='lat' dir='ltr'>tanquam</span> <span class='ocrx_word' id='word_1_47' title='bbox 988 518 1353 577; x_wconf 81' lang='lat' dir='ltr'>contemptibiles3</span> <span class='ocrx_word' id='word_1_48' title='bbox 1371 520 1471 578; x_wconf 89' lang='lat' dir='ltr'>quia</span> <span class='ocrx_word' id='word_1_49' title='bbox 1487 535 1639 578; x_wconf 84' lang='lat' dir='ltr'>capere</span> <span class='ocrx_word' id='word_1_50' title='bbox 1654 535 1744 563; x_wconf 88' lang='grc'>11011</span> 
     </span>
     <span class='ocr_line' id='line_1_7' title="bbox 359 586 1742 647; baseline 0.001 -15"><span class='ocrx_word' id='word_1_51' title='bbox 359 602 586 647; x_wconf 83' lang='lat' dir='ltr'>possumus</span> <span class='ocrx_word' id='word_1_52' title='bbox 609 586 879 631; x_wconf 84' lang='lat' dir='ltr'>divinitatem</span> <span class='ocrx_word' id='word_1_53' title='bbox 901 586 1047 645; x_wconf 75' lang='lat' dir='ltr'>ipsius,</span> <span class='ocrx_word' id='word_1_54' title='bbox 1073 587 1105 630; x_wconf 89' lang='lat' dir='ltr'>si</span> <span class='ocrx_word' id='word_1_55' title='bbox 1126 602 1214 631; x_wconf 88' lang='lat' dir='ltr'>non</span> <span class='ocrx_word' id='word_1_56' title='bbox 1236 597 1407 646; x_wconf 89' lang='lat' dir='ltr'>caperet</span> <span class='ocrx_word' id='word_1_57' title='bbox 1431 589 1520 646; x_wconf 91' lang='lat' dir='ltr'>ipse</span> <span class='ocrx_word' id='word_1_58' title='bbox 1544 589 1742 633; x_wconf 88' lang='lat' dir='ltr'>mortali-</span> 
     </span>
     <span class='ocr_line' id='line_1_8' title="bbox 358 656 1743 718; baseline 0.001 -16"><span class='ocrx_word' id='word_1_59' title='bbox 358 666 493 702; x_wconf 84' lang='lat' dir='ltr'>tatem</span> <span class='ocrx_word' id='word_1_60' title='bbox 515 667 725 712; x_wconf 85' lang='lat' dir='ltr'>nostram‚</span> <span class='ocrx_word' id='word_1_61' title='bbox 755 666 797 701; x_wconf 90' lang='lat' dir='ltr'>et</span> <span class='ocrx_word' id='word_1_62' title='bbox 820 658 1067 716; x_wconf 74' lang='lat' dir='ltr'>perveniret</span> <span class='ocrx_word' id='word_1_63' title='bbox 1089 656 1143 701; x_wconf 90' lang='lat' dir='ltr'>ad</span> <span class='ocrx_word' id='word_1_64' title='bbox 1168 672 1244 701; x_wconf 89' lang='lat' dir='ltr'>nos</span> <span class='ocrx_word' id='word_1_65' title='bbox 1268 667 1317 702; x_wconf 90' lang='lat' dir='ltr'>ut</span> <span class='ocrx_word' id='word_1_66' title='bbox 1338 658 1591 718; x_wconf 86' lang='lat' dir='ltr'>loqueretur</span> <span class='ocrx_word' id='word_1_67' title='bbox 1618 660 1743 704; x_wconf 88' lang='lat' dir='ltr'>nobis</span> 
     </span>
     <span class='ocr_line' id='line_1_9' title="bbox 358 727 1740 787; baseline 0.001 -14"><span class='ocrx_word' id='word_1_68' title='bbox 358 728 671 787; x_wconf 81' lang='lat' dir='ltr'>Evangelium3</span> <span class='ocrx_word' id='word_1_69' title='bbox 695 728 729 772; x_wconf 86' lang='lat' dir='ltr'>si</span> <span class='ocrx_word' id='word_1_70' title='bbox 751 728 869 787; x_wconf 87' lang='lat' dir='ltr'>quod</span> <span class='ocrx_word' id='word_1_71' title='bbox 888 727 934 770; x_wconf 90' lang='lat' dir='ltr'>in</span> <span class='ocrx_word' id='word_1_72' title='bbox 956 728 1081 772; x_wconf 89' lang='lat' dir='ltr'>nobis</span> <span class='ocrx_word' id='word_1_73' title='bbox 1100 728 1320 787; x_wconf 87' lang='lat' dir='ltr'>abjectum</span> <span class='ocrx_word' id='word_1_74' title='bbox 1344 738 1387 774; x_wconf 90' lang='lat' dir='ltr'>et</span> <span class='ocrx_word' id='word_1_75' title='bbox 1405 730 1632 774; x_wconf 83' lang='lat' dir='ltr'>minimum</span> <span class='ocrx_word' id='word_1_76' title='bbox 1654 739 1740 786; x_wconf 82' lang='lat' dir='ltr'>est,</span> 
     </span>
     <span class='ocr_line' id='line_1_10' title="bbox 357 799 1744 859; baseline 0.001 -14"><span class='ocrx_word' id='word_1_77' title='bbox 357 800 566 845; x_wconf 86' lang='lat' dir='ltr'>noluisset</span> <span class='ocrx_word' id='word_1_78' title='bbox 578 800 899 845; x_wconf 85' lang='lat' dir='ltr'>communicare</span> <span class='ocrx_word' id='word_1_79' title='bbox 915 799 1160 857; x_wconf 81' lang='lat' dir='ltr'>nobiscum3</span> <span class='ocrx_word' id='word_1_80' title='bbox 1176 809 1427 859; x_wconf 87' lang='lat' dir='ltr'>putaremus</span> <span class='ocrx_word' id='word_1_81' title='bbox 1443 817 1541 845; x_wconf 91' lang='lat' dir='ltr'>eum</span> <span class='ocrx_word' id='word_1_82' title='bbox 1557 802 1744 846; x_wconf 88' lang='lat' dir='ltr'>noluisse</span> 
     </span>
     <span class='ocr_line' id='line_1_11' title="bbox 357 871 1738 931; baseline 0.001 -16"><span class='ocrx_word' id='word_1_83' title='bbox 357 872 483 916; x_wconf 85' lang='lat' dir='ltr'>nobis</span> <span class='ocrx_word' id='word_1_84' title='bbox 505 871 608 915; x_wconf 87' lang='lat' dir='ltr'>dare</span> <span class='ocrx_word' id='word_1_85' title='bbox 625 885 833 929; x_wconf 84' lang='lat' dir='ltr'>magnum</span> <span class='ocrx_word' id='word_1_86' title='bbox 851 885 994 924; x_wconf 83' lang='lat' dir='ltr'>suum,</span> <span class='ocrx_word' id='word_1_87' title='bbox 1016 871 1091 930; x_wconf 89' lang='lat' dir='ltr'>qui</span> <span class='ocrx_word' id='word_1_88' title='bbox 1114 871 1300 930; x_wconf 84' lang='lat' dir='ltr'>suscepit</span> <span class='ocrx_word' id='word_1_89' title='bbox 1321 887 1502 931; x_wconf 83' lang='lat' dir='ltr'>parvum</span> <span class='ocrx_word' id='word_1_90' title='bbox 1525 881 1738 917; x_wconf 85' lang='lat' dir='ltr'>nostrum.</span> 
     </span>
     <span class='ocr_line' id='line_1_12' title="bbox 358 941 1739 1002; baseline 0.001 -15"><span class='ocrx_word' id='word_1_91' title='bbox 358 946 463 988; x_wconf 83' lang='lat' dir='ltr'>Haec</span> <span class='ocrx_word' id='word_1_92' title='bbox 496 941 610 997; x_wconf 85' lang='lat' dir='ltr'>dixi,</span> <span class='ocrx_word' id='word_1_93' title='bbox 637 957 692 985; x_wconf 87' lang='lat' dir='ltr'>ne</span> <span class='ocrx_word' id='word_1_94' title='bbox 724 941 819 1002; x_wconf 89' lang='lat' dir='ltr'>quis</span> <span class='ocrx_word' id='word_1_95' title='bbox 842 941 911 984; x_wconf 87' lang='lat' dir='ltr'>vel</span> <span class='ocrx_word' id='word_1_96' title='bbox 944 957 1021 986; x_wconf 89' lang='lat' dir='ltr'>nos</span> <span class='ocrx_word' id='word_1_97' title='bbox 1055 943 1342 1000; x_wconf 83' lang='lat' dir='ltr'>reprehendat</span> <span class='ocrx_word' id='word_1_98' title='bbox 1376 944 1455 987; x_wconf 88' lang='lat' dir='ltr'>ista</span> <span class='ocrx_word' id='word_1_99' title='bbox 1487 953 1739 1000; x_wconf 78' lang='lat' dir='ltr'>tractantes,</span> 
     </span>
     <span class='ocr_line' id='line_1_13' title="bbox 362 1011 1742 1074; baseline 0.001 -17"><span class='ocrx_word' id='word_1_100' title='bbox 362 1013 485 1073; x_wconf 88' lang='lat' dir='ltr'>quasi</span> <span class='ocrx_word' id='word_1_101' title='bbox 507 1012 697 1057; x_wconf 85' lang='lat' dir='ltr'>multum</span> <span class='ocrx_word' id='word_1_102' title='bbox 729 1011 911 1056; x_wconf 83' lang='lat' dir='ltr'>audaces</span> <span class='ocrx_word' id='word_1_103' title='bbox 936 1031 944 1056; x_wconf 75' lang='grc' dir='ltr'>ε</span> <span class='ocrx_word' id='word_1_104' title='bbox 970 1012 1039 1055; x_wconf 87' lang='lat' dir='ltr'>vel</span> <span class='ocrx_word' id='word_1_105' title='bbox 1068 1012 1121 1055; x_wconf 88' lang='lat' dir='ltr'>de</span> <span class='ocrx_word' id='word_1_106' title='bbox 1156 1028 1199 1056; x_wconf 93' lang='lat' dir='ltr'>se</span> <span class='ocrx_word' id='word_1_107' title='bbox 1234 1013 1430 1073; x_wconf 75' lang='lat' dir='ltr'>desperet</span> <span class='ocrx_word' id='word_1_108' title='bbox 1460 1013 1579 1074; x_wconf 86' lang='lat' dir='ltr'>quod</span> <span class='ocrx_word' id='word_1_109' title='bbox 1613 1016 1742 1074; x_wconf 89' lang='lat' dir='ltr'>possit</span> 
     </span>
     <span class='ocr_line' id='line_1_14' title="bbox 355 1082 1737 1145; baseline -0.001 -16"><span class='ocrx_word' id='word_1_110' title='bbox 355 1099 509 1145; x_wconf 83' lang='lat' dir='ltr'>capere</span> <span class='ocrx_word' id='word_1_111' title='bbox 531 1083 648 1128; x_wconf 89' lang='lat' dir='ltr'>dono</span> <span class='ocrx_word' id='word_1_112' title='bbox 672 1084 771 1139; x_wconf 79' lang='lat' dir='ltr'>Dei,</span> <span class='ocrx_word' id='word_1_113' title='bbox 797 1082 916 1143; x_wconf 88' lang='lat' dir='ltr'>quod</span> <span class='ocrx_word' id='word_1_114' title='bbox 940 1082 1001 1126; x_wconf 86' lang='lat' dir='ltr'>illi</span> <span class='ocrx_word' id='word_1_115' title='bbox 1028 1083 1230 1141; x_wconf 81' lang='lat' dir='ltr'>dignatus</span> <span class='ocrx_word' id='word_1_116' title='bbox 1251 1092 1313 1127; x_wconf 90' lang='lat' dir='ltr'>est</span> <span class='ocrx_word' id='word_1_117' title='bbox 1341 1084 1461 1144; x_wconf 87' lang='lat' dir='ltr'>loqui</span> <span class='ocrx_word' id='word_1_118' title='bbox 1486 1085 1612 1128; x_wconf 82' lang='lat' dir='ltr'>Filius</span> <span class='ocrx_word' id='word_1_119' title='bbox 1645 1085 1737 1128; x_wconf 89' lang='lat' dir='ltr'>Dei.</span> 
     </span>
     <span class='ocr_line' id='line_1_15' title="bbox 356 1154 1733 1217; baseline -0.002 -16"><span class='ocrx_word' id='word_1_120' title='bbox 356 1159 472 1216; x_wconf 84' lang='lat' dir='ltr'>Ergo</span> <span class='ocrx_word' id='word_1_121' title='bbox 495 1155 614 1217; x_wconf 90' lang='lat' dir='ltr'>quod</span> <span class='ocrx_word' id='word_1_122' title='bbox 642 1154 764 1215; x_wconf 89' lang='lat' dir='ltr'>loqui</span> <span class='ocrx_word' id='word_1_123' title='bbox 794 1155 919 1199; x_wconf 87' lang='lat' dir='ltr'>nobis</span> <span class='ocrx_word' id='word_1_124' title='bbox 948 1154 1149 1212; x_wconf 80' lang='lat' dir='ltr'>dignatus</span> <span class='ocrx_word' id='word_1_125' title='bbox 1179 1164 1269 1209; x_wconf 85' lang='lat' dir='ltr'>est,</span> <span class='ocrx_word' id='word_1_126' title='bbox 1296 1154 1503 1199; x_wconf 83' lang='lat' dir='ltr'>debemus</span> <span class='ocrx_word' id='word_1_127' title='bbox 1528 1155 1704 1200; x_wconf 83' lang='lat' dir='ltr'>credere</span> <span class='ocrx_word' id='word_1_128' title='bbox 1723 1191 1733 1210; x_wconf 85' lang='lat'>,</span> 
     </span>
     <span class='ocr_line' id='line_1_16' title="bbox 355 1225 1742 1289; baseline -0.001 -16"><span class='ocrx_word' id='word_1_129' title='bbox 355 1228 457 1289; x_wconf 89' lang='lat' dir='ltr'>quia</span> <span class='ocrx_word' id='word_1_130' title='bbox 478 1227 619 1273; x_wconf 87' lang='lat' dir='ltr'>voluit</span> <span class='ocrx_word' id='word_1_131' title='bbox 635 1236 683 1271; x_wconf 86' lang='lat' dir='ltr'>ut</span> <span class='ocrx_word' id='word_1_132' title='bbox 704 1225 1010 1285; x_wconf 82' lang='lat' dir='ltr'>intelligamus.</span> <span class='ocrx_word' id='word_1_133' title='bbox 1038 1225 1120 1270; x_wconf 89' lang='lat' dir='ltr'>Sed</span> <span class='ocrx_word' id='word_1_134' title='bbox 1134 1226 1167 1270; x_wconf 87' lang='lat' dir='ltr'>si</span> <span class='ocrx_word' id='word_1_135' title='bbox 1190 1241 1277 1270; x_wconf 89' lang='lat' dir='ltr'>non</span> <span class='ocrx_word' id='word_1_136' title='bbox 1295 1241 1539 1284; x_wconf 81' lang='lat' dir='ltr'>possumus,</span> <span class='ocrx_word' id='word_1_137' title='bbox 1565 1236 1742 1286; x_wconf 84' lang='lat' dir='ltr'>praestat</span> 
     </span>
     <span class='ocr_line' id='line_1_17' title="bbox 355 1297 1674 1356; baseline -0.002 -12"><span class='ocrx_word' id='word_1_138' title='bbox 355 1299 627 1344; x_wconf 89' lang='lat' dir='ltr'>intellectum</span> <span class='ocrx_word' id='word_1_139' title='bbox 649 1306 840 1356; x_wconf 81' lang='lat' dir='ltr'>rogatus,</span> <span class='ocrx_word' id='word_1_140' title='bbox 866 1297 942 1356; x_wconf 89' lang='lat' dir='ltr'>qui</span> <span class='ocrx_word' id='word_1_141' title='bbox 963 1297 1144 1341; x_wconf 85' lang='lat' dir='ltr'>verbum</span> <span class='ocrx_word' id='word_1_142' title='bbox 1163 1298 1362 1356; x_wconf 83' lang='lat' dir='ltr'>praestitit</span> <span class='ocrx_word' id='word_1_143' title='bbox 1378 1313 1465 1341; x_wconf 87' lang='lat' dir='ltr'>non</span> <span class='ocrx_word' id='word_1_144' title='bbox 1485 1307 1674 1355; x_wconf 81' lang='lat' dir='ltr'>rogatus.</span> 
     </span>
     <span class='ocr_line' id='line_1_18' title="bbox 416 1367 1737 1429; baseline -0.002 -15"><span class='ocrx_word' id='word_1_145' title='bbox 416 1373 473 1414; x_wconf 91' lang='lat' dir='ltr'>lI.</span> <span class='ocrx_word' id='word_1_146' title='bbox 509 1372 622 1414; x_wconf 89' lang='lat' dir='ltr'>Ecce</span> <span class='ocrx_word' id='word_1_147' title='bbox 660 1384 760 1429; x_wconf 86' lang='lat' dir='ltr'>quae</span> <span class='ocrx_word' id='word_1_148' title='bbox 795 1368 1027 1411; x_wconf 86' lang='lat' dir='ltr'>verborum</span> <span class='ocrx_word' id='word_1_149' title='bbox 1060 1368 1137 1411; x_wconf 80' lang='lat' dir='ltr'>ista</span> <span class='ocrx_word' id='word_1_150' title='bbox 1172 1376 1333 1411; x_wconf 86' lang='lat' dir='ltr'>secreta</span> <span class='ocrx_word' id='word_1_151' title='bbox 1371 1368 1479 1422; x_wconf 78' lang='lat' dir='ltr'>sint,</span> <span class='ocrx_word' id='word_1_152' title='bbox 1512 1367 1737 1412; x_wconf 85' lang='lat' dir='ltr'>attendite.</span> 
     </span>
     <span class='ocr_line' id='line_1_19' title="bbox 360 1438 1737 1499; baseline -0.001 -14"><span class='ocrx_word' id='word_1_153' title='bbox 360 1461 380 1485; x_wconf 93' lang='lat'>«</span> <span class='ocrx_word' id='word_1_154' title='bbox 415 1445 573 1496; x_wconf 81' lang='lat' dir='ltr'>Amen,</span> <span class='ocrx_word' id='word_1_155' title='bbox 599 1455 725 1485; x_wconf 87' lang='lat' dir='ltr'>amen</span> <span class='ocrx_word' id='word_1_156' title='bbox 748 1439 847 1484; x_wconf 89' lang='lat' dir='ltr'>dico</span> <span class='ocrx_word' id='word_1_157' title='bbox 863 1438 1113 1499; x_wconf 85' lang='lat' dir='ltr'>vobis‚quia</span> <span class='ocrx_word' id='word_1_158' title='bbox 1129 1439 1204 1499; x_wconf 87' lang='lat' dir='ltr'>qui</span> <span class='ocrx_word' id='word_1_159' title='bbox 1225 1440 1408 1483; x_wconf 85' lang='lat' dir='ltr'>verbum</span> <span class='ocrx_word' id='word_1_160' title='bbox 1433 1455 1578 1483; x_wconf 89' lang='lat' dir='ltr'>meum</span> <span class='ocrx_word' id='word_1_161' title='bbox 1602 1440 1737 1494; x_wconf 73' lang='lat' dir='ltr'>audit‚</span> 
     </span>
     <span class='ocr_line' id='line_1_20' title="bbox 356 1509 1742 1570; baseline 0.001 -16"><span class='ocrx_word' id='word_1_162' title='bbox 356 1529 378 1554; x_wconf 88' lang='lat'>»</span> <span class='ocrx_word' id='word_1_163' title='bbox 413 1517 456 1557; x_wconf 80' lang='lat' dir='ltr'>e&#39;t</span> <span class='ocrx_word' id='word_1_164' title='bbox 477 1511 615 1556; x_wconf 88' lang='lat' dir='ltr'>credit</span> <span class='ocrx_word' id='word_1_165' title='bbox 636 1512 674 1554; x_wconf 92' lang='lat' dir='ltr'>ei</span> <span class='ocrx_word' id='word_1_166' title='bbox 695 1511 770 1570; x_wconf 91' lang='lat' dir='ltr'>qui</span> <span class='ocrx_word' id='word_1_167' title='bbox 793 1509 905 1554; x_wconf 86' lang='lat' dir='ltr'>misit</span> <span class='ocrx_word' id='word_1_168' title='bbox 926 1525 1010 1564; x_wconf 83' lang='lat' dir='ltr'>me,</span> <span class='ocrx_word' id='word_1_169' title='bbox 1031 1510 1163 1553; x_wconf 88' lang='lat' dir='ltr'>habet</span> <span class='ocrx_word' id='word_1_170' title='bbox 1181 1509 1311 1554; x_wconf 77' lang='lat' dir='ltr'>vitam</span> <span class='ocrx_word' id='word_1_171' title='bbox 1336 1518 1542 1553; x_wconf 81' lang='lat' dir='ltr'>aeternam</span> <span class='ocrx_word' id='word_1_172' title='bbox 1570 1513 1599 1553; x_wconf 88' lang='lat'>¹.</span> <span class='ocrx_word' id='word_1_173' title='bbox 1629 1529 1648 1551; x_wconf 91' lang='lat'>»</span> <span class='ocrx_word' id='word_1_174' title='bbox 1673 1509 1742 1554; x_wconf 86' lang='lat' dir='ltr'>Ad</span> 
     </span>
     <span class='ocr_line' id='line_1_21' title="bbox 353 1579 1739 1632; baseline -0.002 -5"><span class='ocrx_word' id='word_1_175' title='bbox 353 1583 488 1628; x_wconf 89' lang='lat' dir='ltr'>vitam</span> <span class='ocrx_word' id='word_1_176' title='bbox 520 1591 636 1627; x_wconf 87' lang='lat' dir='ltr'>certe</span> <span class='ocrx_word' id='word_1_177' title='bbox 673 1589 881 1624; x_wconf 83' lang='lat' dir='ltr'>aeternam</span> <span class='ocrx_word' id='word_1_178' title='bbox 914 1595 1063 1624; x_wconf 88' lang='lat' dir='ltr'>omnes</span> <span class='ocrx_word' id='word_1_179' title='bbox 1082 1579 1299 1624; x_wconf 86' lang='lat' dir='ltr'>tendimus</span> <span class='ocrx_word' id='word_1_180' title='bbox 1340 1599 1349 1624; x_wconf 88' lang='lat'>:</span> <span class='ocrx_word' id='word_1_181' title='bbox 1385 1589 1427 1624; x_wconf 86' lang='lat' dir='ltr'>et</span> <span class='ocrx_word' id='word_1_182' title='bbox 1455 1580 1514 1623; x_wconf 86' lang='lat' dir='ltr'>ait</span> <span class='ocrx_word' id='word_1_183' title='bbox 1551 1597 1560 1620; x_wconf 88' lang='grc'>;</span> <span class='ocrx_word' id='word_1_184' title='bbox 1599 1598 1618 1620; x_wconf 90' lang='lat'>«</span> <span class='ocrx_word' id='word_1_185' title='bbox 1652 1580 1739 1632; x_wconf 86' lang='lat' dir='ltr'>Qui</span> 
     </span>
     <span class='ocr_line' id='line_1_22' title="bbox 357 1650 1740 1711; baseline 0 -16"><span class='ocrx_word' id='word_1_186' title='bbox 357 1672 378 1695; x_wconf 89' lang='lat'>»</span> <span class='ocrx_word' id='word_1_187' title='bbox 413 1654 597 1699; x_wconf 83' lang='lat' dir='ltr'>verbum</span> <span class='ocrx_word' id='word_1_188' title='bbox 615 1667 762 1696; x_wconf 91' lang='lat' dir='ltr'>meum</span> <span class='ocrx_word' id='word_1_189' title='bbox 785 1650 928 1705; x_wconf 78' lang='lat' dir='ltr'>audit,</span> <span class='ocrx_word' id='word_1_190' title='bbox 955 1660 997 1695; x_wconf 93' lang='lat' dir='ltr'>et</span> <span class='ocrx_word' id='word_1_191' title='bbox 1021 1651 1159 1695; x_wconf 87' lang='lat' dir='ltr'>credit</span> <span class='ocrx_word' id='word_1_192' title='bbox 1180 1651 1219 1695; x_wconf 88' lang='lat' dir='ltr'>ei</span> <span class='ocrx_word' id='word_1_193' title='bbox 1245 1650 1321 1711; x_wconf 87' lang='lat' dir='ltr'>qui</span> <span class='ocrx_word' id='word_1_194' title='bbox 1350 1651 1465 1695; x_wconf 82' lang='lat' dir='ltr'>misit</span> <span class='ocrx_word' id='word_1_195' title='bbox 1487 1666 1581 1706; x_wconf 80' lang='lat' dir='ltr'>me,</span> <span class='ocrx_word' id='word_1_196' title='bbox 1608 1651 1740 1695; x_wconf 88' lang='lat' dir='ltr'>habet</span> 
     </span>
     <span class='ocr_line' id='line_1_23' title="bbox 358 1720 1740 1781; baseline -0.001 -15"><span class='ocrx_word' id='word_1_197' title='bbox 358 1743 378 1766; x_wconf 85' lang='lat'>»</span> <span class='ocrx_word' id='word_1_198' title='bbox 413 1725 545 1769; x_wconf 86' lang='lat' dir='ltr'>vitam</span> <span class='ocrx_word' id='word_1_199' title='bbox 579 1733 802 1768; x_wconf 87' lang='lat' dir='ltr'>aeternam.</span> <span class='ocrx_word' id='word_1_200' title='bbox 843 1741 861 1762; x_wconf 88' lang='lat'>»</span> <span class='ocrx_word' id='word_1_201' title='bbox 904 1721 1128 1781; x_wconf 88' lang='lat' dir='ltr'>Numquid</span> <span class='ocrx_word' id='word_1_202' title='bbox 1161 1737 1264 1780; x_wconf 82' lang='lat' dir='ltr'>ergo</span> <span class='ocrx_word' id='word_1_203' title='bbox 1300 1721 1449 1764; x_wconf 88' lang='lat' dir='ltr'>audire</span> <span class='ocrx_word' id='word_1_204' title='bbox 1491 1737 1568 1766; x_wconf 90' lang='lat' dir='ltr'>nos</span> <span class='ocrx_word' id='word_1_205' title='bbox 1601 1720 1740 1765; x_wconf 88' lang='lat' dir='ltr'>voluit</span> 
     </span>
     <span class='ocr_line' id='line_1_24' title="bbox 354 1791 1740 1852; baseline -0.003 -12"><span class='ocrx_word' id='word_1_206' title='bbox 354 1797 537 1841; x_wconf 87' lang='lat' dir='ltr'>verbum</span> <span class='ocrx_word' id='word_1_207' title='bbox 560 1810 710 1849; x_wconf 83' lang='lat' dir='ltr'>suum,</span> <span class='ocrx_word' id='word_1_208' title='bbox 737 1802 780 1838; x_wconf 88' lang='lat' dir='ltr'>et</span> <span class='ocrx_word' id='word_1_209' title='bbox 806 1791 1047 1851; x_wconf 80' lang='lat' dir='ltr'>intelligere</span> <span class='ocrx_word' id='word_1_210' title='bbox 1070 1792 1236 1836; x_wconf 78' lang='lat' dir='ltr'>noluit?</span> <span class='ocrx_word' id='word_1_211' title='bbox 1256 1791 1622 1852; x_wconf 82' lang='lat' dir='ltr'>Quandoquidem</span> <span class='ocrx_word' id='word_1_212' title='bbox 1645 1792 1740 1836; x_wconf 89' lang='lat' dir='ltr'>siin</span> 
     </span>
     <span class='ocr_line' id='line_1_25' title="bbox 355 1861 1737 1922; baseline -0.004 -11"><span class='ocrx_word' id='word_1_213' title='bbox 355 1866 573 1911; x_wconf 85' lang='lat' dir='ltr'>audiendo</span> <span class='ocrx_word' id='word_1_214' title='bbox 596 1875 638 1910; x_wconf 93' lang='lat' dir='ltr'>et</span> <span class='ocrx_word' id='word_1_215' title='bbox 655 1863 873 1922; x_wconf 87' lang='lat' dir='ltr'>credendo</span> <span class='ocrx_word' id='word_1_216' title='bbox 898 1863 984 1907; x_wconf 81' lang='lat' dir='ltr'>vita</span> <span class='ocrx_word' id='word_1_217' title='bbox 1006 1872 1166 1905; x_wconf 74' lang='lat' dir='ltr'>aeterna</span> <span class='ocrx_word' id='word_1_218' title='bbox 1189 1872 1273 1917; x_wconf 81' lang='lat' dir='ltr'>est,</span> <span class='ocrx_word' id='word_1_219' title='bbox 1300 1861 1439 1907; x_wconf 90' lang='lat' dir='ltr'>multo</span> <span class='ocrx_word' id='word_1_220' title='bbox 1459 1863 1591 1920; x_wconf 81' lang='lat' dir='ltr'>magis</span> <span class='ocrx_word' id='word_1_221' title='bbox 1607 1863 1653 1906; x_wconf 88' lang='lat' dir='ltr'>in</span> <span class='ocrx_word' id='word_1_222' title='bbox 1669 1863 1737 1906; x_wconf 91' lang='lat' dir='ltr'>in-</span> 
     </span>
     <span class='ocr_line' id='line_1_26' title="bbox 357 1931 1739 1995; baseline -0.005 -13"><span class='ocrx_word' id='word_1_223' title='bbox 357 1936 605 1995; x_wconf 81' lang='lat' dir='ltr'>telligendo.</span> <span class='ocrx_word' id='word_1_224' title='bbox 635 1934 719 1980; x_wconf 89' lang='lat' dir='ltr'>Sed</span> <span class='ocrx_word' id='word_1_225' title='bbox 741 1933 897 1992; x_wconf 83' lang='lat' dir='ltr'>gradus</span> <span class='ocrx_word' id='word_1_226' title='bbox 925 1931 1095 1991; x_wconf 85' lang='lat' dir='ltr'>pietatis</span> <span class='ocrx_word' id='word_1_227' title='bbox 1117 1940 1179 1975; x_wconf 84' lang='lat' dir='ltr'>est</span> <span class='ocrx_word' id='word_1_228' title='bbox 1199 1931 1327 1985; x_wconf 81' lang='lat' dir='ltr'>fides,</span> <span class='ocrx_word' id='word_1_229' title='bbox 1358 1931 1457 1975; x_wconf 88' lang='lat' dir='ltr'>fidei</span> <span class='ocrx_word' id='word_1_230' title='bbox 1480 1931 1645 1976; x_wconf 85' lang='lat' dir='ltr'>fructus</span> <span class='ocrx_word' id='word_1_231' title='bbox 1675 1933 1739 1975; x_wconf 91' lang='lat' dir='ltr'>in-</span> 
     </span>
     <span class='ocr_line' id='line_1_27' title="bbox 356 2001 1738 2065; baseline -0.006 -12"><span class='ocrx_word' id='word_1_232' title='bbox 356 2007 575 2063; x_wconf 84' lang='lat' dir='ltr'>tellectus,</span> <span class='ocrx_word' id='word_1_233' title='bbox 609 2015 659 2050; x_wconf 85' lang='lat' dir='ltr'>ut</span> <span class='ocrx_word' id='word_1_234' title='bbox 691 2004 992 2065; x_wconf 87' lang='lat' dir='ltr'>perveniamus</span> <span class='ocrx_word' id='word_1_235' title='bbox 1026 2001 1081 2046; x_wconf 88' lang='lat' dir='ltr'>ad</span> <span class='ocrx_word' id='word_1_236' title='bbox 1110 2002 1243 2046; x_wconf 86' lang='lat' dir='ltr'>vitam</span> <span class='ocrx_word' id='word_1_237' title='bbox 1277 2011 1510 2057; x_wconf 78' lang='lat' dir='ltr'>aeternam,</span> <span class='ocrx_word' id='word_1_238' title='bbox 1543 2003 1620 2046; x_wconf 86' lang='lat' dir='ltr'>ubi</span> <span class='ocrx_word' id='word_1_239' title='bbox 1650 2018 1738 2046; x_wconf 92' lang='lat' dir='ltr'>non</span> 
     </span>
     <span class='ocr_line' id='line_1_28' title="bbox 355 2071 1739 2137; baseline -0.005 -14"><span class='ocrx_word' id='word_1_240' title='bbox 355 2079 481 2123; x_wconf 87' lang='lat' dir='ltr'>nobis</span> <span class='ocrx_word' id='word_1_241' title='bbox 499 2078 667 2137; x_wconf 81' lang='lat' dir='ltr'>legatur</span> <span class='ocrx_word' id='word_1_242' title='bbox 688 2073 971 2132; x_wconf 84' lang='lat' dir='ltr'>Evangelium</span> <span class='ocrx_word' id='word_1_243' title='bbox 990 2093 1000 2130; x_wconf 82' lang='lat'>3</span> <span class='ocrx_word' id='word_1_244' title='bbox 1020 2072 1094 2115; x_wconf 86' lang='lat' dir='ltr'>sed</span> <span class='ocrx_word' id='word_1_245' title='bbox 1117 2071 1189 2115; x_wconf 87' lang='lat' dir='ltr'>ille</span> <span class='ocrx_word' id='word_1_246' title='bbox 1211 2072 1286 2132; x_wconf 88' lang='lat' dir='ltr'>qui</span> <span class='ocrx_word' id='word_1_247' title='bbox 1303 2072 1427 2115; x_wconf 79' lang='lat' dir='ltr'>nobis</span> <span class='ocrx_word' id='word_1_248' title='bbox 1441 2071 1572 2117; x_wconf 89' lang='lat' dir='ltr'>modo</span> <span class='ocrx_word' id='word_1_249' title='bbox 1595 2075 1739 2116; x_wconf 85' lang='lat' dir='ltr'>Evan-</span> 
     </span>
     <span class='ocr_line' id='line_1_29' title="bbox 355 2142 1739 2208; baseline -0.005 -15"><span class='ocrx_word' id='word_1_250' title='bbox 355 2148 519 2208; x_wconf 89' lang='lat' dir='ltr'>pelium</span> <span class='ocrx_word' id='word_1_251' title='bbox 544 2146 821 2208; x_wconf 84' lang='lat' dir='ltr'>dispensavit,</span> <span class='ocrx_word' id='word_1_252' title='bbox 848 2144 1020 2188; x_wconf 87' lang='lat' dir='ltr'>remotis</span> <span class='ocrx_word' id='word_1_253' title='bbox 1039 2142 1243 2187; x_wconf 89' lang='lat' dir='ltr'>omnibus</span> <span class='ocrx_word' id='word_1_254' title='bbox 1260 2142 1457 2187; x_wconf 86' lang='lat' dir='ltr'>lectionis</span> <span class='ocrx_word' id='word_1_255' title='bbox 1480 2143 1668 2202; x_wconf 81' lang='lat' dir='ltr'>paginis,</span> <span class='ocrx_word' id='word_1_256' title='bbox 1696 2151 1739 2186; x_wconf 89' lang='lat' dir='ltr'>et</span> 
     </span>
     <span class='ocr_line' id='line_1_30' title="bbox 355 2213 1737 2273; baseline -0.006 -8"><span class='ocrx_word' id='word_1_257' title='bbox 355 2235 461 2264; x_wconf 89' lang='lat' dir='ltr'>voce</span> <span class='ocrx_word' id='word_1_258' title='bbox 483 2219 652 2264; x_wconf 89' lang='lat' dir='ltr'>lectoris</span> <span class='ocrx_word' id='word_1_259' title='bbox 691 2227 733 2262; x_wconf 92' lang='lat' dir='ltr'>et</span> <span class='ocrx_word' id='word_1_260' title='bbox 765 2215 1031 2265; x_wconf 79' lang='lat' dir='ltr'>tractatoris,</span> <span class='ocrx_word' id='word_1_261' title='bbox 1058 2222 1261 2273; x_wconf 84' lang='lat' dir='ltr'>appareat</span> <span class='ocrx_word' id='word_1_262' title='bbox 1283 2213 1485 2258; x_wconf 87' lang='lat' dir='ltr'>omnibus</span> <span class='ocrx_word' id='word_1_263' title='bbox 1517 2213 1601 2257; x_wconf 86' lang='lat' dir='ltr'>suis</span> <span class='ocrx_word' id='word_1_264' title='bbox 1630 2229 1737 2272; x_wconf 88' lang='lat' dir='ltr'>pur-</span> 
     </span>
     <span class='ocr_line' id='line_1_31' title="bbox 357 2283 1737 2350; baseline -0.007 -14"><span class='ocrx_word' id='word_1_265' title='bbox 357 2300 457 2350; x_wconf 81' lang='lat' dir='ltr'>gato</span> <span class='ocrx_word' id='word_1_266' title='bbox 488 2290 617 2335; x_wconf 88' lang='lat' dir='ltr'>corde</span> <span class='ocrx_word' id='word_1_267' title='bbox 654 2285 971 2332; x_wconf 77' lang='lat' dir='ltr'>assistentibus,</span> <span class='ocrx_word' id='word_1_268' title='bbox 1011 2292 1053 2327; x_wconf 89' lang='lat' dir='ltr'>et</span> <span class='ocrx_word' id='word_1_269' title='bbox 1084 2285 1129 2327; x_wconf 89' lang='lat' dir='ltr'>in</span> <span class='ocrx_word' id='word_1_270' title='bbox 1171 2298 1351 2342; x_wconf 90' lang='lat' dir='ltr'>corpore</span> <span class='ocrx_word' id='word_1_271' title='bbox 1385 2283 1616 2327; x_wconf 87' lang='lat' dir='ltr'>immortali</span> <span class='ocrx_word' id='word_1_272' title='bbox 1647 2284 1737 2342; x_wconf 87' lang='lat' dir='ltr'>jam</span> 
     </span>
     <span class='ocr_line' id='line_1_32' title="bbox 353 2353 1736 2421; baseline -0.007 -15"><span class='ocrx_word' id='word_1_273' title='bbox 353 2376 584 2421; x_wconf 84' lang='lat' dir='ltr'>nunquam</span> <span class='ocrx_word' id='word_1_274' title='bbox 607 2358 846 2411; x_wconf 84' lang='lat' dir='ltr'>morituris,</span> <span class='ocrx_word' id='word_1_275' title='bbox 878 2354 1095 2399; x_wconf 88' lang='lat' dir='ltr'>mundans</span> <span class='ocrx_word' id='word_1_276' title='bbox 1127 2369 1220 2408; x_wconf 79' lang='lat' dir='ltr'>eos,</span> <span class='ocrx_word' id='word_1_277' title='bbox 1247 2362 1290 2398; x_wconf 91' lang='lat' dir='ltr'>et</span> <span class='ocrx_word' id='word_1_278' title='bbox 1312 2353 1560 2397; x_wconf 87' lang='lat' dir='ltr'>illuminans</span> <span class='ocrx_word' id='word_1_279' title='bbox 1583 2354 1736 2398; x_wconf 87' lang='lat' dir='ltr'>viven-</span> 
     </span>
     <span class='ocr_line' id='line_1_33' title="bbox 358 2425 1735 2490; baseline -0.007 -12"><span class='ocrx_word' id='word_1_280' title='bbox 358 2441 444 2488; x_wconf 79' lang='lat' dir='ltr'>te5‚</span> <span class='ocrx_word' id='word_1_281' title='bbox 470 2441 513 2477; x_wconf 92' lang='lat' dir='ltr'>et</span> <span class='ocrx_word' id='word_1_282' title='bbox 532 2431 727 2477; x_wconf 85' lang='lat' dir='ltr'>videntes</span> <span class='ocrx_word' id='word_1_283' title='bbox 751 2426 871 2490; x_wconf 90' lang='lat' dir='ltr'>quod</span> <span class='ocrx_word' id='word_1_284' title='bbox 891 2426 936 2470; x_wconf 87' lang='lat' dir='ltr'>in</span> <span class='ocrx_word' id='word_1_285' title='bbox 958 2425 1169 2486; x_wconf 89' lang='lat' dir='ltr'>principio</span> <span class='ocrx_word' id='word_1_286' title='bbox 1197 2434 1287 2470; x_wconf 88' lang='lat' dir='ltr'>erat</span> <span class='ocrx_word' id='word_1_287' title='bbox 1309 2425 1502 2469; x_wconf 81' lang='lat' dir='ltr'>Verbum</span> <span class='ocrx_word' id='word_1_288' title='bbox 1518 2459 1530 2480; x_wconf 85' lang='lat'>‚</span> <span class='ocrx_word' id='word_1_289' title='bbox 1557 2433 1600 2469; x_wconf 91' lang='lat' dir='ltr'>et</span> <span class='ocrx_word' id='word_1_290' title='bbox 1623 2426 1735 2469; x_wconf 85' lang='lat' dir='ltr'>Ver-</span> 
     </span>
    </p>
   </div>
   <div class='ocr_carea' id='block_1_2' title="bbox 406 2515 654 2558">
    <p class='ocr_par' dir='ltr' id='par_1_2' title="bbox 406 2515 654 2558">
     <span class='ocr_line' id='line_1_34' title="bbox 406 2515 654 2558; baseline -0.008 -8"><span class='ocrx_word' id='word_1_291' title='bbox 406 2525 413 2539; x_wconf 84' lang='lat'>1</span> <span class='ocrx_word' id='word_1_292' title='bbox 432 2519 523 2550; x_wconf 83' lang='lat' dir='ltr'>Joan.</span> <span class='ocrx_word' id='word_1_293' title='bbox 546 2527 580 2558; x_wconf 82' lang='lat' dir='ltr'>v,</span> <span class='ocrx_word' id='word_1_294' title='bbox 600 2515 654 2558; x_wconf 68' lang='lat'>24.</span> 
     </span>
    </p>
   </div>
  </div>
 </body>
</html>
