1809 3173
346 184 425 222 468
770 197 802 222 s.
840 194 1068 224 Auoustrlm
1101 198 1278 225 Eiuscom

347 279 364 298 «
401 261 454 301 de
475 259 653 317 propriis
676 259 897 318 loquitur,
921 262 1021 321 quia
1042 262 1224 306 mendax
1247 272 1334 318 cst,
1361 272 1404 306 et
1426 273 1546 322 patei·
1574 266 1678 323 ejus.
1700 283 1716 304 »

347 328 469 370 Iuliis
489 328 628 371 verbis
643 329 819 388 quidam
838 340 1003 389 patrem
1020 331 1242 375 diaholum
1266 333 1421 375 habere
1442 343 1718 391 putaverunt,

341 408 383 440 et
411 399 676 456 quaesierunt
699 400 794 459 quis
817 410 924 444 esset
946 400 1108 443 diaboli
1133 411 1265 458 pater.
1295 402 1373 446 Hic
1410 418 1510 445 vero
1533 403 1721 446 detesta-

340 468 436 511 bilis
454 484 571 512 error
589 471 929 514 Rhnfichaemwnn
949 471 1113 514 invenit
1136 470 1278 515 adhue
1302 489 1387 531 qua
1411 472 1627 531 deciperet
1648 474 1723 516 ini-

339 539 513 598 pei‘itos.
544 539 693 584 Solent
721 542 835 584 enim
854 540 1018 596 dicere⁷
1042 544 1149 584 Puta
1172 541 1372 586 diabolus
1401 543 1592 601 Angelus
1614 545 1718 598 fuit,

340 620 382 654 et
400 609 545 670 lapsus
569 621 631 655 est
659 631 666 656 2
692 612 746 655 ab
771 611 846 655 illo
869 612 1004 671 coepit
1033 622 1260 671 peccatum
1277 648 1287 668 ‚
1313 613 1424 657 sieut
1446 614 1586 658 dicitis
1613 635 1621 658 :
1647 619 1724 659 Pa-

339 693 405 727 ter
437 683 527 741 ejus
552 683 646 742 quis
681 684 803 726 erat?
830 685 916 727 Nos
948 693 1127 740 contra,
1158 685 1262 737 Quis
1285 685 1401 730 enim
1421 695 1617 729 nostrum
1643 686 1724 730 alim

337 752 515 812 quando
550 752 656 796 dixit
690 752 915 797 diabolum
939 753 1100 798 habere
1128 757 1328 814 patrem?
1356 758 1413 799 Et
1441 755 1504 798 illi
1543 766 1691 800 contra
1709 791 1719 811 ‚

336 823 545 868 Dominus
562 822 690 878 dicit,
717 822 1004 882 Evangelium
1021 824 1216 884 loquitur
1233 861 1243 880 ‚
1266 824 1320 869 de
1345 824 1521 870 diabolo
1542 826 1690 871 dicens
1709 862 1719 881 ‚

339 895 420 949 ait,
451 913 471 937 «
491 894 570 938 Ille
589 894 808 939 homicida
831 905 920 940 erat
941 896 995 940 ab
1017 896 1167 951 initio,
1194 906 1236 940 et
1258 897 1302 940 in
1323 897 1504 942 veritate
1527 914 1613 942 non
1635 907 1721 942 ste-

341 985 361 1008 »
397 967 477 1024 tit3
502 966 604 1026 quia
631 967 785 1011 veritas
817 983 906 1011 non
932 976 995 1012 est
1021 968 1066 1011 in
1088 984 1139 1012 eo
1163 988 1171 1012 :
1203 984 1302 1012 cum
1327 969 1519 1029 loquitur
1540 968 1722 1013 menda-

347 1055 366 1079 »
403 1037 541 1093 cium,
566 1037 620 1081 de
641 1038 824 1098 propriis
843 1038 1064 1099 loquitur3
1097 1040 1199 1099 quia
1230 1040 1413 1084 mendax
1442 1049 1505 1085 est
1539 1050 1582 1084 et
1603 1050 1724 1100 pater

340 1127 361 1150 »
397 1109 503 1168 ejus.
533 1127 552 1150 »

399 1182 524 1223 XIII.
541 1180 681 1235 Audi,
707 1180 901 1240 intellige
920 1202 930 1238 3
953 1196 1041 1225 non
1065 1191 1106 1225 te
1127 1181 1256 1240 longe
1279 1182 1426 1237 mitto,
1447 1181 1491 1226 in
1514 1182 1612 1242 ipsis
1634 1197 1723 1226 ver-

339 1251 405 1294 his
427 1250 635 1309 intellige.
669 1251 900 1295 Diabolum
930 1253 1140 1296 Dominus
1174 1253 1280 1296 dixit
1301 1262 1467 1312 patrem
1488 1253 1718 1297 mendacii.

337 1320 455 1374 Quid
473 1331 535 1365 est
560 1322 675 1365 hoc?
696 1323 811 1365 Audi
834 1323 941 1382 quid
963 1324 1016 1366 sit
1036 1359 1046 1378 ‚
1075 1323 1233 1382 replica
1252 1324 1381 1368 modo
1403 1324 1492 1383 ipsa
1516 1325 1663 1379 verba,
1682 1333 1725 1368 et

279 1410 285 1415 -
338 1390 546 1448 intellige.
572 1393 670 1436 Non
690 1392 829 1434 omnis
851 1394 965 1435 enim
1006 1393 1082 1452 qui
1109 1394 1341 1449 mentitur,
1367 1404 1488 1453 pater
1510 1394 1724 1438 mendacii

341 1462 407 1506 sui
435 1470 513 1506 est.
543 1462 586 1506 Si
610 1463 724 1505 enim
755 1464 810 1505 ab
832 1462 917 1508 alio
940 1464 1215 1508 mendacium
1234 1465 1464 1524 accepisti,
1488 1474 1531 1509 et
1551 1464 1721 1524 dixisti3

340 1543 389 1578 tu
409 1533 588 1592 quidem
608 1533 813 1577 mentitus
831 1550 873 1577 es
895 1533 1158 1593 proferendo
1175 1535 1451 1580 mendacium
1475 1556 1483 1580 :
1509 1535 1585 1580 sed
1603 1546 1724 1595 pater

339 1604 555 1648 mendacii
581 1605 713 1664 ipsius
746 1621 835 1649 non
858 1621 928 1662 es3
955 1606 1057 1666 quia
1080 1607 1133 1650 ab
1163 1606 1298 1650 altero
1324 1607 1525 1666 accepisti
1541 1606 1723 1651 menda—

339 1678 472 1721 cium.
496 1678 703 1722 Diabolus
721 1689 865 1722 autem
889 1695 912 1722 a
929 1694 973 1722 se
998 1679 1090 1738 ipso
1110 1679 1297 1722 mendax
1316 1678 1422 1723 suit:
1448 1678 1722 1723 mendacium

340 1765 468 1792 suum
486 1749 574 1808 ipse
593 1749 757 1806 genuit,
776 1765 799 1792 a
814 1749 988 1792 nemine
1009 1749 1188 1792 audivit.
1211 1750 1441 1801 Quomodo
1463 1752 1576 1793 Deus
1599 1753 1725 1793 Pater

343 1819 495 1878 genuit
517 1819 680 1862 Filium
702 1819 927 1862 veritatem
945 1836 953 1862 ε
979 1819 1037 1862 sic
1055 1818 1253 1862 diabolus
1275 1818 1418 1877 lapsus
1444 1819 1592 1876 genuit
1605 1818 1727 1878 quasi

342 1891 482 1934 filium
520 1889 812 1933 mendacium.
846 1890 920 1932 His
958 1888 1139 1943 auditis,
1176 1889 1336 1948 replica
1368 1905 1485 1933 nunc
1515 1899 1557 1932 et
1585 1888 1726 1933 recole

341 1961 474 2005 verba
492 1959 687 2004 Domini:
705 1974 824 2002 mens
847 1959 1058 2002 catholica
1074 1958 1180 2018 quid
1202 1959 1386 2002 audieris
1404 1958 1593 2013 adverte,
1619 1958 1727 2017 quid

344 2032 460 2076 dicat
481 2031 672 2075 attende.
705 2050 721 2070 α
749 2029 828 2073 Ille
844 2064 854 2084 ,
883 2048 902 2070 n
927 2030 1064 2082 Quis?
1083 2029 1282 2073 diabolus
1309 2049 1317 2073 :
1349 2049 1368 2071 «
1394 2028 1611 2073 homicida
1636 2037 1726 2073 erat

346 2120 367 2143 »
404 2102 459 2146 ab
481 2102 618 2145 initio.
646 2120 665 2142 »
687 2100 972 2159 Agnoscimus
987 2135 997 2154 ‚
1023 2099 1182 2144 occidit
1205 2098 1389 2143 Adam«
1404 2102 1461 2142 Et
1481 2100 1527 2142 in
1546 2100 1726 2143 veritate

348 2191 369 2215 »
405 2188 494 2218 non
516 2172 646 2216 stetit.
684 2190 703 2212 »
729 2170 1035 2229 Agnoscimus,
1075 2170 1177 2229 quia
1199 2169 1254 2213 de
1275 2170 1456 2215 veritate
1476 2168 1622 2228 lapsus
1644 2179 1721 2214 est.

350 2264 370 2287 ι(
405 2244 514 2297 Quia
536 2243 688 2288 veritas
714 2258 803 2286 non
826 2250 888 2285 est
913 2242 958 2284 in
986 2256 1051 2285 eo.
1080 2259 1099 2281 »
1123 2243 1285 2285 Verum
1324 2250 1412 2296 est,
1438 2239 1681 2285 recedendo
1703 2257 1726 2284 a

351 2315 553 2368 veritate,
583 2329 673 2357 non
700 2313 833 2356 habet
866 2311 1105 2355 veritatem.
1137 2330 1152 2350 «
1183 2313 1294 2356 Cum
1316 2310 1511 2370 loquitur
1543 2311 1724 2354 menda-

351 2403 371 2426 »
408 2385 522 2429 cium
536 2419 546 2438 ‚
566 2382 620 2426 de
642 2383 823 2442 propriis
840 2381 1049 2441 loquitur.
1077 2400 1095 2422 »
1117 2384 1211 2426 Non
1234 2381 1408 2425 aliunde
1432 2382 1586 2440 accipit
1607 2380 1724 2424 unde

348 2457 567 2516 loquatur.
598 2475 615 2496 «
645 2457 755 2498 Cum
773 2454 966 2512 loquitur
989 2453 1260 2496 mendacium
1280 2488 1289 2507 ‚
1315 2454 1369 2496 de
1391 2453 1571 2512 propriis
1588 2452 1725 2511 loqui-

353 2548 371 2570 »
411 2539 479 2571 tur
498 2548 508 2584 3
533 2527 633 2587 quia
652 2525 835 2570 mendax
856 2534 944 2580 est,
970 2534 1012 2568 et
1035 2533 1156 2582 pater
1177 2526 1281 2584 ejus.
1307 2543 1325 2564 »
1357 2527 1407 2569 iit
1430 2523 1614 2568 mendax
1637 2533 1720 2577 est,
