1809 3173
369 195 449 234 196
791 204 823 231 s.
860 201 1088 232 Auens'rim
1121 204 1301 232 Emscom

365 272 453 316 vita
486 269 641 314 animae
663 268 883 313 mutabilis
911 278 988 313 est.
1021 273 1133 313 Deus
1157 285 1237 313 nec
1258 266 1444 328 proficit,
1469 282 1548 312 nec
1578 266 1739 323 deficit,

364 341 440 387 sed
461 350 524 386 est
545 341 635 401 ipse
656 356 824 400 semper
840 340 885 384 in
906 356 966 396 se,
991 350 1054 385 cst
1076 341 1135 385 ita
1155 350 1205 385 ut
1226 350 1316 385 est:
1342 355 1430 383 non
1454 338 1576 382 aliter
1598 354 1714 383 nunc
1730 373 1741 394 ,

367 411 489 456 aliter
510 421 674 471 postea,
700 410 823 455 aliter
841 419 980 455 antea.
1005 411 1173 454 Animae
1200 426 1303 455 vero
1335 410 1439 463 vita,
1474 407 1600 453 valde
1624 408 1746 452 aliter

367 492 498 543 atque
533 482 657 526 aliter
689 481 895 526 :vivebat
928 479 1076 535 stulta,
1105 480 1211 525 vivit
1238 480 1432 539 sapiens,
1462 478 1636 523 vivebat
1664 478 1748 522 ini-

365 569 476 614 qua,
519 553 625 598 vivit
666 554 783 612 justa
817 570 825 597 :
857 567 974 595 nunc
1014 550 1213 595 meminit
1233 585 1243 605 ,
1282 566 1399 594 nunc
1444 549 1713 600 obliviscitur
1734 568 1744 606 3

364 640 483 669 nunc
502 623 644 678 discit,
681 637 799 666 nunc
830 622 994 666 discere
1017 637 1105 666 non
1129 630 1271 681 potest
1291 642 1301 679 3
1326 637 1443 665 nunc
1465 619 1608 680 perdit
1629 620 1749 680 quod

365 695 600 749 didicerat,
631 709 749 737 nunc
775 692 957 752 percipit
991 691 1112 752 quod
1145 693 1345 735 amiserat
1376 710 1385 735 ι
1411 689 1631 734 mutabilis
1663 690 1750 735 vita

366 767 535 810 animae.
573 768 629 809 Et
667 779 768 808 cum
808 764 915 808 vivit
943 763 1085 806 anima
1126 762 1172 805 in
1209 762 1438 821 iniquitate
1455 796 1465 815 ,
1507 775 1623 805 mors
1661 761 1750 820 ejus

365 845 428 880 est
455 854 463 879 :
489 850 589 878 cum
616 843 760 877 autem
784 833 833 876 fit
849 834 979 892 justa,
1000 832 1050 876 fit
1071 832 1282 890 particeps
1305 830 1479 874 alterius
1500 831 1616 885 vitae,
1651 846 1750 890 quae

364 921 452 950 non
476 914 539 949 est
556 904 677 964 quod
699 904 788 963 ipsa
810 922 820 949 ι
846 904 1052 961 erigendo
1072 918 1115 946 se
1137 903 1299 963 quippe
1315 902 1369 947 ad
1392 906 1531 947 Deum
1548 911 1591 947 et
1612 902 1751 945 inhae-

365 975 500 1020 rendo
526 979 631 1030 Deo,
657 990 706 1018 ex
738 973 813 1018 illo
835 974 1110 1034 justificatur.
1136 974 1312 1018 Dictum
1334 976 1397 1017 est
1426 973 1540 1016 enim
1572 991 1580 1016 :
1607 991 1626 1014 «
1651 974 1752 1017 Cre-

368 1065 388 1087 »
425 1045 545 1090 denti
567 1046 613 1089 in
652 1060 751 1088 eum
793 1044 869 1103 qui
899 1044 1107 1103 justificat
1139 1043 1337 1103 impium,
1376 1043 1612 1102 deputatur
1645 1042 1752 1086 fides

369 1134 388 1157 n
425 1117 516 1175 ejus
533 1115 812 1174 adjustitiam
829 1117 857 1157 ¹.
883 1132 902 1155 »
936 1113 1184 1157 Deficiendo
1209 1114 1262 1156 ab
1280 1113 1355 1157 illo
1378 1114 1428 1157 fit
1459 1113 1624 1172 iniqua,
1647 1128 1752 1172 pro-

366 1186 552 1231 ficiendo
575 1185 630 1229 ad
648 1185 772 1228 illum
795 1185 843 1228 fit
861 1185 991 1244 justa.
1028 1187 1183 1230 Nonne
1210 1184 1383 1229 videtur
1415 1184 1495 1227 tibi
1516 1184 1638 1243 quasi
1670 1183 1751 1227 ali«

366 1257 472 1316 quid
496 1255 701 1314 frigidum
717 1255 805 1313 igni
827 1253 1053 1298 admotum
1072 1254 1324 1308 fervescere,
1350 1267 1568 1297 remotum
1584 1253 1636 1297 ab
1653 1253 1753 1311 igne

369 1328 644 1386 torpescere?
676 1328 830 1371 Nonne
867 1325 1038 1369 videtur
1072 1324 1151 1368 tibi
1187 1324 1397 1384 quiddam
1440 1324 1717 1368 tenebrosum
1740 1358 1751 1379 ,

370 1398 596 1442 admotum
613 1395 702 1440 luci
715 1395 964 1450 clarescere,
984 1403 1200 1439 remotum
1215 1410 1238 1438 a
1254 1394 1352 1438 luce
1365 1394 1635 1453 nigrescere?
1654 1392 1755 1437 Tale

369 1467 580 1528 quiddam
604 1476 667 1511 est
687 1468 845 1522 anima,
863 1482 952 1511 non
974 1466 1059 1510 tale
1075 1465 1240 1526 aliquid
1256 1469 1381 1510 Deus.
1402 1468 1548 1510 Potest
1569 1474 1612 1509 et
1624 1465 1755 1510 homo

371 1527 531 1593 dicere,
556 1538 717 1581 habere
744 1552 787 1580 se
810 1536 953 1581 lucem
972 1552 1089 1580 nunc
1119 1537 1164 1580 in
1193 1536 1329 1581 oculis
1354 1535 1454 1580 suis.
1481 1536 1635 1580 Dicant
1654 1551 1756 1594 ergo

371 1609 494 1673 quasi
509 1608 698 1669 quadam
721 1623 827 1653 voce
849 1608 1021 1667 propria
1045 1608 1159 1651 oculi
1182 1607 1248 1651 tui
1265 1607 1298 1650 si
1316 1617 1512 1666 possunt,
1537 1608 1757 1651 Habemus

373 1680 516 1725 lucem
536 1680 581 1723 in
604 1679 729 1724 nobis
751 1679 866 1739 ipsis.
891 1681 1052 1724 Contra
1082 1678 1256 1733 dicitur,
1281 1681 1378 1723 Non
1404 1678 1578 1738 proprie
1597 1677 1753 1732 dicitis,
1796 1722 1799 1725 .

372 1752 533 1797 habere
571 1767 646 1796 vos
687 1751 828 1794 lucem
870 1752 914 1794 in
945 1751 1195 1810 vobisipsis
1235 1750 1440 1794 :habetis
1471 1749 1641 1804 lucem,
1682 1748 1758 1793 sed
1798 1773 1799 1781 κ

374 1823 420 1866 in
451 1821 593 1867 coelo:
617 1821 786 1865 habetis
817 1820 961 1864 lucem
996 1821 1028 1864 si
1059 1820 1170 1864 forte
1206 1836 1292 1864 nox
1322 1830 1411 1874 est,
1457 1819 1532 1863 sed
1557 1820 1602 1862 in
1634 1818 1755 1873 luna,

376 1893 422 1936 in
458 1892 673 1945 lucernis,
713 1907 802 1935 non
834 1890 879 1933 in
906 1890 1028 1934 vobis
1056 1890 1156 1948 ipsis
1183 1908 1192 1933 z
1229 1905 1330 1932 nam
1369 1888 1503 1933 clausi
1537 1888 1754 1944 amittitis,
1795 1923 1799 1925 -

376 1964 497 2024 quod
520 1963 656 2023 aperti
677 1962 891 2022 percipitis
914 1977 1027 2006 :non
1052 1961 1097 2005 in
1114 1961 1236 2005 vobis
1262 1961 1360 2020 ipsis
1385 1961 1553 2004 habetis
1576 1960 1719 2005 lucem
1746 1978 1756 2005 z
1798 1980 1799 1983 ¹

378 2036 467 2080 sole
501 2034 726 2079 occidente
756 2042 899 2076 tenete
928 2032 1086 2087 lucem,
1111 2031 1145 2075 si
1166 2032 1341 2090 potestis
1363 2050 1371 2075 :
1396 2047 1482 2075 nox
1503 2039 1582 2086 est,
1613 2039 1656 2075 et
1687 2030 1759 2074 lu-
1780 2070 1787 2072 ,

378 2106 494 2149 mine
538 2114 752 2148 nocturno
795 2101 1094 2162 perfruimini,
1147 2102 1361 2145 subducta
1397 2102 1575 2145 lucerna
1616 2109 1759 2144 tenete

378 2175 523 2219 lucem
557 2195 566 2219 ε
598 2190 698 2219 cum
730 2189 831 2218 vero
863 2173 1080 2216 subtracta
1108 2172 1286 2216 lucerna
1321 2172 1366 2215 in
1396 2171 1584 2216 tenebris
1618 2185 1760 2215 rema-

380 2246 490 2289 netis
510 2279 522 2299 ,
558 2260 648 2288 non
674 2244 816 2287 lucem
849 2243 894 2286 in
928 2243 1048 2287 vobis
1085 2242 1185 2301 ipsis
1208 2242 1393 2286 habetis.
1430 2244 1523 2286 Hoc
1558 2250 1620 2286 est
1657 2255 1760 2299 ergo

384 2314 546 2359 hahere
566 2313 709 2357 lucem
731 2314 777 2356 in
802 2312 1046 2371 semetipso,
1071 2328 1158 2357 non
1182 2311 1372 2369 indigere
1393 2312 1491 2356 luce
1513 2327 1565 2355 ex
1605 2310 1756 2355 altero.

383 2389 497 2430 Ecce
528 2385 626 2439 ubi,
664 2384 696 2427 si
725 2383 820 2443 quis
850 2383 1085 2441 intelligat,
1122 2382 1312 2427 ostendis
1347 2383 1507 2427 Filium
1545 2381 1760 2441 aequalem

388 2456 520 2511 Patri,
552 2456 629 2499 ubi
650 2455 709 2500 ait
736 2474 744 2499 2
769 2473 790 2497 «
813 2455 930 2500 Sicut
952 2455 1086 2499 habet
1123 2457 1249 2499 Pater
1276 2455 1409 2500 vitam
1431 2454 1476 2498 in
1507 2452 1758 2512 semetipso,

434 2547 442 2564 ¹
465 2543 553 2574 Rom.
570 2551 612 2580 iv,
632 2540 661 2572 5.

1802 2466 1809 2491 Α
1796 2373 1809 2424 -Ἂ-
1795 2307 1809 2350 ’.ι-Δ
1801 2234 1809 2289 ἡ.»
1801 2178 1809 2213 Α..
