1809 3173
380 139 464 176 372
761 147 794 174 s.
843 147 1071 174 Avous'mm
1106 149 1285 175 EPJSCOPI

372 212 609 265 damnavit,
630 210 706 254 sed
724 221 964 270 peccatum,
989 227 1078 256 non
1102 212 1340 257 hominem.
1368 214 1478 258 Nam
1498 215 1533 258 si
1555 224 1757 273 peccato-

374 297 472 325 rum
500 280 645 325 fautor
673 290 803 336 esset,
840 280 1003 326 diceret
1031 301 1039 326 :
1063 284 1152 327 Nec
1179 297 1259 341 ego
1288 291 1329 326 te
1352 282 1595 342 damnabo,
1625 284 1754 340 vade,

373 353 470 397 vive
486 360 536 395 ut
551 351 614 397 vis
642 371 651 397 ε
674 353 729 396 de
751 367 846 396 mea
867 351 1124 397 liberatione
1146 362 1235 398 esto
1248 369 1412 409 secura,
1433 370 1513 414 ego
1528 364 1760 415 quantum-

373 436 563 482 cumque
590 423 856 482 peccaveris,
881 432 924 467 te
949 423 1004 466 ab
1027 423 1147 467 omni
1174 438 1305 482 poena
1327 425 1455 469 etiam
1480 426 1690 485 gehennae
1717 435 1760 470 et

371 492 530 537 inferni
554 493 788 537 tortoribus
805 492 1018 537 liberabo.
1040 494 1137 537 Non
1156 493 1239 537 hoc
1261 493 1385 538 dixit.

430 565 528 608 VII.
554 564 790 608 Intendant
811 577 912 620 ergo
930 563 1005 622 qui
1027 572 1176 607 amant
1192 564 1238 606 in
1261 564 1446 609 Domino
1458 566 1759 609 mansuetudi-

370 649 493 689 nem,
517 643 560 677 et
574 634 756 677 timeant
776 633 1019 677 veritatem.
1051 651 1071 674 ι(
1095 633 1269 677 Etenim
1286 634 1424 678 dulcis
1449 643 1492 678 et
1509 644 1650 679 rectus
1668 638 1758 679 Do-

373 724 393 747 »
429 706 570 749 minus
592 707 622 747 1.
653 722 671 744 »
698 707 827 748 Amas
850 704 970 764 quod
985 703 1124 748 dulcis
1145 714 1222 759 est,
1248 705 1352 749 time
1375 704 1495 765 quod
1515 714 1656 750 rectus
1676 715 1753 750 est.

370 778 597 835 Tanquam
629 784 879 818 mansuetus
905 774 1014 818 dixit
1047 794 1056 819 ς
1093 794 1113 816 «
1149 776 1282 819 Tacui
1311 794 1319 819 :
1346 777 1362 800 ²
1389 793 1408 816 »
1440 775 1515 819 sed
1549 784 1758 835 tanquam

362 849 524 907 justus,
552 845 778 905 Numquid
805 861 974 905 semper
996 846 1179 890 tacebo?
1205 866 1224 888 «
1250 847 1490 891 Misericors
1512 857 1555 891 et
1577 849 1757 892 misera-

369 935 390 958 »
428 927 496 962 tor
513 917 720 961 Dominus
734 918 765 959 ³.
786 935 805 957 >›
826 920 889 960 lta
906 916 1048 976 plane.
1068 917 1223 961 Adhuc
1237 917 1365 973 adde,
1384 917 1643 975 longanimis
1661 918 1757 975 ,ad-

366 988 453 1032 huc
468 988 596 1043 adde,
611 996 653 1031 et
666 988 856 1031 multum
873 987 1132 1032 misericors:
1152 988 1227 1032 sed
1243 989 1345 1031 time
1358 987 1479 1048 quod
1489 989 1605 1032 estin
1619 989 1756 1033 novis-

364 1059 490 1114 simo,
512 1069 556 1103 et
573 1074 715 1104 verax.
743 1061 862 1112 Quos
886 1058 1003 1102 enim
1026 1058 1158 1103 modo
1176 1060 1357 1103 sustinet
1375 1068 1622 1118 peccantes,
1639 1060 1756 1118 judi-

363 1139 539 1175 caturus
561 1140 625 1174 est
642 1139 986 1174 contemnentes.
1018 1149 1037 1171 «
1059 1133 1127 1174 An
1151 1129 1325 1174 divitias
1351 1129 1689 1188 longanimitatis
1712 1140 1754 1176 et

366 1218 387 1242 υ
424 1201 768 1244 mansuetudinis
792 1202 881 1260 ejus
909 1201 1172 1255 contemnis,
1201 1201 1403 1258 ignorans
1424 1201 1524 1259 quia
1547 1200 1753 1259 patientia

364 1288 385 1313 »
422 1272 499 1315 Dei
527 1271 582 1315 ad
603 1271 907 1330 poenitentiam
931 1279 973 1314 te
1002 1270 1214 1314 adducit?
1246 1274 1310 1314 Tu
1344 1280 1489 1315 autem
1511 1272 1753 1315 secundum

362 1360 382 1383 »
421 1341 627 1385 duritiam
649 1342 790 1384 cordis
818 1341 881 1384 tui
902 1350 945 1384 et
968 1356 1042 1384 cor
1064 1341 1365 1400 impoenitens,
1390 1342 1651 1386 thesaurizas
1672 1342 1753 1386 tibi

314 1424 320 1427 ⁴
362 1432 382 1455 »
418 1413 525 1457 iram
547 1413 592 1456 in
616 1413 685 1456 die
702 1413 777 1456 irae
795 1422 837 1457 et
860 1412 1134 1456 revelationis
1147 1413 1250 1472 justi
1263 1411 1415 1472 judicii
1437 1414 1529 1468 Dei,
1556 1415 1630 1473 qui
1650 1413 1751 1457 red-

360 1502 380 1525 »
417 1484 491 1527 det
514 1483 752 1542 unicuique
773 1482 1015 1526 secundum
1039 1497 1168 1542 opera
1193 1499 1269 1526 sua
1287 1483 1320 1526 ⁴.
1351 1502 1368 1524 »
1391 1486 1642 1528 Mansuetus
1662 1487 1750 1529 Do-

356 1555 514 1611 minus,
540 1554 802 1613 longanimis
825 1554 1050 1608 Dominus,
1076 1553 1315 1598 misericors
1344 1555 1554 1598 Dominus
1581 1574 1590 1599 ε
1611 1554 1684 1598 sed
1708 1564 1751 1599 et

351 1627 492 1686 justus
521 1626 731 1670 Dominus
759 1634 803 1669 et
836 1640 963 1669 verax
987 1626 1209 1669 Dominus.
1236 1626 1438 1684 Largitur
1462 1626 1540 1670 tibi
1562 1626 1750 1685 spatium

355 1697 635 1742 correctionis
657 1716 666 1742 ;
689 1696 764 1741 sed
786 1706 834 1740 tu
858 1696 955 1756 plus
978 1712 1093 1740 amas
1116 1696 1368 1741 dilationem
1393 1712 1524 1757 quam
1546 1698 1749 1742 emenda-

354 1769 531 1812 tionem.
556 1768 696 1812 Malus
720 1767 839 1811 fuisti
872 1768 990 1810 heri?
1012 1766 1142 1811 hodie
1178 1768 1320 1812 bonus
1345 1777 1452 1812 esto.
1486 1771 1542 1812 Et
1570 1768 1748 1812 hodier-

352 1855 460 1883 num
483 1839 598 1883 diem
627 1839 673 1882 in
698 1837 860 1881 malitia
882 1839 1116 1896 peregisti?
1140 1839 1208 1882 vel
1235 1855 1327 1883 cras
1360 1849 1544 1883 mutare.
1571 1842 1748 1899 Semper

356 1921 577 1970 expectas,
615 1919 658 1954 et
698 1909 990 1953 misericordia
1019 1909 1095 1952 Dei
1118 1909 1195 1952 tibi
1229 1910 1464 1967 plurimum
1494 1910 1705 1969 polliceris
1735 1930 1744 1955 :

355 1983 478 2042 quasi
500 1982 571 2025 ille
588 1981 663 2042 qui
681 1981 761 2025 tibi
786 1996 860 2040 per
873 1980 1176 2040 poenitentiam
1196 1981 1392 2039 promisit
1408 1981 1742 2040 indulgentiam,

356 2053 602 2111 promiserit
629 2051 710 2095 tibi
743 2051 872 2094 etiam
901 2049 1176 2109 prolixiorem
1200 2051 1348 2094 vitam.
1382 2050 1505 2095 Unde
1528 2052 1606 2097 scis
1626 2052 1747 2112 quod

354 2125 492 2182 pariat
514 2123 724 2167 crastinus
758 2121 873 2166 dies?
897 2124 1031 2165 Recte
1060 2120 1167 2165 dicis
1189 2122 1234 2165 in
1262 2121 1393 2165 corde
1414 2131 1491 2166 tuo
1523 2142 1531 2166 :
1562 2123 1745 2176 Quando

354 2209 423 2237 me
442 2208 668 2237 correxero
683 2228 693 2247 ,
716 2196 828 2236 Deus
851 2192 959 2234 mihi
981 2192 1125 2236 onmia
1148 2201 1323 2251 peccata
1346 2192 1551 2236 dimittet.
1578 2195 1744 2252 Negare

351 2279 441 2308 non
464 2279 711 2323 possumus,
740 2262 860 2323 quod
877 2263 1079 2307 correctis
1101 2272 1232 2323 atque
1263 2264 1479 2307 conversis
1506 2263 1742 2322 indulgen-

352 2336 457 2380 tiam
480 2339 591 2379 Deus
609 2335 818 2395 promisit.
849 2337 955 2380 Nam
980 2336 1026 2378 in
1045 2351 1134 2395 quo
1149 2335 1365 2394 Propheta
1383 2335 1490 2378 mihi
1517 2334 1620 2393 legis
1639 2337 1741 2396 quia

401 2438 410 2455 ¹
438 2433 522 2464 Psal.
543 2442 631 2472 xxm
659 2435 693 2467 8.
713 2448 756 2455 -
775 2438 788 2454 ²
813 2432 884 2464 Isai‘.
905 2441 988 2471 xmt,
1013 2430 1064 2474 14,
1082 2433 1178 2473 juxta
1200 2441 1272 2464 Lxx.
1291 2447 1332 2454 —
1346 2429 1359 2456 3
1381 2431 1462 2464 Psal.
1481 2441 1597 2473 mxxv,
1619 2432 1668 2464 15.
1698 2448 1739 2455 —·

353 2486 370 2518 4
387 2491 480 2521 Rom.
496 2499 531 2529 u,
547 2487 581 2530 4,
598 2491 664 2521 etc.
