1825 3214
287 215 331 241 m
363 211 538 241 somnis
570 209 880 247 EVANGELIUM‚
915 211 1060 238 Timor.
1100 213 1221 238 xxxi.
1352 202 1435 239 355

51 293 140 323 non
158 279 370 338 poteritis,
396 278 471 323 sed
493 296 510 318 «ι
538 292 627 321 non
645 276 822 335 potestis
847 291 856 316 ι
886 295 904 316 »
924 276 1030 320 tales
1051 276 1166 320 enim
1192 285 1295 321 tune
1318 286 1441 321 erant

49 349 124 408 qui
157 364 246 393 non
280 358 468 408 possent.
500 350 608 393 Nam
635 355 685 391 ut
716 346 856 391 sciatis
892 361 980 390 non
1027 347 1110 390 hoc
1145 347 1200 390 ad
1234 348 1439 407 despera-

52 420 214 465 tionem
237 420 421 475 dictum,
442 428 487 463 et
507 418 727 478 discipulis
744 418 829 462 suis
851 417 959 462 dixit
978 416 1060 461 tale
1086 416 1280 477 aliquid3
1303 438 1321 460 «
1339 422 1437 472 Quo

54 509 73 532 »
108 505 188 548 ego
221 490 361 546 vado,
396 507 472 536 vos
494 506 583 535 non
617 489 792 549 potestis
825 488 1026 533 venire¹z
1062 506 1081 529 »
1107 504 1207 532 cum
1243 505 1320 547 pro
1352 490 1437 535 inis

50 577 174 606 orans
190 561 348 607 dixerit
373 580 381 607 ι
403 555 423 605 ὲ(
451 566 575 607 Pater
590 597 601 616 ,
623 561 722 606 volo
754 569 803 604 ut
823 559 899 603 ubi
928 574 1010 618 ego
1036 574 1153 613 sum,
1187 570 1230 604 et
1251 561 1330 619 ipsi
1352 562 1438 606 sint

52 636 268 677 mecum&
294 651 313 673 »
342 633 536 692 Denique
559 633 640 676 hoc
664 635 792 675 Petro
805 630 1017 690 exposuit,
1043 640 1086 675 et
1103 632 1162 674 ait
1176 630 1236 674 illi
1249 665 1264 686 ,
1293 651 1313 673 «
1338 635 1436 685 Quo

55 721 74 744 »
109 718 189 762 ego
206 702 319 748 vado
335 738 346 758 ,
367 719 455 748 non
478 712 599 762 potes
627 717 696 746 me
718 702 841 762 sequi
876 702 1029 757 modo,
1064 703 1257 763 sequeris
1289 712 1437 748 autem

55 792 74 814 »
110 775 306 833 postea³.
344 794 362 816 »

110 847 166 888 X.
196 865 216 887 «
248 846 456 890 Dixerunt
477 859 578 903 ergo
607 843 772 898 Judaei,
803 861 822 884 »
848 859 938 888 non
967 843 1021 887 ad
1042 843 1215 904 ipsum3
1238 845 1314 889 sed
1344 845 1441 890 «ad

56 933 75 956 »
110 930 154 959 se
174 915 288 974 ipsos
305 935 313 960 z
331 919 429 969 Quo
451 916 519 959 hic
542 916 680 959 iturus
695 923 774 970 est,
791 915 893 974 quia
911 930 1000 958 non
1018 915 1290 960 inveniemus
1307 919 1442 960 eum?

55 1004 75 1027 »
112 986 328 1046 numquid
350 989 394 1031 in
412 987 724 1046 dispersionem
755 987 951 1045 gentium
974 987 1112 1031 iturus
1145 996 1234 1041 est,
1260 997 1303 1032 et
1333 987 1442 1032 doe·

56 1075 75 1098 n
112 1066 235 1102 turus
259 1059 466 1116 gentes⁴P
504 1076 522 1099 υ
554 1060 651 1104 Non
683 1058 799 1102 enim
834 1058 1028 1102 sciebant
1060 1058 1180 1118 quod
1212 1058 1445 1118 dixerunt3

51 1126 128 1171 sed
157 1129 259 1188 quia
290 1129 363 1172 ille
394 1128 560 1183 voluit,
596 1130 985 1188 prophetaverunt.
1019 1132 1164 1173 Iturus
1197 1130 1314 1174 enim
1350 1140 1442 1175 erat

54 1199 258 1244 Dominus
277 1199 332 1244 ad
344 1210 509 1259 gentes,
531 1216 619 1244 non
635 1200 863 1259 praesentia
878 1200 1071 1259 corporis
1089 1201 1178 1255 sui,
1200 1201 1276 1245 sed
1300 1210 1445 1246 tamen

54 1269 236 1327 pedibus
264 1271 366 1315 suis.
388 1272 472 1325 Qui
503 1281 627 1316 erant
649 1271 781 1331 pedes
812 1272 932 1331 ejus?
954 1273 1071 1324 Quos
1098 1271 1228 1331 pedes
1263 1273 1447 1318 concul-

54 1358 151 1386 care
165 1343 337 1388 volebat
369 1342 671 1403 persequendo
696 1341 875 1397 Saulus,
913 1343 1092 1403 quando
1125 1344 1164 1388 ei
1189 1355 1320 1404 caput
1353 1345 1446 1390 cia-

52 1415 186 1459 mavit
208 1433 217 1460 :
246 1433 265 1457 «
305 1414 432 1460 Saule
448 1450 459 1469 ‚
489 1414 616 1460 Saule
632 1449 643 1469 ,
669 1413 777 1474 quid
807 1429 876 1458 me
898 1416 1167 1474 persequeris
1182 1417 1230 1460 ⁵?
1254 1418 1358 1469 Quis
1381 1426 1445 1462 est

57 1504 77 1528 »
111 1487 179 1531 hic
201 1501 357 1541 sermo,
380 1501 511 1546 quem
526 1485 648 1540 dixit,
664 1486 876 1539 Quaeretis
892 1500 960 1529 me
976 1494 1020 1530 et
1039 1501 1128 1530 non
1142 1486 1386 1544 invenietis,
1403 1497 1447 1533 et

56 1574 78 1599 »
111 1559 187 1603 ubi
209 1572 289 1616 ego
305 1573 402 1602 sum
418 1592 428 1612 ,
452 1572 526 1602 vos
544 1573 633 1602 non
654 1557 832 1617 potestis
850 1557 995 1602 venire
1012 1558 1027 1583 ὃ
1042 1558 1059 1598 ’.Ρ
1074 1576 1092 1598 »
1114 1558 1238 1602 Unde
1265 1560 1347 1604 hoe
1375 1560 1446 1603 di·

53 1629 114 1674 xit
132 1630 365 1684 Dominus,
385 1629 648 1684 nescierunt,
669 1638 713 1673 et
739 1638 886 1674 tamen
908 1628 1073 1689 aliquid
1095 1630 1217 1689 quod
1247 1629 1448 1676 futurum

54 1709 160 1755 erat,
193 1700 430 1744 nescientes
452 1700 871 1758 praenuntiaverunt.
901 1700 1015 1744 Dixit
1052 1700 1167 1744 enim
1191 1701 1275 1745 hoe
1299 1703 1447 1746 Domi-

54 1787 156 1825 nus,
181 1771 283 1831 quia
315 1769 488 1824 locum,
518 1770 552 1813 si
576 1779 721 1814 tamen
759 1770 972 1814 dicendus
1005 1780 1068 1815 est
1091 1771 1235 1826 loeus,
1272 1771 1318 1816 id
1352 1783 1441 1828 est,

53 1843 198 1886 sinum
231 1841 366 1886 Patris
391 1840 507 1885 unde
538 1855 766 1900 nunquam
797 1840 980 1884 discedit
1014 1841 1264 1899 unigenitus
1290 1843 1441 1898 Filius,

55 1928 144 1957 non
164 1911 227 1956 illi
242 1920 453 1955 noverant
467 1931 478 1966 3
493 1925 573 1954 nec
595 1909 786 1969 cogitare
799 1909 942 1954 idonei
961 1920 1084 1955 erant
1103 1911 1180 1956 ubi
1195 1922 1286 1956 erat
1303 1914 1447 1959 Chris·

56 1992 124 2027 tus
137 2017 148 2037 ‚
167 1981 285 2026 unde
303 1996 393 2025 non
413 1980 586 2025 recessit
607 1980 823 2034 Christus,
838 1995 933 2041 'quo
952 1980 1170 2029 rediturus
1192 1992 1284 2027 erat
1298 1984 1446 2028 Chris-

54 2062 122 2097 tus
143 2053 220 2096 ubi
239 2052 443 2095 manebat
465 2051 660 2095 Christus
681 2084 689 2093 .
718 2049 843 2094 Unde
867 2051 948 2094 hoc
967 2051 1088 2095 cordi
1113 2052 1304 2097 humano
1327 2054 1444 2113 eogi-

55 2132 164 2176 tare,
192 2120 355 2166 nedum
382 2120 530 2178 lingua
563 2118 809 2179 explicare?
834 2122 926 2165 Hoc
945 2136 1047 2180 ergo
1071 2121 1132 2165 illi
1157 2123 1279 2167 nullo
1313 2124 1443 2169 modo

51 2191 388 2248 intellexerunt3
414 2199 456 2234 et
475 2199 620 2233 tamen
633 2204 684 2233 ex
707 2190 786 2234 hac
809 2191 1033 2234 occasione
1050 2191 1230 2236 salutem
1253 2203 1444 2238 nostram

54 2262 363 2322 praedixerunt,
383 2260 504 2322 quod
527 2260 734 2304 Dominus
755 2261 894 2304 iturus
925 2271 1033 2304 esset
1056 2262 1109 2306 ad
1132 2263 1440 2322 dispersionem

55 2334 272 2391 gentium,
303 2341 346 2375 et
378 2330 635 2390 impleturus
664 2330 782 2389 qnod
812 2330 1016 2388 legebant
1046 2342 1087 2375 et
1118 2349 1203 2376 non
1234 2335 1444 2393 intellige-

61 2402 190 2455 bant,
211 2421 229 2443 «
248 2401 438 2461 Populus
453 2416 582 2460 quem
600 2415 689 2443 non
703 2400 1092 2458 cognovi,se1·vivit
1114 2404 1234 2456 mihi,
1250 2404 1290 2446 in
1307 2406 1444 2448 obau-

111 2506 118 2521 ¹
141 2501 220 2530 Joan
252 2509 320 2537 xm,
338 2496 390 2527 33>
417 2513 457 2517 —
480 2502 490 2516 ²
510 2496 541 2526 {d
581 2505 658 2533 (vit,
683 2494 734 2535 24.
761 2511 798 2516 —-
820 2493 832 2516 3
859 2495 902 2526 111,
927 2507 998 2538 xiii,
1021 2496 1218 2527 36.-—412i
1257 2509 1308 2536 κιιῤ
1334 2499 1381 2528 ’,3,
1406 2516 1444 2520 -—

61 2554 76 2579 5
90 2557 163 2588 Act.
183 2565 230 2595 xx,
249 2553 281 2596 4.
307 2569 342 2575 -
361 2550 375 2574 fi
393 2553 484 2583 Joan.
506 2562 559 2591 vn,
580 2549 632 2582 36.

1167 2608 1231 2644 23.
