1825 3214
267 214 306 239 11(
341 211 514 240 JOANNts
547 210 858 250 EVANGEMUM,
893 212 1038 240 Tium.
1078 217 1169 241 viii.
1353 206 1406 244 33

31 286 97 321 tus
116 278 197 321 hoc
214 277 340 321 matri
364 276 631 334 responderit
653 297 661 322 z
686 286 729 321 et
752 292 852 321 eum
868 312 878 332 ‚
904 278 980 337 qui
1003 278 1107 322 dicit
1135 300 1142 323 2
1172 280 1266 324 Scio
1289 282 1409 340 quod

27 347 110 392 hoc
131 348 326 393 Christus
350 364 437 392 non
466 349 591 392 matri
624 347 909 408 responderit.
934 347 1065 392 Aliud
1087 359 1150 392 est
1171 349 1411 409 intelligere

28 417 138 463 velle
153 418 271 478 quod
292 418 486 463 clausum
499 428 563 463 cst
578 454 588 473 ,
605 418 723 463 aliud
739 417 855 463 110110
878 418 1053 462 010(101·0
1075 419 1195 478 quod
1215 431 1413 479 apertum

29 497 106 533 est.
132 490 217 542 Qui
239 488 344 533 dicit
367 509 375 534 :
402 488 518 534 Scire
545 489 646 534 volo
676 505 754 533 0111
782 489 839 533 ita
862 489 1059 534 Christus
1082 490 1209 534 matri
1239 507 1416 551 respon-

29 559 162 613 derit,
189 561 341 619 aperiri
363 561 442 604 sibi
463 560 557 605 vult
580 559 865 618 Evangelium
888 561 957 604 cui
981 559 1119 604 credit
1145 580 1152 604 :
1177 561 1253 620 qui
1271 571 1416 606 autem

29 629 153 675 dicit:
176 631 272 676 Scio
286 631 405 691 quod
422 632 503 676 hoe
518 631 713 676 Christus
729 646 818 675 non
834 631 959 675 matri
977 632 1261 691 responderit,
1277 634 1417 691 ipsum

29 701 314 759 Evangelium
338 702 478 758 arguit
494 701 548 745 de
568 702 809 757 mendacio,
839 701 916 746 ubi
931 701 1115 746 credidit
1130 702 1251 764 quod
1268 704 1418 748 Chris-

30 780 100 816 tus
116 772 173 816 ita
198 771 483 831 responderit.

89 845 212 887 VIII.
238 847 332 888 ¹lam
362 859 463 902 crgo
490 845 523 887 si
554 844 718 903 placet,
747 844 921 900 fratres,
949 844 1031 888 illis
1058 844 1266 904 repulsis,
1300 855 1343 890 ct
1375 846 1420 890 in

31 929 105 958 sua
128 914 322 958 caecitate
343 915 588 959 errantibus
611 931 804 975 semper,
838 916 917 959 nisi
948 915 1170 960 humiliter
1188 926 1419 972 sanentur,

31 1001 109 1031 nos
132 1001 398 1046 quaeramus,
420 1002 553 1046 quare
573 988 784 1031 Dominus
807 997 952 1032 noster
973 988 1031 1031 sic
1050 988 1174 1032 matri
1193 989 1423 1048 responde-

32 1056 100 1101 rit.
129 1055 207 1101 Ille
235 1055 510 1116 singulariter
537 1067 664 1101 natus
687 1057 741 1100 (10
762 1068 882 1117 patre
905 1058 996 1101 sine
1027 1067 1163 1102 matre
1179 1093 1190 1113 ,
1212 1060 1266 1103 (10
1285 1069 1422 1104 matre

31 1128 123 1172 sinc
143 1137 293 1188 patre3
322 1128 413 1172 sine
444 1137 581 1174 matre
604 1132 716 1173 Deus
734 1164 744 1184 ,
770 1129 862 1173 51110
885 1138 1006 1187 patre
1028 1129 1160 1174 horno
1182 1151 1193 1187 3
1213 1130 1304 1173 sinc
1328 1146 1423 1174 ma-

32 1207 96 1243 tre
121 1208 221 1242 ante
244 1208 454 1258 tempora,
471 1199 564 1243 sine
586 1208 708 1258 patre
726 1199 771 1243 in
793 1199 879 1242 fine
906 1207 1166 1258 temporum.
1186 1201 1315 1253 Quod
1338 1216 1425 1246 res-

32 1269 186 1329 pondit
202 1305 213 1324 ‚
239 1270 365 1313 matri
388 1270 634 1328 respondit,
661 1270 781 1329 (111111,
803 1288 822 1311 (ι
844 1272 948 1314 Erat
968 1270 1030 1313 ibi
1052 1279 1189 1314 mater
1210 1273 1330 1325 Jesu,
1346 1290 1364 1312 n
1382 1281 1425 1316 ct

36 1359 55 1382 «
92 1341 208 1385 Dixit
225 1340 264 1384 ei
282 1349 419 1385 mater
435 1341 542 1400 ejus.
565 1358 585 1382 »
614 1343 706 1385 Hoc
730 1349 873 1386 totum
894 1341 1185 1400 Evangelium
1206 1341 1419 1403 loquitur.

33 1409 127 1455 Illic
173 1411 373 1455 novimus
408 1411 509 1471 quia
550 1429 569 1452 «
604 1413 708 1455 Erat
740 1411 799 1455 ibi
829 1420 965 1455 mater
992 1414 1116 1467 Jesu,
1147 1431 1166 1454 »
1196 1413 1272 1456 ubi
1300 1414 1425 1459 novi-

31 1496 128 1526 mus
141 1480 262 1542 quod
285 1481 439 1526 dixerit
462 1481 522 1526 ei:
548 1500 567 1523 «
593 1481 710 1534 Quid
732 1481 838 1525 mihi
860 1491 904 1526 et
926 1481 1005 1526 tibi
1027 1491 1090 1526 est
1112 1482 1423 1528 mulier?non-

35 1569 56 1593 »
90 1552 197 1596 dum
231 1551 351 1596 venit
385 1551 492 1596 hora
526 1567 636 1596 mea.
676 1573 696 1594 »
743 1554 903 1597 Totum
935 1553 1191 1608 credamu3‚
1232 1563 1275 1598 et
1303 1553 1425 1614 quod

31 1621 229 1668 nondum
251 1621 534 1682 intelligimus
556 1623 842 1683 requiramus.
863 1626 919 1667 Et
941 1623 1132 1683 primum
1154 1625 1238 1670 hoc
1259 1625 1420 1681 videte,

32 1709 87 1738 ne
110 1694 222 1738 forte
244 1693 467 1753 quomodo
492 1694 755 1738 invenerunt
773 1694 1004 1753 Manichaei
1027 1696 1297 1740 occasionem
1320 1712 1422 1756 per-

33 1764 148 1810 fidiae
170 1780 275 1821 suae,
300 1766 402 1825 quia
419 1764 527 1809 dixit
551 1765 783 1812 Dominus:
803 1765 920 1818 Quid
934 1766 1040 1809 mihi
1061 1775 1104 1810 et
1125 1767 1206 1810 tibi
1229 1777 1307 1822 est,
1329 1783 1426 1812 mu-

36 1855 57 1879 »
91 1836 202 1883 lier?
231 1856 250 1878 »
277 1837 337 1881 sic
359 1836 583 1881 inveniant
610 1837 905 1881 mathematici
940 1838 1210 1884 occasionem
1240 1838 1425 1884 fallaciae

34 1923 149 1960 suae,
179 1908 283 1968 quia
313 1906 447 1952 dixit:
479 1926 498 1949 «
523 1906 730 1952 Nondum
749 1908 869 1953 venit
901 1909 1006 1953 hora
1028 1924 1137 1954 mea.
1163 1928 1182 1952 »
1210 1913 1267 1954 Et
1284 1911 1318 1954 si
1338 1911 1422 1956 hoc

35 1978 276 2024 secundum
308 1979 634 2024 mathematicos
671 1979 801 2035 dixit,
834 1979 1108 2039 sacrilegium
1136 1980 1318 2026 fecimus
1355 1983 1424 2026 in-

19 2048 264 2096 ·cendendo
287 2048 455 2094 codices
478 2065 645 2094 eorum.
673 2049 717 2095 Si
739 2058 884 2094 autem
913 2059 1030 2095 reete
1064 2051 1248 2096 fecimus
1264 2087 1274 2107 ‚
1313 2052 1424 2097 sicut

36 2120 345 2180 Apostolorum
378 2121 649 2180 temporibus
675 2119 842 2165 Iactum
873 2130 936 2166 est
965 2123 978 2148 ¹
1011 2141 1020 2166 ε
1056 2137 1145 2167 11011
1180 2122 1423 2168 secundum

37 2207 109 2236 eos
142 2192 251 2237 dixit
288 2192 499 2237 Dominus
533 2212 541 2237 ε
581 2211 600 2234 «
627 2192 834 2238 Nondum
873 2194 991 2238 venit
1022 2194 1128 2238 hora
1156 2209 1265 2239 mea.
1302 2213 1322 2236 »
1354 2195 1427 2239 Di-

37 2271 143 2307 cunt
174 2262 290 2307 enim
324 2262 548 2322 vaniloqui
579 2271 622 2307 et
658 2262 826 2308 seducti
858 2263 1105 2309 seductores
1136 2284 1143 2309 :
1170 2265 1300 2310 Vides
1322 2266 1424 2325 quia

37 2333 119 2379 sub
152 2333 246 2378 fato
271 2343 363 2377 erat
383 2334 602 2391 Christus,
635 2334 712 2394 qui
734 2334 840 2380 dicit
864 2354 872 2380 :
900 2354 921 2378 «
945 2337 1151 2381 Nondum
1173 2337 1292 2380 venit
1317 2337 1424 2382 hora

42 2422 62 2445 »
95 2420 206 2449 mea.
225 2404 427 2457 »Quibus
445 2420 547 2463 ergo
565 2405 682 2464 prius
701 2407 1056 2465 respondendum
1077 2417 1167 2464 est3
1193 2408 1420 2463 haereticis,

41 2491 95 2520 an
124 2476 471 2521 mathematicis?
492 2476 671 2536 Utrique
701 2477 816 2523 0111111
838 2493 862 2522 a
883 2487 1081 2538 serpente
1102 2477 1178 2523 illo
1209 2479 1390 2524 veniunt
1410 2514 1421 2534 ‚

90 2569 97 2583 ¹
119 2563 191 2594 Act.
214 2572 349 2602 x11,19.

232 2625 369 2656 cxxii.
456 2642 459 2646 -
1244 2622 1266 2657 3
