1825 3214
311 233 353 258 uu
388 234 560 262 JoANNIS
594 235 903 276 sumentium,
938 239 1084 266 'rme-r.
1123 242 1245 269 xxvi.
1379 234 1461 271 297

75 295 156 338 sibi
192 294 289 340 facit
314 298 459 342 homo.
487 300 528 343 Si
551 300 666 343 enim
692 301 855 346 nullam
883 303 963 347 sibi
988 306 1117 349 homo
1147 307 1307 353 faceret
1338 311 1465 370 justi-

75 365 177 409 tiam
196 401 206 419 ,
233 382 319 411 non
339 367 499 412 diccrct
520 370 635 414 idem
660 373 891 432 Apostolus
910 374 964 418 de
987 377 1171 430 ludaeis,
1204 399 1222 419 α
1255 383 1463 437 lgnoran-

76 454 95 476 n
133 446 193 480 tes
217 439 330 482 enim
371 440 442 483 Dei
468 442 704 500 justitiam,
731 454 772 488 et
800 461 919 489 suam
955 446 1149 492 volentes
1172 452 1459 507 constituere,

76 524 95 546 »
123 508 302 565 justitiae
329 511 400 553 Dei
434 526 522 555 uon
561 523 661 557 sunt
684 515 866 575 subjecti
891 519 918 561 ¹.
951 536 969 557 υ
1013 519 1119 562 lnde
1149 531 1270 564 crant
1298 523 1361 565 isti
1387 525 1459 583 qui

72 592 226 636 panem
244 579 299 623 de
311 580 424 625 coelo
441 580 774 629 descendentem
799 602 886 631 non
904 587 1207 648 intelligebant
1227 627 1237 646 ,
1265 594 1363 652 quia
1387 610 1459 638 sua

63 650 228 708 justitia
258 654 434 697 saturati
457 690 467 706 ,
504 656 713 714 justitiam
751 659 822 702 Dei
860 675 945 703 non
970 661 1232 706 esuriebant.
1260 665 1375 717 Quid
1400 677 1461 711 est

71 719 151 763 hoc
167 756 177 774 ,
197 722 363 780 justitia
384 725 459 768 Dei
483 734 524 768 et
540 726 705 785 justitia
732 729 946 774 hominis?
969 732 1139 777 Justitia
1163 735 1235 777 Dei
1260 735 1329 779 liic
1353 736 1462 781 dici-

69 800 160 845 tur,
186 807 275 836 non
299 810 383 852 qua
399 796 541 854 justus
564 807 627 840 est
646 800 783 854 Deus,
805 800 879 844 scd
899 817 1029 861 quam
1054 802 1128 848 dat
1146 804 1310 848 bomini
1330 809 1456 862 Deus,

67 871 116 904 ut
141 862 284 921 justus
318 864 370 907 sit
400 866 528 910 homo
564 883 641 926 per
666 872 816 913 Deum.
845 874 953 924 Quae
984 883 1127 918 autem
1163 885 1254 920 erat
1285 876 1456 922 illorum

59 932 258 991 justitia?
286 939 376 987 Qua
400 935 454 979 dc
471 936 558 981 suis
580 939 741 984 viribus
764 945 1083 1000 praesumebant
1102 981 1112 1000 ,
1152 957 1194 991 et
1227 950 1350 1008 quasi
1378 950 1459 994 im-

65 1003 251 1062 pletores
279 1007 400 1064 Legis
418 1025 461 1051 se
478 1009 589 1068 ipsos
617 1028 666 1054 ex
689 1029 762 1057 sua
788 1015 949 1059 virtute
971 1015 1189 1062 dicebant.
1221 1022 1357 1065 Nemo
1381 1038 1457 1066 au-

64 1083 149 1118 tem
174 1076 325 1136 implet
350 1082 505 1138 Legem
521 1117 530 1133 ,
558 1083 636 1126 nisi
660 1100 790 1143 quem
811 1087 1025 1145 adjuverit
1049 1090 1181 1146 gratia
1197 1126 1207 1144 ,
1234 1091 1276 1134 id
1300 1102 1365 1136 est
1381 1109 1457 1152 pa-

62 1145 129 1190 nis
158 1147 234 1206 qui
257 1146 311 1191 de
345 1150 459 1194 coelo
495 1151 732 1198 descendit.
763 1157 883 1214 Legis
913 1159 1027 1203 enim
1059 1160 1306 1220 plenitudo,
1342 1180 1457 1209 com-

60 1218 237 1276 pendio,
250 1229 299 1263 ut
317 1221 630 1281 aitApostolus,
643 1227 720 1270 cba
730 1227 828 1272 ritas
845 1234 931 1273 est‘2
947 1230 1152 1276 :charitas
1168 1249 1254 1277 non
1270 1239 1453 1291 nummi,

59 1288 133 1332 scd
157 1290 229 1333 Dei
249 1311 259 1346 3
279 1291 462 1337 charitas
484 1310 569 1338 non
597 1307 744 1352 terrae,
781 1315 866 1343 non
891 1301 1018 1356 coeli,
1045 1302 1118 1347 sed
1143 1305 1233 1364 ejus
1255 1307 1330 1366 qui
1353 1307 1455 1353 fecit

59 1359 220 1404 coelum
245 1371 288 1404 et
314 1373 486 1408 terrani.
516 1367 637 1411 Unde
661 1368 736 1412 ista
761 1371 946 1416 ebaritas
968 1373 1131 1418 homini
1152 1377 1169 1419 i>
1206 1379 1350 1435 Ipsum
1376 1395 1454 1423 au-

59 1429 226 1475 diamus
250 1452 257 1476 :
284 1434 468 1478 charitas
484 1473 493 1489 ,
526 1438 688 1498 inquit,
720 1441 790 1483 Dei
819 1441 973 1487 diffusa
991 1446 1113 1489 estin
1130 1447 1336 1492 cordibus
1359 1466 1453 1496 nos-

57 1502 155 1555 tris,
183 1518 259 1562 pcr
286 1506 490 1563 Spiritum
516 1519 710 1553 sanctum
736 1513 808 1571 qui
833 1512 958 1558 datus
979 1525 1040 1558 est
1066 1517 1189 1561 nobis
1209 1521 1239 1562 ³.
1266 1522 1452 1566 Daturus

56 1587 155 1629 ergo
184 1575 389 1619 Dominus
419 1578 625 1636 Spiritum
651 1592 876 1638 sanctum,
916 1585 1021 1629 dixit
1043 1602 1086 1630 se
1115 1604 1272 1647 panem
1297 1592 1370 1650 qui
1396 1593 1451 1637 de

54 1642 167 1686 coelo
189 1643 440 1699 descendit,
483 1649 659 1694 hortans
690 1661 738 1695 ut
771 1653 998 1699 credamus
1027 1657 1069 1700 in
1105 1673 1220 1702 eum.
1263 1662 1450 1706 Credere

53 1714 167 1757 enim
188 1715 228 1758 in
251 1731 350 1759 eum
367 1753 377 1771 ,
408 1719 488 1762 hoe
515 1730 576 1763 est
601 1722 864 1768 manducare
887 1741 1043 1784 panem
1066 1730 1230 1774 vivum.
1257 1733 1336 1785 Qui
1360 1749 1448 1777 ere-

52 1782 115 1826 dit
135 1818 145 1838 ,
179 1785 414 1831 manducat
436 1808 444 1832 :
471 1789 745 1836 invisibiliter
767 1796 988 1853 saginatur
1007 1833 1018 1851 ,
1055 1792 1156 1858 (juia
1175 1800 1447 1848 invisibiliter

52 1856 303 1900 renascitur.
339 1857 487 1903 Infans
507 1861 621 1905 intus
644 1873 733 1918 est,
771 1880 909 1911 novus
931 1868 1047 1912 intus
1069 1880 1132 1914 est
1157 1891 1164 1916 :
1194 1873 1268 1916 ubi
1292 1874 1442 1919 novel-

51 1922 191 1979 latur,
215 1926 273 1969 ibi
296 1928 490 1973 satiatur.

111 1998 168 2038 11.
195 1996 310 2048 Quid
333 2013 435 2057 ergo
458 2000 617 2045 talibus
638 2008 1012 2053 murmurantibus
1036 2012 1257 2070 respondit
1286 2016 1443 2059 Jesus?

53 2083 72 2104 «ι
112 2065 254 2110 Nolite
291 2083 561 2114 murmurare
595 2072 648 2116 ad
682 2074 882 2120 invicem.
926 2096 945 2118 »
998 2082 1220 2141 Tanquam
1261 2083 1438 2141 dicens,

51 2135 147 2179 Scio
182 2152 315 2196 quare
347 2155 436 2183 non
482 2143 705 2198 esuriatis,
735 2155 777 2189 et
806 2147 934 2192 istum
958 2165 1115 2208 panem
1149 2169 1236 2198 non
1278 2156 1441 2201 intelli-

49 2207 156 2264 gatis
200 2223 343 2268 neque
383 2213 600 2270 quaeratis.
656 2235 674 2256 «
721 2217 863 2262 Nolite
902 2236 1174 2268 murmurare
1224 2226 1280 2271 ad
1328 2228 1440 2272 invi-

52 2294 71 2315 »
97 2291 188 2321 cem
215 2298 223 2322 :
250 2295 378 2324 nemo
402 2293 543 2340 potest
576 2287 723 2330 venire
746 2288 799 2332 ad
824 2305 918 2345 me,
959 2294 1039 2337 nisi
1059 2298 1184 2339 Pater
1217 2298 1293 2357 qui
1325 2300 1439 2345 misit

51 2365 70 2387 υ
99 2363 167 2391 me
185 2384 195 2402 ,
220 2353 394 2395 traxerit
418 2370 532 2398 eum.
566 2376 581 2395 υ
610 2360 763 2414 Magna
789 2362 936 2418 gratiae
971 2368 1308 2413 commendatio.
1349 2374 1437 2415 Nc-

48 2432 120 2461 mo
149 2420 268 2463 venit
291 2422 369 2464 nisi
393 2433 566 2468 tractus.
597 2430 734 2479 Quem
761 2432 902 2476 trabat
931 2444 973 2477 et
996 2452 1124 2495 quem
1150 2454 1237 2482 non
1263 2441 1401 2484 trahat
1420 2477 1430 2495 ,

46 2503 180 2546 quare
202 2488 324 2535 illum
344 2494 483 2538 trahat
513 2506 554 2540 et
577 2496 700 2541 illum
723 2515 811 2544 non
834 2503 976 2550 trahat
994 2541 1004 2559 ,
1050 2508 1139 2551 noli
1172 2508 1284 2553 velle
1315 2511 1433 2569 judi-

100 2579 105 2592 ¹
130 2574 206 2605 Rom
240 2586 271 2609 x,
289 2576 319 2607 3,
343 2594 383 2600 —-
405 2585 417 2600 ²
438 2580 482 2610 ld.
499 2591 567 2619 xnr,
593 2593 641 2614 ιο.
659 2599 698 2608 -·
722 2582 733 2606 3
756 2585 800 2616 ld.
820 2586 899 2626 v,5.
