1825 3214
236 220 274 244 im
312 218 483 246 ‚ioAums
517 218 793 244 EVAtmELth
815 235 824 253 ‚
869 218 1005 244 imur.
1046 220 1200 245 mxvii.
1328 208 1407 245 413

31 284 105 326 tias
133 283 336 336 Domino,
363 285 461 342 quia
497 292 539 327 et
571 284 657 342 ipse
682 283 864 326 Arianus
890 285 1056 327 recessit
1079 286 1133 327 al)
1163 301 1305 328 errore
1334 289 1408 329 Sa-

28 353 218 397 nelliano
237 389 246 403 ,
279 364 320 397 et
344 370 430 397 non
462 364 524 397 cst
551 353 888 412 Putripassianus
912 374 919 398 2
942 371 1028 398 non
1047 355 1150 398 dicit
1170 358 1307 414 ipsum
1332 360 1411 399 l’a-

30 433 136 467 trent
162 424 365 467 indutum
396 440 524 467 earne
557 424 721 467 venisse
740 423 793 466 ad
814 424 1029 476 homines,
1052 426 1190 482 ipsum
1210 442 1298 468 essi·
1319 442 1413 484 pas-

27 509 138 545 sum,
154 494 291 552 ipsum
310 495 582 537 resurrexisse
598 513 605 537 :
619 503 661 537 et
674 493 864 552 quodam
883 494 1012 537 modo
1027 494 1078 537 ml
1093 512 1136 536 se
1155 496 1410 550 ascendisse,

27 564 110 607 hoc
131 579 217 607 non
245 563 348 606 dicit
372 583 379 607 :
408 565 599 622 agnoscit
627 580 793 607 ini-curn
822 567 987 607 Pau-em
1004 599 1014 617 ‚
1044 568 1209 607 Patren)
1235 582 1347 621 esse-3
1372 575 1414 608 et

31 634 187 677 Filium
206 669 215 687 ‚
242 634 390 677 Filium
417 652 520 678 esse.
547 634 628 678 sod
648 670 658 686 3
687 651 711 678 o
736 638 887 688 trater,
915 635 1083 678 evasisti
1107 634 1213 678 illud
1239 637 1416 679 naufra-

29 704 170 760 gium,
198 720 330 763 quare
356 705 495 747 tendis
520 706 561 746 in
584 703 767 747 alterum
785 710 801 744 'f
831 708 973 757 Pater,
999 708 1122 747 Patet·
1139 714 1226 758 est,
1250 706 1384 749 Filius
1402 741 1412 760 ,

31 773 164 816 Filius
186 784 249 817 est
269 789 422 833 :quare
441 773 544 817 dieis
566 773 814 817 dissimilem
830 780 845 814 ἵ
858 790 994 834 quare
1015 775 1233 818 diversum
1251 777 1416 835 Pquare

29 842 154 886 aliam
189 844 501 887 substantiam?
540 846 580 888 Si
608 843 824 887 dissimilis
855 854 987 894 osset,
1016 845 1230 904 numquid
1259 844 1415 888 diceret

28 913 250 972 discipulis
281 914 387 968 suis,
421 914 505 966 Qui
538 930 604 956 me
636 914 765 967 vidit,
786 914 894 958 vidit.
914 924 956 957 et.
979 918 1144 958 Patrem
1161 919 1178 958 Ρ
1203 916 1415 975 numquid

29 983 190 1028 diceret
208 984 370 1027 Judaeis
387 1019 398 1038 ,
420 1004 438 1024 «
458 984 498 1027 Si
518 1001 583 1028 ine
599 986 762 1029 sciretis
778 1021 787 1039 ‚
811 996 853 1028 et
884 990 1004 1029 l'atei·
1029 1001 1170 1029 ineunt
1187 987 1376 1030 sciretis?
1394 1006 1411 1026 »

33 1055 153 1098 Unde
182 1057 263 1099 hoc.
289 1071 439 1098 verum
458 1067 589 1110 esset,
610 1057 688 1099 nisi
718 1066 760 1100 et
790 1056 896 1099 illud
918 1073 1091 1112 verum,
1112 1060 1203 1116 Ego
1227 1068 1268 1101 et
1294 1062 1416 1101 Pater

31 1141 169 1169 unum
193 1129 373 1169 sumus?

94 1198 207 1239 vltt.
232 1216 250 1237 «
272 1199 363 1240 Hoc
381 1197 512 1239 verba
528 1196 697 1240 locutus
711 1207 774 1240 est
791 1200 913 1240 Jesus
930 1198 970 1239 in
995 1198 1319 1256 gazophylacio,
1341 1198 1417 1242 do-

34 1286 52 1307 »
89 1282 189 1310 cens
227 1267 270 1309 in
304 1266 494 1325 templo¹
521 1287 528 1310 2
551 1286 567 1307 »
596 1283 748 1325 magna
780 1268 935 1311 fiducia
955 1304 965 1322 ,
1003 1269 1094 1311 sine
1126 1269 1292 1311 timore.
1320 1272 1415 1313 Non

31 1338 144 1381 enirn
170 1347 389 1397 pateretui·
408 1337 527 1397 quod
556 1338 712 1392 nollet,
731 1340 805 1398 qui
836 1355 913 1382 nee
938 1330 1184 1383 nasceretur
1207 1341 1238 1383 si
1263 1339 1411 1384 nollet.

31 1409 226 1468 Denique
249 1409 355 1468 quid
378 1410 602 1468 sequitur?
618 1429 636 1449 «
660 1413 712 1453 Et
729 1425 856 1453 nonio
875 1410 1162 1468 apprehendit
1179 1426 1294 1463 eum,
1316 1411 1415 1470 quia

35 1498 53 1519 »
90 1478 287 1522 nonduin
310 1488 484 1522 venerut
511 1480 612 1523 hora
643 1481 748 1538 ejus.
781 1500 797 1520 »
826 1483 915 1523 Hoc
948 1481 1047 1523 itein
1088 1480 1286 1524 nonnulli
1315 1496 1415 1524 euin

32 1549 237 1602 audiunt,
262 1549 344 1592 sub
372 1546 462 1592 ‘fato
485 1548 615 1592 fuisse
636 1550 867 1592 Dominum
892 1551 1115 1594 Christum
1139 1551 1349 1605 credunt,
1375 1560 1417 1594 et

32 1618 200 1672 dicunt,
223 1621 334 1662 Eece
352 1619 550 1663 Christus
577 1619 761 1662 habebat
788 1617 942 1663 fatum.
964 1622 1000 1663 Ο
1023 1621 1056 1663 si
1083 1636 1157 1663 cor
1182 1630 1303 1663 tuum
1329 1636 1417 1664 non

33 1699 138 1734 esset
169 1688 362 1744 fatuum,
389 1706 476 1733 non
495 1689 691 1733 crederes
728 1690 892 1734 lutum!
922 1692 963 1735 Si
987 1691 1148 1745 fatum,
1175 1692 1285 1735 sieut
1303 1708 1416 1736 non-

33 1759 139 1803 nulli
165 1759 492 1813 intellexerunt,
510 1777 528 1803 a
552 1759 682 1803 fando
702 1761 866 1804 dietum
881 1771 960 1814 est,
977 1761 1020 1804 id
1038 1771 1101 1805 est
1119 1777 1142 1805 a
1163 1761 1385 1821 loquendo
1404 1783 1415 1820 3

34 1831 227 1875 Verbum
249 1834 323 1875 Dei
346 1832 568 1891 quomodo
583 1832 715 1875 habet
733 1830 889 1890 fatuma
906 1831 1083 1892 quando
1098 1832 1142 1876 in
1164 1833 1257 1892 ipso
1272 1834 1417 1878 Verbo

34 1903 179 1947 omnia
215 1912 317 1946 sunt
340 1919 439 1961 quae
466 1902 641 1946 condita
673 1905 809 1946 sunt?
830 1905 928 1947 Non
963 1903 1075 1946 enim
1105 1902 1270 1963 aliquid
1304 1908 1417 1949 Deus

35 1972 286 2026 constituit,
313 1971 443 2031 quod‘
453 1981 552 2015 ante
574 1973 752 2016 nescivit
777 1992 784 2016 :
807 1973 850 2015 in
868 1973 1013 2017 Verbo
1032 1974 1164 2032 ipsius
1185 1983 1277 2018 erat
1297 1974 1418 2034 quod

36 2042 199 2087 factum
223 2051 300 2085 est.
327 2041 519 2085 Mundus
541 2040 680 2086 sactus
700 2052 763 2086 est
778 2063 788 2099 3
806 2052 849 2086 et
872 2041 1010 2087 factus
1034 2052 1119 2096 est,
1141 2052 1185 2086 et
1213 2044 1275 2087 ibi
1308 2054 1415 2088 erat.

37 2112 264 2165 Quomodo
287 2121 329 2155 et
351 2111 490 2155 factus
524 2121 613 2166 est,
645 2121 688 2156 et
723 2112 783 2155 ibi
805 2115 926 2156 erat?
965 2114 1072 2166 Quia
1101 2113 1256 2159 domus
1288 2129 1421 2174 quam

38 2182 225 2227 aedificat
243 2191 447 2237 structor,
472 2182 590 2241 prius
606 2183 649 2225 in
662 2192 753 2226 arte
767 2193 858 2228 erat
875 2204 886 2240 3
901 2192 944 2227 et
956 2184 1016 2227 ibi
1035 2184 1189 2229 melius
1207 2194 1313 2240 erat,
1329 2185 1420 2229 sine

37 2262 279 2307 vetustate,
307 2252 398 2296 sine
419 2253 544 2296 ruina
568 2271 576 2296 ;
604 2262 747 2296 tamen
774 2262 823 2296 ut
859 2254 1061 2312 ostendat
1094 2264 1256 2310 artem,
1283 2254 1420 2299 fabri-

39 2333 108 2368 cat
132 2324 337 2379 domum3
354 2332 398 2366 et
419 2323 624 2381 processit
646 2323 836 2381 quodam
858 2324 991 2368 modo
1013 2324 1168 2369 domus
1189 2341 1239 2370 ex
1259 2325 1418 2383 domo3

40 2403 83 2437 et
109 2393 142 2436 si
159 2393 314 2437 domus
332 2402 450 2446 ruat,
476 2408 542 2436 ars
565 2402 726 2436 manet.
751 2396 816 2437 Ita
844 2394 961 2453 apud
987 2395 1060 2438 Dei
1083 2391 1278 2440 Verbum
1300 2404 1422 2440 erant

41 2463 185 2508 omnia
207 2479 306 2523 quae
328 2461 502 2507 condita
518 2472 647 2519 sunt3
671 2463 773 2522 quia
794 2463 974 2508 «omnia
1002 2463 1048 2508 in
1079 2466 1287 2524 sapientia
1319 2465 1423 2510 fecit

90 2555 99 2570 ¹
119 2551 212 2581 Joan.
233 2559 304 2589 vm,
329 2557 381 2581 20.
