<?xml version="1.0" encoding="UTF-8"?>
<!DOCTYPE html PUBLIC "-//W3C//DTD XHTML 1.0 Transitional//EN"
    "http://www.w3.org/TR/xhtml1/DTD/xhtml1-transitional.dtd">
<html xmlns="http://www.w3.org/1999/xhtml" xml:lang="en" lang="en">
 <head>
  <title>
</title>
<meta http-equiv="Content-Type" content="text/html;charset=utf-8" />
  <meta name='ocr-system' content='tesseract 3.04.00' />
  <meta name='ocr-capabilities' content='ocr_page ocr_carea ocr_par ocr_line ocrx_word'/>
</head>
<body>
  <div class='ocr_page' id='page_1' title='image "./operaomniaaccura15auguuoft_0257.png"; bbox 0 0 1825 3214; ppageno 0'>
   <div class='ocr_carea' id='block_1_1' title="bbox 282 243 1449 290">
    <p class='ocr_par' dir='ltr' id='par_1_1' title="bbox 282 243 1449 290">
     <span class='ocr_line' id='line_1_1' title="bbox 282 243 1449 290; baseline 0 -8"><span class='ocrx_word' id='word_1_1' title='bbox 282 257 322 283; x_wconf 70' lang='lat' dir='ltr'>iu</span> <span class='ocrx_word' id='word_1_2' title='bbox 358 252 531 283; x_wconf 70' lang='lat' dir='ltr'>JOANNJS</span> <span class='ocrx_word' id='word_1_3' title='bbox 565 251 872 290; x_wconf 70' lang='lat' dir='ltr'>EVANGELIL&#39;M,</span> <span class='ocrx_word' id='word_1_4' title='bbox 906 253 1052 281; x_wconf 70' lang='grc' dir='ltr'>τιιΑετ.</span> <span class='ocrx_word' id='word_1_5' title='bbox 1092 257 1198 282; x_wconf 73' lang='lat' dir='ltr'>xxii.</span> <span class='ocrx_word' id='word_1_6' title='bbox 1365 243 1449 285; x_wconf 71' lang='lat'>245</span> 
     </span>
    </p>
   </div>
   <div class='ocr_carea' id='block_1_2' title="bbox 62 316 1460 2500">
    <p class='ocr_par' dir='ltr' id='par_1_2' title="bbox 62 316 1457 1301">
     <span class='ocr_line' id='line_1_2' title="bbox 62 316 1450 367; baseline 0 -1"><span class='ocrx_word' id='word_1_7' title='bbox 62 331 106 367; x_wconf 90' lang='lat' dir='ltr'>et</span> <span class='ocrx_word' id='word_1_8' title='bbox 136 321 366 365; x_wconf 79' lang='lat' dir='ltr'>transitum</span> <span class='ocrx_word' id='word_1_9' title='bbox 402 319 531 364; x_wconf 85' lang='lat' dir='ltr'>facies</span> <span class='ocrx_word' id='word_1_10' title='bbox 554 335 575 362; x_wconf 91' lang='lat' dir='ltr'>a</span> <span class='ocrx_word' id='word_1_11' title='bbox 600 327 740 362; x_wconf 88' lang='lat' dir='ltr'>morte</span> <span class='ocrx_word' id='word_1_12' title='bbox 763 316 816 362; x_wconf 92' lang='lat' dir='ltr'>ad</span> <span class='ocrx_word' id='word_1_13' title='bbox 841 317 987 361; x_wconf 82' lang='lat' dir='ltr'>vitam.</span> <span class='ocrx_word' id='word_1_14' title='bbox 1020 319 1153 363; x_wconf 84' lang='lat' dir='ltr'>Modo</span> <span class='ocrx_word' id='word_1_15' title='bbox 1184 322 1352 364; x_wconf 76' lang='lat' dir='ltr'>interim</span> <span class='ocrx_word' id='word_1_16' title='bbox 1385 320 1450 366; x_wconf 79' lang='lat' dir='ltr'>sae</span> 
     </span>
     <span class='ocr_line' id='line_1_3' title="bbox 63 386 1454 443; baseline 0 -6"><span class='ocrx_word' id='word_1_17' title='bbox 63 393 290 438; x_wconf 79' lang='lat' dir='ltr'>transitum</span> <span class='ocrx_word' id='word_1_18' title='bbox 314 392 428 436; x_wconf 60' lang='lat' dir='ltr'>vita».</span> <span class='ocrx_word' id='word_1_19' title='bbox 451 395 556 443; x_wconf 75' lang='lat' dir='ltr'>Qum</span> <span class='ocrx_word' id='word_1_20' title='bbox 576 399 638 434; x_wconf 88' lang='lat' dir='ltr'>est</span> <span class='ocrx_word' id='word_1_21' title='bbox 659 391 745 433; x_wconf 88' lang='lat' dir='ltr'>vita</span> <span class='ocrx_word' id='word_1_22' title='bbox 770 389 875 432; x_wconf 79' lang='lat' dir='ltr'>tua?</span> <span class='ocrx_word' id='word_1_23' title='bbox 901 386 1026 432; x_wconf 81' lang='lat' dir='ltr'>Fides</span> <span class='ocrx_word' id='word_1_24' title='bbox 1047 409 1055 432; x_wconf 90' lang='lat'>:</span> <span class='ocrx_word' id='word_1_25' title='bbox 1080 408 1098 430; x_wconf 90' lang='lat'>«</span> <span class='ocrx_word' id='word_1_26' title='bbox 1119 392 1270 435; x_wconf 70' lang='lat' dir='ltr'>,Iussus</span> <span class='ocrx_word' id='word_1_27' title='bbox 1293 409 1342 436; x_wconf 72' lang='lat' dir='ltr'>ex</span> <span class='ocrx_word' id='word_1_28' title='bbox 1368 392 1454 437; x_wconf 83' lang='lat' dir='ltr'>side</span> 
     </span>
     <span class='ocr_line' id='line_1_4' title="bbox 65 458 1452 520; baseline 0.001 -15"><span class='ocrx_word' id='word_1_29' title='bbox 65 482 85 505; x_wconf 88' lang='lat'>»</span> <span class='ocrx_word' id='word_1_30' title='bbox 120 462 224 506; x_wconf 84' lang='lat' dir='ltr'>vivit</span> <span class='ocrx_word' id='word_1_31' title='bbox 251 464 278 505; x_wconf 90' lang='lat'>¹.</span> <span class='ocrx_word' id='word_1_32' title='bbox 310 481 329 502; x_wconf 86' lang='lat'>»</span> <span class='ocrx_word' id='word_1_33' title='bbox 360 459 560 504; x_wconf 85' lang='lat' dir='ltr'>lnlideles</span> <span class='ocrx_word' id='word_1_34' title='bbox 586 458 722 520; x_wconf 77' lang='lat' dir='ltr'>quid?</span> <span class='ocrx_word' id='word_1_35' title='bbox 741 458 900 502; x_wconf 80' lang='lat' dir='ltr'>mortui</span> <span class='ocrx_word' id='word_1_36' title='bbox 922 467 1037 502; x_wconf 87' lang='lat' dir='ltr'>sunt.</span> <span class='ocrx_word' id='word_1_37' title='bbox 1066 461 1184 503; x_wconf 84' lang='lat' dir='ltr'>lnter</span> <span class='ocrx_word' id='word_1_38' title='bbox 1209 461 1311 504; x_wconf 79' lang='lat' dir='ltr'>tales</span> <span class='ocrx_word' id='word_1_39' title='bbox 1335 479 1452 507; x_wconf 89' lang='lat' dir='ltr'>mor-</span> 
     </span>
     <span class='ocr_line' id='line_1_5' title="bbox 62 528 1454 591; baseline 0.001 -13"><span class='ocrx_word' id='word_1_40' title='bbox 62 543 160 579; x_wconf 88' lang='lat' dir='ltr'>tuos</span> <span class='ocrx_word' id='word_1_41' title='bbox 195 542 286 577; x_wconf 87' lang='lat' dir='ltr'>erat</span> <span class='ocrx_word' id='word_1_42' title='bbox 319 532 389 576; x_wconf 90' lang='lat' dir='ltr'>ille</span> <span class='ocrx_word' id='word_1_43' title='bbox 417 547 623 591; x_wconf 85' lang='lat' dir='ltr'>corpore,</span> <span class='ocrx_word' id='word_1_44' title='bbox 651 531 706 574; x_wconf 91' lang='lat' dir='ltr'>de</span> <span class='ocrx_word' id='word_1_45' title='bbox 733 545 821 590; x_wconf 89' lang='lat' dir='ltr'>quo</span> <span class='ocrx_word' id='word_1_46' title='bbox 849 528 955 574; x_wconf 83' lang='lat' dir='ltr'>dicit</span> <span class='ocrx_word' id='word_1_47' title='bbox 980 531 1212 575; x_wconf 83' lang='lat' dir='ltr'>Dominus:</span> <span class='ocrx_word' id='word_1_48' title='bbox 1237 551 1255 573; x_wconf 90' lang='lat'>«</span> <span class='ocrx_word' id='word_1_49' title='bbox 1279 533 1454 579; x_wconf 75' lang='lat' dir='ltr'>Dimitte</span> 
     </span>
     <span class='ocr_line' id='line_1_6' title="bbox 66 603 1451 663; baseline 0.003 -17"><span class='ocrx_word' id='word_1_50' title='bbox 66 624 86 647; x_wconf 88' lang='lat'>»</span> <span class='ocrx_word' id='word_1_51' title='bbox 121 613 336 658; x_wconf 87' lang='lat' dir='ltr'>mortuos,</span> <span class='ocrx_word' id='word_1_52' title='bbox 371 603 580 663; x_wconf 78' lang='lat' dir='ltr'><strong>sepeliant</strong></span> <span class='ocrx_word' id='word_1_53' title='bbox 617 611 808 646; x_wconf 85' lang='lat' dir='ltr'>mortuos</span> <span class='ocrx_word' id='word_1_54' title='bbox 840 616 938 646; x_wconf 93' lang='lat' dir='ltr'>suos</span> <span class='ocrx_word' id='word_1_55' title='bbox 956 604 988 645; x_wconf 76' lang='lat'>².</span> <span class='ocrx_word' id='word_1_56' title='bbox 1020 620 1039 643; x_wconf 90' lang='lat'>»</span> <span class='ocrx_word' id='word_1_57' title='bbox 1070 604 1186 661; x_wconf 81' lang='lat' dir='ltr'>Ergo</span> <span class='ocrx_word' id='word_1_58' title='bbox 1218 613 1260 647; x_wconf 84' lang='lat' dir='ltr'>et</span> <span class='ocrx_word' id='word_1_59' title='bbox 1294 604 1337 647; x_wconf 89' lang='lat' dir='ltr'>in</span> <span class='ocrx_word' id='word_1_60' title='bbox 1371 605 1451 650; x_wconf 81' lang='lat' dir='ltr'>liae</span> 
     </span>
     <span class='ocr_line' id='line_1_7' title="bbox 62 673 1454 732; baseline -0.001 -11"><span class='ocrx_word' id='word_1_61' title='bbox 62 675 148 721; x_wconf 87' lang='lat' dir='ltr'>vita</span> <span class='ocrx_word' id='word_1_62' title='bbox 173 675 456 722; x_wconf 87' lang='lat' dir='ltr'>suntmortui</span> <span class='ocrx_word' id='word_1_63' title='bbox 475 709 486 727; x_wconf 90' lang='lat'><strong>‚</strong></span> <span class='ocrx_word' id='word_1_64' title='bbox 512 683 613 718; x_wconf 90' lang='lat' dir='ltr'>sunt</span> <span class='ocrx_word' id='word_1_65' title='bbox 634 673 743 727; x_wconf 83' lang='lat' dir='ltr'>vivi,</span> <span class='ocrx_word' id='word_1_66' title='bbox 777 681 821 716; x_wconf 88' lang='lat' dir='ltr'>et</span> <span class='ocrx_word' id='word_1_67' title='bbox 852 673 974 732; x_wconf 82' lang='lat' dir='ltr'>quasi</span> <span class='ocrx_word' id='word_1_68' title='bbox 1003 688 1152 717; x_wconf 86' lang='lat' dir='ltr'>omnes</span> <span class='ocrx_word' id='word_1_69' title='bbox 1175 675 1341 718; x_wconf 90' lang='lat' dir='ltr'>vivunt.</span> <span class='ocrx_word' id='word_1_70' title='bbox 1370 677 1454 729; x_wconf 88' lang='lat' dir='ltr'>Qui</span> 
     </span>
     <span class='ocr_line' id='line_1_8' title="bbox 63 742 1456 806; baseline 0 -15"><span class='ocrx_word' id='word_1_71' title='bbox 63 756 165 792; x_wconf 90' lang='lat' dir='ltr'>sunt</span> <span class='ocrx_word' id='word_1_72' title='bbox 198 746 388 790; x_wconf 70' lang='lat' dir='ltr'>mortui?</span> <span class='ocrx_word' id='word_1_73' title='bbox 421 745 497 805; x_wconf 84' lang='lat' dir='ltr'>qui</span> <span class='ocrx_word' id='word_1_74' title='bbox 532 759 620 788; x_wconf 93' lang='lat' dir='ltr'>non</span> <span class='ocrx_word' id='word_1_75' title='bbox 655 742 951 788; x_wconf 85' lang='lat' dir='ltr'>crediderunt.</span> <span class='ocrx_word' id='word_1_76' title='bbox 987 744 1071 797; x_wconf 88' lang='lat' dir='ltr'>Qui</span> <span class='ocrx_word' id='word_1_77' title='bbox 1101 753 1202 789; x_wconf 88' lang='lat' dir='ltr'>sunt</span> <span class='ocrx_word' id='word_1_78' title='bbox 1234 745 1351 788; x_wconf 84' lang='lat' dir='ltr'>vivi?</span> <span class='ocrx_word' id='word_1_79' title='bbox 1379 748 1456 806; x_wconf 85' lang='lat' dir='ltr'>qui</span> 
     </span>
     <span class='ocr_line' id='line_1_9' title="bbox 63 814 1456 876; baseline 0 -14"><span class='ocrx_word' id='word_1_80' title='bbox 63 817 358 863; x_wconf 87' lang='lat' dir='ltr'>crediderunt.</span> <span class='ocrx_word' id='word_1_81' title='bbox 395 815 510 869; x_wconf 85' lang='lat' dir='ltr'>Quid</span> <span class='ocrx_word' id='word_1_82' title='bbox 543 815 702 859; x_wconf 85' lang='lat' dir='ltr'>dicitur</span> <span class='ocrx_word' id='word_1_83' title='bbox 735 815 913 858; x_wconf 84' lang='lat' dir='ltr'>mortuis</span> <span class='ocrx_word' id='word_1_84' title='bbox 937 814 991 859; x_wconf 85' lang='lat' dir='ltr'>ab</span> <span class='ocrx_word' id='word_1_85' title='bbox 1016 814 1258 874; x_wconf 81' lang='lat' dir='ltr'>Apostolo?</span> <span class='ocrx_word' id='word_1_86' title='bbox 1276 835 1295 857; x_wconf 88' lang='lat'>«</span> <span class='ocrx_word' id='word_1_87' title='bbox 1319 818 1456 876; x_wconf 82' lang='lat' dir='ltr'>Surge</span> 
     </span>
     <span class='ocr_line' id='line_1_10' title="bbox 66 885 1453 949; baseline 0.001 -19"><span class='ocrx_word' id='word_1_88' title='bbox 66 908 85 930; x_wconf 70' lang='lat' dir='ltr'>n</span> <span class='ocrx_word' id='word_1_89' title='bbox 122 889 198 949; x_wconf 84' lang='lat' dir='ltr'>qui</span> <span class='ocrx_word' id='word_1_90' title='bbox 221 888 382 932; x_wconf 86' lang='lat' dir='ltr'>dormis</span> <span class='ocrx_word' id='word_1_91' title='bbox 403 888 433 930; x_wconf 84' lang='lat'>³.</span> <span class='ocrx_word' id='word_1_92' title='bbox 459 904 478 927; x_wconf 66' lang='grc' dir='ltr'>η</span> <span class='ocrx_word' id='word_1_93' title='bbox 503 885 587 931; x_wconf 80' lang='lat' dir='ltr'>Sed</span> <span class='ocrx_word' id='word_1_94' title='bbox 618 900 842 940; x_wconf 88' lang='lat' dir='ltr'>somnum,</span> <span class='ocrx_word' id='word_1_95' title='bbox 869 885 1036 946; x_wconf 87' lang='lat' dir='ltr'>inquit,</span> <span class='ocrx_word' id='word_1_96' title='bbox 1066 885 1198 941; x_wconf 84' lang='lat' dir='ltr'>dixit,</span> <span class='ocrx_word' id='word_1_97' title='bbox 1224 901 1312 930; x_wconf 86' lang='lat' dir='ltr'>non</span> <span class='ocrx_word' id='word_1_98' title='bbox 1337 902 1453 931; x_wconf 87' lang='lat' dir='ltr'>mor—</span> 
     </span>
     <span class='ocr_line' id='line_1_11' title="bbox 64 955 1456 1019; baseline -0.001 -15"><span class='ocrx_word' id='word_1_99' title='bbox 64 969 167 1005; x_wconf 89' lang='lat' dir='ltr'>tem.</span> <span class='ocrx_word' id='word_1_100' title='bbox 206 959 321 1003; x_wconf 75' lang='lat' dir='ltr'>Audi</span> <span class='ocrx_word' id='word_1_101' title='bbox 354 957 608 1019; x_wconf 84' lang='lat' dir='ltr'>sequentia:</span> <span class='ocrx_word' id='word_1_102' title='bbox 636 975 655 998; x_wconf 91' lang='lat'>«</span> <span class='ocrx_word' id='word_1_103' title='bbox 680 958 815 1014; x_wconf 82' lang='lat' dir='ltr'>Surge</span> <span class='ocrx_word' id='word_1_104' title='bbox 848 957 923 1016; x_wconf 87' lang='lat' dir='ltr'>qui</span> <span class='ocrx_word' id='word_1_105' title='bbox 953 955 1136 1010; x_wconf 81' lang='lat' dir='ltr'>dormis,</span> <span class='ocrx_word' id='word_1_106' title='bbox 1171 966 1214 1001; x_wconf 87' lang='lat' dir='ltr'>et</span> <span class='ocrx_word' id='word_1_107' title='bbox 1245 972 1403 1016; x_wconf 82' lang='lat' dir='ltr'>exurge</span> <span class='ocrx_word' id='word_1_108' title='bbox 1433 974 1456 1003; x_wconf 86' lang='lat' dir='ltr'>a</span> 
     </span>
     <span class='ocr_line' id='line_1_12' title="bbox 66 1026 1456 1089; baseline 0.001 -17"><span class='ocrx_word' id='word_1_109' title='bbox 66 1050 87 1072; x_wconf 89' lang='lat'>»</span> <span class='ocrx_word' id='word_1_110' title='bbox 122 1031 318 1074; x_wconf 80' lang='lat' dir='ltr'>mortuis.</span> <span class='ocrx_word' id='word_1_111' title='bbox 344 1048 364 1069; x_wconf 87' lang='lat'>»</span> <span class='ocrx_word' id='word_1_112' title='bbox 391 1032 444 1072; x_wconf 91' lang='lat' dir='ltr'>Et</span> <span class='ocrx_word' id='word_1_113' title='bbox 466 1029 587 1089; x_wconf 80' lang='lat' dir='ltr'>quasi</span> <span class='ocrx_word' id='word_1_114' title='bbox 613 1028 796 1081; x_wconf 87' lang='lat' dir='ltr'>diceret,</span> <span class='ocrx_word' id='word_1_115' title='bbox 815 1031 910 1080; x_wconf 86' lang='lat' dir='ltr'>Quo</span> <span class='ocrx_word' id='word_1_116' title='bbox 933 1027 1033 1072; x_wconf 78' lang='lat' dir='ltr'>ibo?</span> <span class='ocrx_word' id='word_1_117' title='bbox 1052 1031 1107 1071; x_wconf 87' lang='lat' dir='ltr'>Et</span> <span class='ocrx_word' id='word_1_118' title='bbox 1129 1026 1395 1072; x_wconf 84' lang='lat' dir='ltr'>illuminabit</span> <span class='ocrx_word' id='word_1_119' title='bbox 1414 1038 1456 1073; x_wconf 90' lang='lat' dir='ltr'>te</span> 
     </span>
     <span class='ocr_line' id='line_1_13' title="bbox 65 1097 1455 1155; baseline -0.003 -7"><span class='ocrx_word' id='word_1_120' title='bbox 65 1102 276 1148; x_wconf 85' lang='lat' dir='ltr'>Christus.</span> <span class='ocrx_word' id='word_1_121' title='bbox 308 1104 404 1144; x_wconf 88' lang='lat' dir='ltr'>Jam</span> <span class='ocrx_word' id='word_1_122' title='bbox 434 1115 535 1144; x_wconf 88' lang='lat' dir='ltr'>cum</span> <span class='ocrx_word' id='word_1_123' title='bbox 561 1108 601 1144; x_wconf 85' lang='lat' dir='ltr'>te</span> <span class='ocrx_word' id='word_1_124' title='bbox 622 1098 872 1143; x_wconf 84' lang='lat' dir='ltr'>credentem</span> <span class='ocrx_word' id='word_1_125' title='bbox 896 1097 1207 1143; x_wconf 81' lang='lat' dir='ltr'>illuminaverit</span> <span class='ocrx_word' id='word_1_126' title='bbox 1229 1099 1425 1144; x_wconf 90' lang='lat' dir='ltr'>Christus</span> <span class='ocrx_word' id='word_1_127' title='bbox 1443 1135 1455 1155; x_wconf 91' lang='lat'>‚</span> 
     </span>
     <span class='ocr_line' id='line_1_14' title="bbox 64 1169 1457 1231; baseline -0.002 -13"><span class='ocrx_word' id='word_1_128' title='bbox 64 1174 292 1219; x_wconf 88' lang='lat' dir='ltr'>transitum</span> <span class='ocrx_word' id='word_1_129' title='bbox 317 1171 418 1216; x_wconf 88' lang='lat' dir='ltr'>facis</span> <span class='ocrx_word' id='word_1_130' title='bbox 446 1187 468 1216; x_wconf 82' lang='lat' dir='ltr'>a</span> <span class='ocrx_word' id='word_1_131' title='bbox 492 1180 632 1215; x_wconf 86' lang='lat' dir='ltr'>morte</span> <span class='ocrx_word' id='word_1_132' title='bbox 665 1169 718 1213; x_wconf 87' lang='lat' dir='ltr'>ad</span> <span class='ocrx_word' id='word_1_133' title='bbox 746 1170 878 1214; x_wconf 86' lang='lat' dir='ltr'>vitam</span> <span class='ocrx_word' id='word_1_134' title='bbox 899 1189 907 1214; x_wconf 90' lang='lat'>:</span> <span class='ocrx_word' id='word_1_135' title='bbox 931 1185 1059 1214; x_wconf 88' lang='lat' dir='ltr'>mane</span> <span class='ocrx_word' id='word_1_136' title='bbox 1081 1170 1127 1214; x_wconf 90' lang='lat' dir='ltr'>in</span> <span class='ocrx_word' id='word_1_137' title='bbox 1149 1185 1200 1215; x_wconf 92' lang='lat' dir='ltr'>eo</span> <span class='ocrx_word' id='word_1_138' title='bbox 1222 1187 1311 1231; x_wconf 90' lang='lat' dir='ltr'>quo</span> <span class='ocrx_word' id='word_1_139' title='bbox 1335 1180 1457 1216; x_wconf 86' lang='lat' dir='ltr'>tran-</span> 
     </span>
     <span class='ocr_line' id='line_1_15' title="bbox 65 1241 853 1301; baseline -0.005 -13"><span class='ocrx_word' id='word_1_140' title='bbox 65 1244 178 1298; x_wconf 88' lang='lat' dir='ltr'>sisti,</span> <span class='ocrx_word' id='word_1_141' title='bbox 205 1253 248 1288; x_wconf 90' lang='lat' dir='ltr'>et</span> <span class='ocrx_word' id='word_1_142' title='bbox 270 1259 359 1287; x_wconf 90' lang='lat' dir='ltr'>non</span> <span class='ocrx_word' id='word_1_143' title='bbox 379 1242 526 1286; x_wconf 90' lang='lat' dir='ltr'>venies</span> <span class='ocrx_word' id='word_1_144' title='bbox 549 1242 603 1285; x_wconf 91' lang='lat' dir='ltr'>ad</span> <span class='ocrx_word' id='word_1_145' title='bbox 621 1241 853 1301; x_wconf 80' lang='lat' dir='ltr'>judicium.</span> 
     </span>
    </p>

    <p class='ocr_par' dir='ltr' id='par_1_3' title="bbox 64 1311 1460 2500">
     <span class='ocr_line' id='line_1_16' title="bbox 123 1311 1458 1373; baseline -0.001 -14"><span class='ocrx_word' id='word_1_146' title='bbox 123 1318 222 1359; x_wconf 87' lang='lat' dir='ltr'>Vll.</span> <span class='ocrx_word' id='word_1_147' title='bbox 249 1314 437 1373; x_wconf 82' lang='lat' dir='ltr'>Exponit</span> <span class='ocrx_word' id='word_1_148' title='bbox 452 1312 560 1357; x_wconf 89' lang='lat' dir='ltr'>illud</span> <span class='ocrx_word' id='word_1_149' title='bbox 579 1315 669 1372; x_wconf 85' lang='lat' dir='ltr'>jam</span> <span class='ocrx_word' id='word_1_150' title='bbox 687 1313 794 1372; x_wconf 85' lang='lat' dir='ltr'>ipse,</span> <span class='ocrx_word' id='word_1_151' title='bbox 815 1321 857 1356; x_wconf 90' lang='lat' dir='ltr'>et</span> <span class='ocrx_word' id='word_1_152' title='bbox 872 1312 1096 1372; x_wconf 83' lang='lat' dir='ltr'>sequitur:</span> <span class='ocrx_word' id='word_1_153' title='bbox 1119 1311 1308 1367; x_wconf 82' lang='lat' dir='ltr'>«Amen,</span> <span class='ocrx_word' id='word_1_154' title='bbox 1330 1328 1458 1358; x_wconf 88' lang='lat' dir='ltr'>amen</span> 
     </span>
     <span class='ocr_line' id='line_1_17' title="bbox 68 1382 1460 1444; baseline 0 -16"><span class='ocrx_word' id='word_1_155' title='bbox 68 1405 88 1428; x_wconf 83' lang='lat'>»</span> <span class='ocrx_word' id='word_1_156' title='bbox 124 1384 222 1430; x_wconf 80' lang='lat' dir='ltr'>dieo</span> <span class='ocrx_word' id='word_1_157' title='bbox 244 1386 380 1429; x_wconf 87' lang='lat' dir='ltr'>vobis.</span> <span class='ocrx_word' id='word_1_158' title='bbox 409 1405 424 1425; x_wconf 90' lang='lat'>»</span> <span class='ocrx_word' id='word_1_159' title='bbox 453 1387 516 1429; x_wconf 92' lang='lat' dir='ltr'>Ne</span> <span class='ocrx_word' id='word_1_160' title='bbox 537 1383 647 1428; x_wconf 83' lang='lat' dir='ltr'>forte</span> <span class='ocrx_word' id='word_1_161' title='bbox 670 1383 773 1444; x_wconf 88' lang='lat' dir='ltr'>quia</span> <span class='ocrx_word' id='word_1_162' title='bbox 796 1382 926 1438; x_wconf 75' lang='lat' dir='ltr'>dixit,</span> <span class='ocrx_word' id='word_1_163' title='bbox 955 1401 975 1423; x_wconf 89' lang='lat'>»</span> <span class='ocrx_word' id='word_1_164' title='bbox 1004 1382 1170 1427; x_wconf 86' lang='lat' dir='ltr'>transiit</span> <span class='ocrx_word' id='word_1_165' title='bbox 1198 1399 1219 1427; x_wconf 89' lang='lat' dir='ltr'>a</span> <span class='ocrx_word' id='word_1_166' title='bbox 1242 1392 1382 1427; x_wconf 90' lang='lat' dir='ltr'>morte</span> <span class='ocrx_word' id='word_1_167' title='bbox 1404 1383 1460 1428; x_wconf 85' lang='lat' dir='ltr'>ad</span> 
     </span>
     <span class='ocr_line' id='line_1_18' title="bbox 68 1452 1459 1514; baseline 0.001 -16"><span class='ocrx_word' id='word_1_168' title='bbox 68 1475 89 1498; x_wconf 87' lang='lat'>»</span> <span class='ocrx_word' id='word_1_169' title='bbox 124 1457 257 1501; x_wconf 86' lang='lat' dir='ltr'>vitam</span> <span class='ocrx_word' id='word_1_170' title='bbox 275 1457 306 1510; x_wconf 77' lang='lat'>⁴,</span> <span class='ocrx_word' id='word_1_171' title='bbox 331 1475 350 1496; x_wconf 89' lang='lat'>»</span> <span class='ocrx_word' id='word_1_172' title='bbox 372 1454 667 1514; x_wconf 83' lang='lat' dir='ltr'>intelligamus</span> <span class='ocrx_word' id='word_1_173' title='bbox 697 1455 780 1498; x_wconf 81' lang='lat' dir='ltr'>lioc</span> <span class='ocrx_word' id='word_1_174' title='bbox 803 1454 847 1497; x_wconf 91' lang='lat' dir='ltr'>in</span> <span class='ocrx_word' id='word_1_175' title='bbox 876 1452 1021 1498; x_wconf 81' lang='lat' dir='ltr'>futura</span> <span class='ocrx_word' id='word_1_176' title='bbox 1046 1455 1360 1499; x_wconf 89' lang='lat' dir='ltr'>resurrectione</span> <span class='ocrx_word' id='word_1_177' title='bbox 1390 1470 1459 1500; x_wconf 92' lang='lat' dir='ltr'>os-</span> 
     </span>
     <span class='ocr_line' id='line_1_19' title="bbox 64 1525 1457 1586; baseline -0.001 -14"><span class='ocrx_word' id='word_1_178' title='bbox 64 1527 242 1573; x_wconf 84' lang='lat' dir='ltr'>tendere</span> <span class='ocrx_word' id='word_1_179' title='bbox 277 1526 425 1571; x_wconf 87' lang='lat' dir='ltr'>volens</span> <span class='ocrx_word' id='word_1_180' title='bbox 459 1526 682 1586; x_wconf 88' lang='lat' dir='ltr'>quomodo</span> <span class='ocrx_word' id='word_1_181' title='bbox 715 1526 867 1570; x_wconf 85' lang='lat' dir='ltr'>transit</span> <span class='ocrx_word' id='word_1_182' title='bbox 895 1526 969 1585; x_wconf 86' lang='lat' dir='ltr'>qui</span> <span class='ocrx_word' id='word_1_183' title='bbox 1001 1525 1167 1582; x_wconf 82' lang='lat' dir='ltr'>credit3</span> <span class='ocrx_word' id='word_1_184' title='bbox 1192 1535 1235 1570; x_wconf 83' lang='lat' dir='ltr'>et</span> <span class='ocrx_word' id='word_1_185' title='bbox 1261 1527 1344 1571; x_wconf 92' lang='lat' dir='ltr'>hoc</span> <span class='ocrx_word' id='word_1_186' title='bbox 1367 1542 1457 1571; x_wconf 87' lang='lat' dir='ltr'>esse</span> 
     </span>
     <span class='ocr_line' id='line_1_20' title="bbox 64 1596 1458 1651; baseline 0 -8"><span class='ocrx_word' id='word_1_187' title='bbox 64 1599 244 1644; x_wconf 87' lang='lat' dir='ltr'>transire</span> <span class='ocrx_word' id='word_1_188' title='bbox 268 1598 322 1641; x_wconf 87' lang='lat' dir='ltr'>de</span> <span class='ocrx_word' id='word_1_189' title='bbox 352 1607 491 1642; x_wconf 87' lang='lat' dir='ltr'>morte</span> <span class='ocrx_word' id='word_1_190' title='bbox 525 1598 580 1641; x_wconf 90' lang='lat' dir='ltr'>ad</span> <span class='ocrx_word' id='word_1_191' title='bbox 608 1598 764 1651; x_wconf 83' lang='lat' dir='ltr'>vitam,</span> <span class='ocrx_word' id='word_1_192' title='bbox 804 1597 982 1641; x_wconf 86' lang='lat' dir='ltr'>transire</span> <span class='ocrx_word' id='word_1_193' title='bbox 1017 1597 1072 1641; x_wconf 91' lang='lat' dir='ltr'>ab</span> <span class='ocrx_word' id='word_1_194' title='bbox 1107 1596 1364 1642; x_wconf 83' lang='lat' dir='ltr'>infidelitate</span> <span class='ocrx_word' id='word_1_195' title='bbox 1401 1599 1458 1644; x_wconf 83' lang='lat' dir='ltr'>ad</span> 
     </span>
     <span class='ocr_line' id='line_1_21' title="bbox 64 1666 1457 1727; baseline -0.001 -14"><span class='ocrx_word' id='word_1_196' title='bbox 64 1669 218 1723; x_wconf 83' lang='lat' dir='ltr'>fidem,</span> <span class='ocrx_word' id='word_1_197' title='bbox 245 1667 299 1711; x_wconf 90' lang='lat' dir='ltr'>ab</span> <span class='ocrx_word' id='word_1_198' title='bbox 322 1668 528 1727; x_wconf 84' lang='lat' dir='ltr'>injustitia</span> <span class='ocrx_word' id='word_1_199' title='bbox 548 1667 602 1711; x_wconf 87' lang='lat' dir='ltr'>ad</span> <span class='ocrx_word' id='word_1_200' title='bbox 624 1667 837 1727; x_wconf 87' lang='lat' dir='ltr'>justitiam</span> <span class='ocrx_word' id='word_1_201' title='bbox 855 1701 866 1721; x_wconf 87' lang='lat'><em>‚</em></span> <span class='ocrx_word' id='word_1_202' title='bbox 887 1682 908 1711; x_wconf 91' lang='lat' dir='ltr'>a</span> <span class='ocrx_word' id='word_1_203' title='bbox 928 1667 1130 1725; x_wconf 87' lang='lat' dir='ltr'>superbia</span> <span class='ocrx_word' id='word_1_204' title='bbox 1153 1666 1208 1711; x_wconf 83' lang='lat' dir='ltr'>ad</span> <span class='ocrx_word' id='word_1_205' title='bbox 1231 1667 1457 1712; x_wconf 85' lang='lat' dir='ltr'>humilita-</span> 
     </span>
     <span class='ocr_line' id='line_1_22' title="bbox 65 1736 1458 1793; baseline -0.001 -9"><span class='ocrx_word' id='word_1_206' title='bbox 65 1749 169 1793; x_wconf 82' lang='lat' dir='ltr'>tem,</span> <span class='ocrx_word' id='word_1_207' title='bbox 190 1738 245 1782; x_wconf 87' lang='lat' dir='ltr'>ab</span> <span class='ocrx_word' id='word_1_208' title='bbox 269 1736 370 1782; x_wconf 89' lang='lat' dir='ltr'>odio</span> <span class='ocrx_word' id='word_1_209' title='bbox 393 1739 447 1781; x_wconf 85' lang='lat' dir='ltr'>ad</span> <span class='ocrx_word' id='word_1_210' title='bbox 465 1738 718 1782; x_wconf 85' lang='lat' dir='ltr'>charitatem</span> <span class='ocrx_word' id='word_1_211' title='bbox 740 1756 748 1781; x_wconf 93' lang='lat'><strong>:</strong></span> <span class='ocrx_word' id='word_1_212' title='bbox 769 1753 886 1782; x_wconf 90' lang='lat' dir='ltr'>nunc</span> <span class='ocrx_word' id='word_1_213' title='bbox 905 1738 979 1792; x_wconf 82' lang='lat' dir='ltr'>ait,</span> <span class='ocrx_word' id='word_1_214' title='bbox 998 1756 1017 1778; x_wconf 94' lang='lat'>«</span> <span class='ocrx_word' id='word_1_215' title='bbox 1037 1741 1192 1792; x_wconf 82' lang='lat' dir='ltr'>Amen,</span> <span class='ocrx_word' id='word_1_216' title='bbox 1214 1754 1341 1782; x_wconf 85' lang='lat' dir='ltr'>amen</span> <span class='ocrx_word' id='word_1_217' title='bbox 1360 1738 1458 1784; x_wconf 87' lang='lat' dir='ltr'>dico</span> 
     </span>
     <span class='ocr_line' id='line_1_23' title="bbox 67 1809 1459 1869; baseline 0.002 -18"><span class='ocrx_word' id='word_1_218' title='bbox 67 1829 87 1852; x_wconf 64' lang='grc' dir='ltr'><strong>η</strong></span> <span class='ocrx_word' id='word_1_219' title='bbox 123 1810 268 1863; x_wconf 89' lang='lat' dir='ltr'>vobis,</span> <span class='ocrx_word' id='word_1_220' title='bbox 294 1809 395 1869; x_wconf 84' lang='lat' dir='ltr'>quia</span> <span class='ocrx_word' id='word_1_221' title='bbox 416 1809 534 1853; x_wconf 90' lang='lat' dir='ltr'>venit</span> <span class='ocrx_word' id='word_1_222' title='bbox 555 1809 682 1864; x_wconf 83' lang='lat' dir='ltr'>hora,</span> <span class='ocrx_word' id='word_1_223' title='bbox 708 1818 751 1853; x_wconf 89' lang='lat' dir='ltr'>et</span> <span class='ocrx_word' id='word_1_224' title='bbox 768 1824 888 1854; x_wconf 87' lang='lat' dir='ltr'>nune</span> <span class='ocrx_word' id='word_1_225' title='bbox 908 1818 986 1854; x_wconf 89' lang='lat' dir='ltr'>est.</span> <span class='ocrx_word' id='word_1_226' title='bbox 1007 1827 1027 1850; x_wconf 88' lang='lat'>»</span> <span class='ocrx_word' id='word_1_227' title='bbox 1054 1810 1171 1862; x_wconf 91' lang='lat' dir='ltr'>Quid</span> <span class='ocrx_word' id='word_1_228' title='bbox 1188 1809 1459 1854; x_wconf 81' lang='lat' dir='ltr'>evidentius?</span> 
     </span>
     <span class='ocr_line' id='line_1_24' title="bbox 66 1878 1458 1940; baseline 0.001 -15"><span class='ocrx_word' id='word_1_229' title='bbox 66 1883 161 1925; x_wconf 90' lang='lat' dir='ltr'>Jam</span> <span class='ocrx_word' id='word_1_230' title='bbox 191 1889 307 1924; x_wconf 88' lang='lat' dir='ltr'>certe</span> <span class='ocrx_word' id='word_1_231' title='bbox 336 1880 504 1939; x_wconf 88' lang='lat' dir='ltr'>aperuit</span> <span class='ocrx_word' id='word_1_232' title='bbox 537 1879 657 1940; x_wconf 81' lang='lat' dir='ltr'>quod</span> <span class='ocrx_word' id='word_1_233' title='bbox 688 1879 884 1934; x_wconf 87' lang='lat' dir='ltr'>dicebat,</span> <span class='ocrx_word' id='word_1_234' title='bbox 914 1879 1015 1938; x_wconf 85' lang='lat' dir='ltr'>quia</span> <span class='ocrx_word' id='word_1_235' title='bbox 1038 1878 1171 1923; x_wconf 90' lang='lat' dir='ltr'>modo</span> <span class='ocrx_word' id='word_1_236' title='bbox 1200 1881 1247 1923; x_wconf 86' lang='lat' dir='ltr'>fit</span> <span class='ocrx_word' id='word_1_237' title='bbox 1269 1896 1358 1939; x_wconf 89' lang='lat' dir='ltr'>quo</span> <span class='ocrx_word' id='word_1_238' title='bbox 1380 1896 1458 1926; x_wconf 92' lang='lat' dir='ltr'>nos</span> 
     </span>
     <span class='ocr_line' id='line_1_25' title="bbox 65 1951 1456 2004; baseline -0.001 -8"><span class='ocrx_word' id='word_1_239' title='bbox 65 1952 260 1996; x_wconf 86' lang='lat' dir='ltr'>Christus</span> <span class='ocrx_word' id='word_1_240' title='bbox 293 1951 505 1995; x_wconf 87' lang='lat' dir='ltr'>hortatur.</span> <span class='ocrx_word' id='word_1_241' title='bbox 535 1951 704 1995; x_wconf 84' lang='lat' dir='ltr'>«Venit</span> <span class='ocrx_word' id='word_1_242' title='bbox 735 1951 857 1995; x_wconf 83' lang='lat' dir='ltr'>hora.</span> <span class='ocrx_word' id='word_1_243' title='bbox 883 1968 903 1992; x_wconf 87' lang='lat'>»</span> <span class='ocrx_word' id='word_1_244' title='bbox 930 1952 1038 2004; x_wconf 81' lang='lat' dir='ltr'>Quae</span> <span class='ocrx_word' id='word_1_245' title='bbox 1059 1951 1191 1995; x_wconf 77' lang='lat' dir='ltr'>hora?</span> <span class='ocrx_word' id='word_1_246' title='bbox 1217 1970 1235 1993; x_wconf 89' lang='lat'>«</span> <span class='ocrx_word' id='word_1_247' title='bbox 1260 1954 1316 1995; x_wconf 90' lang='lat' dir='ltr'>Et</span> <span class='ocrx_word' id='word_1_248' title='bbox 1338 1967 1456 1996; x_wconf 90' lang='lat' dir='ltr'>nunc</span> 
     </span>
     <span class='ocr_line' id='line_1_26' title="bbox 68 2020 1459 2081; baseline 0.001 -17"><span class='ocrx_word' id='word_1_249' title='bbox 68 2040 89 2065; x_wconf 84' lang='lat'>»</span> <span class='ocrx_word' id='word_1_250' title='bbox 124 2031 212 2075; x_wconf 81' lang='lat' dir='ltr'>est,</span> <span class='ocrx_word' id='word_1_251' title='bbox 233 2022 411 2081; x_wconf 86' lang='lat' dir='ltr'>quando</span> <span class='ocrx_word' id='word_1_252' title='bbox 434 2021 595 2066; x_wconf 89' lang='lat' dir='ltr'>mortui</span> <span class='ocrx_word' id='word_1_253' title='bbox 619 2020 800 2065; x_wconf 87' lang='lat' dir='ltr'>audient</span> <span class='ocrx_word' id='word_1_254' title='bbox 816 2036 968 2066; x_wconf 90' lang='lat' dir='ltr'>vocem</span> <span class='ocrx_word' id='word_1_255' title='bbox 988 2021 1086 2065; x_wconf 88' lang='lat' dir='ltr'>Filii</span> <span class='ocrx_word' id='word_1_256' title='bbox 1106 2022 1210 2076; x_wconf 86' lang='lat' dir='ltr'>Dei,</span> <span class='ocrx_word' id='word_1_257' title='bbox 1230 2030 1274 2065; x_wconf 90' lang='lat' dir='ltr'>et</span> <span class='ocrx_word' id='word_1_258' title='bbox 1289 2022 1366 2081; x_wconf 91' lang='lat' dir='ltr'>qui</span> <span class='ocrx_word' id='word_1_259' title='bbox 1383 2037 1459 2066; x_wconf 87' lang='lat' dir='ltr'>au-</span> 
     </span>
     <span class='ocr_line' id='line_1_27' title="bbox 68 2090 1456 2145; baseline 0.002 -12"><span class='ocrx_word' id='word_1_260' title='bbox 68 2111 88 2134; x_wconf 85' lang='lat'>»</span> <span class='ocrx_word' id='word_1_261' title='bbox 124 2091 283 2136; x_wconf 88' lang='lat' dir='ltr'>dierint</span> <span class='ocrx_word' id='word_1_262' title='bbox 305 2092 464 2135; x_wconf 92' lang='lat' dir='ltr'>vivent.</span> <span class='ocrx_word' id='word_1_263' title='bbox 489 2109 509 2132; x_wconf 81' lang='lat'>»</span> <span class='ocrx_word' id='word_1_264' title='bbox 534 2094 628 2135; x_wconf 86' lang='lat' dir='ltr'>Jam</span> <span class='ocrx_word' id='word_1_265' title='bbox 649 2091 703 2135; x_wconf 89' lang='lat' dir='ltr'>de</span> <span class='ocrx_word' id='word_1_266' title='bbox 720 2090 786 2134; x_wconf 88' lang='lat' dir='ltr'>his</span> <span class='ocrx_word' id='word_1_267' title='bbox 807 2091 988 2136; x_wconf 84' lang='lat' dir='ltr'>mortuis</span> <span class='ocrx_word' id='word_1_268' title='bbox 1006 2090 1141 2136; x_wconf 80' lang='lat' dir='ltr'>locuti</span> <span class='ocrx_word' id='word_1_269' title='bbox 1159 2107 1323 2136; x_wconf 91' lang='lat' dir='ltr'>sumus.</span> <span class='ocrx_word' id='word_1_270' title='bbox 1341 2091 1456 2145; x_wconf 85' lang='lat' dir='ltr'>Quid</span> 
     </span>
     <span class='ocr_line' id='line_1_28' title="bbox 67 2161 1458 2223; baseline 0 -17"><span class='ocrx_word' id='word_1_271' title='bbox 67 2171 271 2223; x_wconf 85' lang='lat' dir='ltr'>putamus</span> <span class='ocrx_word' id='word_1_272' title='bbox 289 2197 299 2216; x_wconf 92' lang='lat'>‚</span> <span class='ocrx_word' id='word_1_273' title='bbox 324 2161 475 2206; x_wconf 72' lang='lat' dir='ltr'>{ratres</span> <span class='ocrx_word' id='word_1_274' title='bbox 500 2163 613 2215; x_wconf 85' lang='lat' dir='ltr'>mei,</span> <span class='ocrx_word' id='word_1_275' title='bbox 640 2162 683 2205; x_wconf 92' lang='lat' dir='ltr'>in</span> <span class='ocrx_word' id='word_1_276' title='bbox 707 2162 784 2206; x_wconf 91' lang='lat' dir='ltr'>ista</span> <span class='ocrx_word' id='word_1_277' title='bbox 808 2163 936 2206; x_wconf 88' lang='lat' dir='ltr'>turba</span> <span class='ocrx_word' id='word_1_278' title='bbox 958 2179 1057 2223; x_wconf 84' lang='lat' dir='ltr'>quae</span> <span class='ocrx_word' id='word_1_279' title='bbox 1080 2178 1149 2206; x_wconf 89' lang='lat' dir='ltr'>me</span> <span class='ocrx_word' id='word_1_280' title='bbox 1177 2162 1326 2218; x_wconf 82' lang='lat' dir='ltr'>audit,</span> <span class='ocrx_word' id='word_1_281' title='bbox 1358 2162 1458 2206; x_wconf 90' lang='lat' dir='ltr'>nul-</span> 
     </span>
     <span class='ocr_line' id='line_1_29' title="bbox 67 2232 1456 2285; baseline 0 -8"><span class='ocrx_word' id='word_1_282' title='bbox 67 2232 171 2277; x_wconf 89' lang='lat' dir='ltr'>li-ne</span> <span class='ocrx_word' id='word_1_283' title='bbox 200 2242 301 2276; x_wconf 89' lang='lat' dir='ltr'>sunt</span> <span class='ocrx_word' id='word_1_284' title='bbox 327 2233 513 2277; x_wconf 75' lang='lat' dir='ltr'>mortui?</span> <span class='ocrx_word' id='word_1_285' title='bbox 535 2232 617 2285; x_wconf 89' lang='lat' dir='ltr'>Qui</span> <span class='ocrx_word' id='word_1_286' title='bbox 640 2232 754 2276; x_wconf 90' lang='lat' dir='ltr'>enim</span> <span class='ocrx_word' id='word_1_287' title='bbox 779 2232 966 2278; x_wconf 86' lang='lat' dir='ltr'>credunt</span> <span class='ocrx_word' id='word_1_288' title='bbox 988 2243 1030 2277; x_wconf 87' lang='lat' dir='ltr'>et</span> <span class='ocrx_word' id='word_1_289' title='bbox 1049 2233 1289 2278; x_wconf 88' lang='lat' dir='ltr'>secundum</span> <span class='ocrx_word' id='word_1_290' title='bbox 1306 2248 1456 2277; x_wconf 85' lang='lat' dir='ltr'>veram</span> 
     </span>
     <span class='ocr_line' id='line_1_30' title="bbox 67 2303 1458 2365; baseline -0.001 -17"><span class='ocrx_word' id='word_1_291' title='bbox 67 2303 199 2348; x_wconf 84' lang='lat' dir='ltr'>fidem</span> <span class='ocrx_word' id='word_1_292' title='bbox 235 2313 396 2362; x_wconf 81' lang='lat' dir='ltr'>agunt,</span> <span class='ocrx_word' id='word_1_293' title='bbox 424 2304 577 2348; x_wconf 86' lang='lat' dir='ltr'>vivunt</span> <span class='ocrx_word' id='word_1_294' title='bbox 607 2313 650 2348; x_wconf 88' lang='lat' dir='ltr'>et</span> <span class='ocrx_word' id='word_1_295' title='bbox 673 2304 832 2348; x_wconf 90' lang='lat' dir='ltr'>mortui</span> <span class='ocrx_word' id='word_1_296' title='bbox 855 2320 944 2348; x_wconf 88' lang='lat' dir='ltr'>non</span> <span class='ocrx_word' id='word_1_297' title='bbox 966 2313 1068 2349; x_wconf 89' lang='lat' dir='ltr'>sunt</span> <span class='ocrx_word' id='word_1_298' title='bbox 1090 2324 1098 2349; x_wconf 75' lang='grc' dir='ltr'>ε</span> <span class='ocrx_word' id='word_1_299' title='bbox 1119 2305 1196 2365; x_wconf 89' lang='lat' dir='ltr'>qui</span> <span class='ocrx_word' id='word_1_300' title='bbox 1218 2313 1364 2349; x_wconf 87' lang='lat' dir='ltr'>autem</span> <span class='ocrx_word' id='word_1_301' title='bbox 1387 2303 1458 2348; x_wconf 89' lang='lat' dir='ltr'>vel</span> 
     </span>
     <span class='ocr_line' id='line_1_31' title="bbox 68 2374 1459 2429; baseline -0.001 -11"><span class='ocrx_word' id='word_1_302' title='bbox 68 2390 157 2419; x_wconf 90' lang='lat' dir='ltr'>non</span> <span class='ocrx_word' id='word_1_303' title='bbox 180 2374 392 2429; x_wconf 88' lang='lat' dir='ltr'>eredunt,</span> <span class='ocrx_word' id='word_1_304' title='bbox 425 2374 494 2418; x_wconf 88' lang='lat' dir='ltr'>vel</span> <span class='ocrx_word' id='word_1_305' title='bbox 529 2375 638 2418; x_wconf 87' lang='lat' dir='ltr'>sicut</span> <span class='ocrx_word' id='word_1_306' title='bbox 673 2374 892 2419; x_wconf 76' lang='lat' dir='ltr'>daemones</span> <span class='ocrx_word' id='word_1_307' title='bbox 925 2375 1135 2429; x_wconf 78' lang='lat' dir='ltr'>credunt,</span> <span class='ocrx_word' id='word_1_308' title='bbox 1161 2384 1394 2420; x_wconf 86' lang='lat' dir='ltr'>trementes</span> <span class='ocrx_word' id='word_1_309' title='bbox 1416 2383 1459 2418; x_wconf 88' lang='lat' dir='ltr'>et</span> 
     </span>
     <span class='ocr_line' id='line_1_32' title="bbox 70 2445 1458 2500; baseline -0.001 -12"><span class='ocrx_word' id='word_1_310' title='bbox 70 2445 182 2489; x_wconf 82' lang='lat' dir='ltr'>male</span> <span class='ocrx_word' id='word_1_311' title='bbox 209 2445 425 2500; x_wconf 89' lang='lat' dir='ltr'>viventes,</span> <span class='ocrx_word' id='word_1_312' title='bbox 460 2445 619 2490; x_wconf 87' lang='lat' dir='ltr'>Filium</span> <span class='ocrx_word' id='word_1_313' title='bbox 646 2446 722 2489; x_wconf 90' lang='lat' dir='ltr'>Dei</span> <span class='ocrx_word' id='word_1_314' title='bbox 751 2446 1006 2491; x_wconf 84' lang='lat' dir='ltr'>confitentes</span> <span class='ocrx_word' id='word_1_315' title='bbox 1029 2456 1071 2490; x_wconf 85' lang='lat' dir='ltr'>et</span> <span class='ocrx_word' id='word_1_316' title='bbox 1093 2447 1345 2491; x_wconf 85' lang='lat' dir='ltr'>charitatem</span> <span class='ocrx_word' id='word_1_317' title='bbox 1369 2460 1458 2488; x_wconf 91' lang='lat' dir='ltr'>non</span> 
     </span>
    </p>
   </div>
   <div class='ocr_carea' id='block_1_3' title="bbox 48 2530 1455 2634">
    <p class='ocr_par' dir='ltr' id='par_1_4' title="bbox 48 2530 1455 2634">
     <span class='ocr_line' id='line_1_33' title="bbox 122 2530 1455 2582; baseline 0 -12"><span class='ocrx_word' id='word_1_318' title='bbox 122 2547 130 2560; x_wconf 86' lang='lat'><em>¹</em></span> <span class='ocrx_word' id='word_1_319' title='bbox 151 2540 271 2572; x_wconf 78' lang='lat' dir='ltr'>llabac.</span> <span class='ocrx_word' id='word_1_320' title='bbox 293 2552 326 2581; x_wconf 84' lang='lat' dir='ltr'>u,</span> <span class='ocrx_word' id='word_1_321' title='bbox 348 2539 381 2581; x_wconf 65' lang='grc'>4,</span> <span class='ocrx_word' id='word_1_322' title='bbox 402 2545 433 2571; x_wconf 80' lang='lat' dir='ltr'>et</span> <span class='ocrx_word' id='word_1_323' title='bbox 458 2543 550 2573; x_wconf 85' lang='lat' dir='ltr'>Rom.</span> <span class='ocrx_word' id='word_1_324' title='bbox 571 2530 723 2582; x_wconf 28' lang='lat'><strong>1‚⁷17.—</strong></span> <span class='ocrx_word' id='word_1_325' title='bbox 739 2547 750 2563; x_wconf 73' lang='lat'><em>³</em></span> <span class='ocrx_word' id='word_1_326' title='bbox 766 2541 877 2573; x_wconf 74' lang='lat' dir='ltr'>Matth.</span> <span class='ocrx_word' id='word_1_327' title='bbox 907 2553 974 2574; x_wconf 78' lang='lat' dir='ltr'>vui.</span> <span class='ocrx_word' id='word_1_328' title='bbox 995 2551 1047 2574; x_wconf 65' lang='lat'>22.</span> <span class='ocrx_word' id='word_1_329' title='bbox 1077 2559 1114 2563; x_wconf 86' lang='lat'>—-</span> <span class='ocrx_word' id='word_1_330' title='bbox 1138 2541 1148 2561; x_wconf 73' lang='lat'><em>³</em></span> <span class='ocrx_word' id='word_1_331' title='bbox 1170 2542 1281 2582; x_wconf 62' lang='lat' dir='ltr'>1³1›li‹·:.</span> <span class='ocrx_word' id='word_1_332' title='bbox 1305 2552 1333 2579; x_wconf 82' lang='lat' dir='ltr'>v,</span> <span class='ocrx_word' id='word_1_333' title='bbox 1359 2539 1455 2579; x_wconf 62' lang='lat'>14.—</span> 
     </span>
     <span class='ocr_line' id='line_1_34' title="bbox 48 2593 335 2634; baseline 0.003 -9"><span class='ocrx_word' id='word_1_334' title='bbox 48 2626 57 2631; x_wconf 70' lang='lat'><em>,</em></span> <span class='ocrx_word' id='word_1_335' title='bbox 76 2593 91 2621; x_wconf 74' lang='grc'><strong><em>4</em></strong></span> <span class='ocrx_word' id='word_1_336' title='bbox 112 2595 200 2625; x_wconf 75' lang='lat' dir='ltr'>Joanv</span> <span class='ocrx_word' id='word_1_337' title='bbox 224 2606 256 2634; x_wconf 91' lang='lat' dir='ltr'>v,</span> <span class='ocrx_word' id='word_1_338' title='bbox 281 2594 335 2626; x_wconf 70' lang='lat'>05.</span> 
     </span>
    </p>
   </div>
  </div>
 </body>
</html>
