1825 3214
302 212 343 237 m
378 208 552 237 soumis
585 208 894 245 numenium,
930 209 1075 236 amer.
1114 211 1173 236 ix.
1379 198 1430 236 47

45 285 108 320 est
127 278 137 302 ¹
159 296 170 333 3
195 275 313 319 unde
331 284 374 319 et
398 274 566 332 hydriae
592 275 801 318 dicuntur
827 292 847 314 «
879 273 1130 318 Secundum
1166 274 1434 334 purificatio-

50 366 69 388 »
105 361 204 390 nem
235 347 491 391 „ludaeorum
511 348 527 370 ²
555 364 564 390 :
607 364 625 386 »
661 344 735 389 sed
768 354 911 388 tamen
945 344 1065 404 quod
1098 345 1169 388 iila
1208 346 1433 404 prophetia

45 418 174 461 etiam
207 417 371 462 caeteris
396 416 598 476 gentibus
621 416 992 470 annuntiabatur,
1025 414 1305 460 manifestum
1338 426 1400 460 est
1423 436 1431 461 :

44 486 402 547 quandoquidem
426 487 622 531 Christus
646 486 689 529 in
707 501 758 529 eo
776 484 974 529 occultus
989 494 1108 539 erat,
1130 485 1173 528 in
1194 501 1283 544 quo
1303 485 1436 530 bene-

46 556 254 603 dicuntur
275 573 424 602 omnes
447 566 596 615 gentes
612 591 623 610 ‚
649 557 760 600 sieut
784 555 1041 615 promissum
1063 564 1126 600 est
1156 555 1344 599 Abrahae
1366 557 1434 600 di-

46 638 172 674 cente
204 629 389 673 Domino
421 648 429 673 :
474 648 493 671 «
531 631 580 672 ln
612 628 774 672 semine
813 637 888 671 tuo
935 626 1250 671 benedicentur
1287 643 1436 672 omnes

49 718 69 741 η
106 702 292 757 gente83.
319 719 337 740 »
365 700 568 744 Nondum
593 707 739 742 autem
762 696 1097 754 intelligebatur,
1124 698 1224 756 quia
1240 699 1435 742 nondum

47 785 159 830 aqua
200 785 405 815 conversa
439 778 531 813 erat
564 769 606 812 in
648 768 815 813 vinum.
844 770 959 826 Ergo
1000 768 1201 811 omnibus
1234 769 1437 827 gentibus

47 840 380 900 dispensabatur
397 840 640 899 prophetia.
662 839 791 892 Quod
816 848 865 882 ut
883 839 1069 882 emineat
1090 839 1330 898 jucundius
1346 875 1357 894 ‚
1383 839 1437 883 tle

47 911 227 970 singulis
243 899 463 964 aetatibusss
490 919 695 969 tanquam
717 910 773 952 de
809 909 989 967 singulis
1013 909 1176 966 hydriis
1194 944 1204 961 ‚
1227 926 1305 970 pro
1325 919 1437 955 tem-

48 997 152 1041 pore
173 980 377 1042 quaedam
398 996 805 1025 commemoremus.

106 1056 162 1097 X.
198 1056 247 1097 In
272 1053 364 1113 ipso
386 1052 562 1097 exordio
579 1087 590 1107 ‚
627 1051 766 1096 Adam
807 1061 850 1095 ct
886 1054 974 1095 Eva
1003 1061 1200 1110 parentes
1239 1054 1437 1097 omnium

49 1125 242 1183 gentium
273 1133 427 1178 erant,
463 1138 552 1168 non
588 1120 892 1166 tantummodo
927 1121 1182 1166 Judaeorum
1210 1142 1218 1167 ;
1243 1133 1286 1166 et
1313 1124 1440 1183 quid-

48 1194 156 1255 quid
177 1194 448 1253 figurabatur
481 1194 526 1238 in
549 1191 685 1238 Adam
710 1193 764 1236 de
786 1192 983 1247 Christo,
1019 1192 1074 1237 ad
1103 1209 1252 1237 omnes
1288 1195 1439 1254 utique

51 1274 199 1325 gentes
221 1265 492 1324 pertinebat,
517 1264 677 1324 quibus
701 1262 816 1308 salus
838 1272 900 1307 est
922 1264 967 1307 in
989 1264 1176 1308 Christo.
1199 1264 1312 1317 Quid
1336 1281 1439 1324 ergo

50 1336 320 1396 potissimum
342 1334 483 1379 dicam
500 1334 555 1379 de
568 1350 678 1394 aqua
697 1334 847 1392 primae
863 1333 1045 1391 hydriae,
1061 1335 1140 1378 nisi
1159 1334 1281 1394 quod
1299 1338 1440 1395 Apos-

50 1406 166 1452 tolus
183 1406 243 1450 ait
264 1407 318 1450 de
340 1406 480 1450 Adam
502 1415 546 1450 et
567 1406 684 1450 Eva?
699 1406 835 1450 Nemo
857 1406 973 1448 enim
992 1420 1060 1449 me
1082 1405 1197 1449 dicet
1221 1421 1350 1465 prave
1373 1407 1441 1449 in-

50 1476 262 1522 tellexisse
278 1512 290 1533 ,
315 1475 494 1537 quando
512 1475 784 1520 intellectum
817 1490 907 1519 non
929 1490 1075 1519 meum
1090 1510 1101 1531 ,
1137 1475 1212 1520 sed
1244 1475 1439 1536 Apostoli

50 1547 239 1608 profero.
265 1547 381 1592 Illud
405 1562 507 1607 ergo
530 1562 667 1591 unum
690 1555 907 1606 quantum
928 1547 1183 1604 mysterium
1199 1546 1253 1590 de
1266 1547 1440 1591 Christo

51 1620 270 1674 continet,
289 1617 411 1679 quod
432 1616 993 1676 commemoratApostolus
1006 1615 1153 1661 dicens
1174 1636 1182 1661 :
1203 1620 1294 1661 «Et
1311 1626 1441 1661 erunt

55 1708 75 1731 »
110 1690 201 1734 duo
224 1690 269 1733 in
284 1704 414 1733 carne
435 1704 521 1732 una
547 1704 558 1732 .·
584 1695 903 1732 sacramentum
926 1687 1008 1731 hoc
1031 1701 1236 1745 magnum
1261 1696 1324 1732 est
1340 1689 1389 1732 ⁴?
1416 1706 1436 1729 »

52 1763 174 1806 Etne
195 1761 291 1820 quis
306 1758 647 1817 magnitudinem
668 1760 792 1803 istam
805 1758 1060 1802 sacramenti
1074 1759 1119 1802 in
1138 1757 1440 1819 singulis-qui-

54 1831 224 1891 busque
257 1829 509 1874 hominibus
525 1843 677 1872 uxores
701 1827 962 1872 habentibus
983 1827 1248 1888 intelligeret
1269 1864 1280 1884 ,
1305 1848 1325 1872 «
1344 1831 1438 1889 Ego

55 1919 75 1942 »
103 1909 264 1955 autem,
282 1899 441 1960 inquit,
465 1899 565 1943 dico
587 1899 631 1942 in
653 1898 825 1944 Christo
847 1899 949 1943 etin
963 1898 1169 1944 Ecclesia.
1188 1921 1204 1941 »
1223 1899 1354 1953 Quod
1376 1910 1442 1945 est

53 1972 140 2017 hoc
152 1980 471 2016 sacramentum
489 1984 712 2028 magnum,
741 1988 761 2010 «
781 1970 921 2013 Erunt
937 1972 1028 2014 duo
1056 1969 1102 2013 in
1120 1986 1248 2014 carne
1275 1973 1394 2014 una?
1419 1990 1438 2012 »

53 2043 166 2088 Cum
178 2042 233 2086 de
250 2042 391 2106 Adam
406 2050 449 2085 et
463 2043 553 2085 Eva
572 2040 793 2100 Scriptura
806 2041 1022 2084 Geneseos
1033 2041 1303 2101 loqueretur,
1322 2041 1441 2086 unde

53 2122 235 2160 ventum
256 2121 319 2157 est
340 2112 396 2157 ad
428 2113 522 2156 haec
553 2112 719 2168 verba3
753 2130 772 2153 «
811 2114 1044 2171 Propterea
1073 2112 1286 2174 relinquet
1311 2115 1441 2159 homo

58 2204 78 2227 »
114 2193 280 2245 patrem
300 2193 344 2228 et
376 2192 557 2228 matrem
575 2217 586 2238 ‚
611 2192 655 2228 et
688 2182 929 2227 adhaerebit
953 2184 1077 2228 uxori
1103 2199 1192 2228 suae
1209 2220 1219 2240 ‚
1243 2195 1288 2229 et
1309 2194 1438 2230 erunt

58 2273 79 2298 »
115 2255 205 2300 duo
232 2255 277 2299 in
305 2269 434 2299 carne
456 2255 588 2298 una5.
617 2271 637 2294 »
665 2253 709 2298 Si
735 2269 838 2313 ergo
859 2254 1056 2299 Christus
1089 2254 1271 2300 adhaesit
1294 2256 1446 2301 Eccle-

56 2325 129 2371 siae
146 2361 157 2382 ,
184 2335 234 2371 ut
253 2334 394 2370 essent
420 2324 509 2370 duo
531 2324 577 2368 in
614 2339 743 2369 carne
765 2340 851 2368 una
865 2359 876 2380 ,
912 2324 1136 2385 quomodo
1158 2325 1335 2387 reliquit
1357 2343 1436 2387 pa-

58 2398 199 2441 trem?
221 2394 444 2457 quomodo
465 2396 680 2439 matrem?
702 2393 896 2455 Reliquit
919 2398 1091 2441 Patrem
1109 2431 1120 2452 ,
1145 2397 1250 2457 quia
1276 2412 1377 2442 cum
1395 2397 1441 2441 in

108 2509 116 2526 ι
141 2491 240 2525 Exod.
260 2502 310 2533 ιιι,
332 2499 387 2524 20.
409 2507 451 2515 -·
476 2497 490 2513 ²
517 2492 611 2523 Joan.
637 2501 671 2531 n,
685 2489 718 2523 6.
748 2506 790 2514 —
810 2488 824 2513 3
845 2493 925 2526 Gen.
957 2502 1036 2535 xxii,
1069 2493 1120 2526 18.
1148 2510 1187 2518 —·
1208 2493 1225 2525 6
1241 2494 1355 2537 Ephes.
1388 2505 1442 2535 ιιι,

61 2547 117 2591 31,
146 2547 200 2581 32.
220 2563 262 2571 —
278 2544 294 2571 ⁵
311 2548 393 2581 Gen.
411 2557 457 2588 ιι,
481 2554 535 2588 24.
