1809 3173
328 179 411 219 378
752 187 787 217 s,
822 186 1053 218 Ancum-nu
1084 189 1267 218 muscom

329 274 350 297 »
384 254 564 299 habebit
583 253 749 309 lumen,
772 272 793 296 »
813 254 982 300 addidit
1002 256 1134 311 enim,
1160 275 1181 299 «
1204 255 1338 313 Vitae3
1357 272 1378 297 »
1404 256 1517 300 sicut
1536 256 1597 300 ibi
1614 255 1710 301 dic-

326 336 419 371 tum
440 335 504 370 est
529 344 538 371 ι
564 326 776 380 Quoniam
799 327 915 387 apud
938 336 980 370 te
1004 327 1100 371 fons
1118 328 1233 371 vitae.
1261 328 1415 371 Videte
1432 328 1599 387 itaque,
1619 328 1709 373 fra-

328 407 411 442 tres
438 398 543 452 mci,
568 397 791 457 quomodo
813 399 944 441 verba
968 398 1135 441 Domini
1158 414 1258 442 cum
1282 398 1394 442 illius
1422 398 1575 442 Psalmi
1598 401 1711 443 veri-

325 478 413 513 tate
428 469 697 513 concordant
717 488 725 512 z
745 479 787 512 et
804 469 1026 512 ibilumen
1045 470 1234 527 positum
1258 479 1320 512 est
1340 486 1438 513 cum
1456 470 1575 513 fonte
1591 472 1708 527 vitae,

326 549 369 583 et
391 556 413 583 a
438 539 622 583 Domino
651 539 815 583 dietum
839 548 901 581 est
938 557 955 578 «
984 542 1152 582 Lumen
1174 540 1289 583 vitae.
1326 558 1346 579 »
1379 541 1538 584 inistis
1567 551 1712 585 autem

326 612 473 656 usibus
495 611 793 670 corporalibus
816 609 935 653 aliud
955 619 1018 654 est
1048 610 1214 665 lumen,
1241 610 1359 655 aliud
1391 610 1487 655 fons
1514 631 1522 655 ς
1548 611 1713 657 fontem

326 682 472 727 fauces
494 690 713 742 quaerunt,
740 681 886 724 lumen
910 682 1051 725 oculi:
1078 682 1255 742 quando
1278 683 1460 736 sitimus,
1479 683 1715 742 quaerimus

325 754 519 809 sontem,
545 752 723 812 quando
750 753 794 795 in
818 753 1007 796 tenebris
1030 769 1194 807 sumus,
1222 754 1457 813 quaerimus
1476 753 1648 812 lumen,
1673 764 1716 799 et

326 826 359 869 si
383 825 495 868 sorte
524 833 653 867 nocte
685 823 902 878 sitiamus,
928 823 1078 867 lumen
1103 824 1377 869 accendimus
1401 834 1450 868 ut
1472 826 1525 869 ad
1549 824 1715 870 sontem

327 895 566 938 veniamus.
593 896 691 938 Non
714 894 772 937 sic
791 893 908 953 apud
932 897 1068 937 Deum
1089 913 1097 938 :
1125 895 1246 954 quod
1272 895 1421 939 lumen
1444 905 1522 948 est,
1547 896 1632 939 hoc
1654 905 1717 940 est

330 964 428 1010 fons
451 984 459 1010 :
485 966 560 1025 qui
584 965 663 1009 tibi
687 967 803 1010 lucet
821 976 870 1010 ut
887 965 1055 1021 videas,
1072 965 1164 1026 ipse
1182 966 1260 1010 tibi
1278 976 1426 1010 manat
1446 976 1497 1010 ut
1520 966 1654 1012 bibas.

387 1038 463 1080 VI.
491 1035 657 1080 Videtis
679 1051 805 1095 ergo,
831 1035 985 1081 fratres
1003 1038 1109 1091 mei,
1136 1037 1313 1092 videtis,
1340 1038 1372 1082 si
1398 1039 1514 1082 intus
1536 1037 1714 1093 videtis,

330 1106 460 1167 quale
488 1107 572 1151 hoc
603 1107 755 1151 lumen
783 1117 845 1151 est
879 1107 934 1151 de
967 1123 1055 1168 quo
1078 1108 1290 1152 Dominus
1318 1108 1423 1152 dicit
1457 1127 1465 1152 :
1500 1127 1518 1149 «
1544 1109 1629 1161 Qui
1650 1123 1719 1152 me

332 1195 354 1219 »
389 1179 609 1239 sequitur,
636 1194 724 1222 non
754 1179 996 1223 ambulabit
1025 1179 1070 1222 in
1100 1180 1301 1223 tenebris.
1330 1197 1350 1221 »
1379 1182 1568 1239 Sequere
1589 1180 1719 1224 istum

331 1249 464 1294 solem
483 1285 493 1304 ,
537 1249 760 1294 videamus
792 1251 826 1294 si
859 1266 947 1294 non
985 1249 1228 1294 ambulabis
1270 1250 1315 1293 in
1357 1251 1564 1294 tenebris.
1607 1252 1720 1295 Ecce

331 1321 518 1365 oriundo
540 1322 626 1364 exit
643 1321 697 1364 ad
726 1331 768 1366 te
793 1340 801 1366 ε
827 1321 899 1365 ille
921 1337 1049 1365 cursu
1067 1337 1146 1365 suo
1169 1321 1223 1365 ad
1248 1322 1529 1366 Occidentem
1553 1322 1714 1381 pergit,

301 1417 306 1421 ³
330 1391 410 1436 tibi
427 1389 537 1435 forte
555 1391 608 1434 ad
626 1392 849 1435 Orientem
866 1390 1078 1451 profectio
1095 1401 1159 1436 est
1185 1411 1194 1436 ε
1220 1392 1297 1435 nisi
1325 1401 1373 1435 tu
1392 1392 1437 1435 in
1457 1392 1716 1437 contrariam

331 1471 499 1521 partem
521 1477 674 1521 pergas
690 1497 701 1516 ,
726 1457 815 1506 non
838 1477 924 1521 qua
947 1462 1022 1506 ille
1050 1463 1212 1518 tendit,
1245 1462 1467 1522 sequendo
1496 1478 1596 1506 eum
1619 1477 1719 1522 pro-

330 1532 447 1577 fecto
470 1533 646 1586 errabis,
673 1541 716 1576 et
737 1548 816 1591 pro
838 1533 1016 1576 Oriente
1032 1531 1315 1577 Occidentem
1331 1532 1510 1576 tenebis.
1539 1535 1602 1576 Tu
1619 1548 1720 1576 eum

333 1602 379 1646 in
398 1611 508 1646 terra
531 1603 564 1646 si
582 1602 795 1663 sequaris,
822 1604 982 1647 errabis
1010 1621 1018 1647 :
1039 1612 1171 1646 nauta
1194 1603 1224 1646 si
1245 1618 1345 1646 eum
1367 1603 1413 1646 in
1437 1603 1543 1646 mari
1564 1618 1720 1663 sequa-

334 1682 421 1728 tur,
440 1673 614 1717 errabit.
635 1677 858 1718 Postremo
876 1673 1049 1718 videtur
1067 1673 1145 1717 tibi
1168 1673 1440 1734 sequendum
1463 1688 1550 1717 esse
1566 1673 1716 1729 solem,

332 1753 375 1787 et
404 1744 545 1787 tendis
572 1744 702 1787 etiam
724 1744 815 1803 ipse
837 1743 891 1787 ad
923 1744 1222 1798 Occidentem,
1261 1761 1349 1805 quo
1372 1754 1415 1789 et
1442 1744 1514 1788 ille
1536 1744 1676 1788 tendit
1707 1763 1717 1789 ε

332 1815 557 1860 videamus
584 1830 684 1859 cum
717 1815 943 1869 occiderit,
974 1816 1008 1859 si
1042 1831 1131 1860 non
1157 1815 1401 1861 ambulabis
1434 1816 1479 1859 in
1510 1815 1715 1860 tenebris.

332 1886 443 1930 Vide
471 1886 845 1945 quemadmodum
872 1886 950 1929 etsi
976 1885 1165 1930 nolueris
1187 1902 1287 1929 eum
1309 1896 1359 1930 tu
1384 1886 1602 1942 deserere,
1627 1886 1720 1946 ipse

334 1967 376 2002 te
399 1957 587 2012 deseret,
613 1957 829 2002 servitutis
852 1973 940 2001 suae
968 1957 1218 2001 necessitate
1241 1973 1448 2016 peragens
1469 1958 1599 2001 diem.
1633 1961 1721 2002 Do-

334 2029 477 2072 minus
514 2037 661 2072 autem
696 2037 842 2072 noster
864 2031 986 2072 Jesus
1007 2028 1203 2072 Christus
1232 2028 1405 2071 interim
1430 2037 1473 2071 et
1503 2044 1604 2072 cum
1643 2043 1721 2087 per

335 2100 473 2143 carnis
496 2100 660 2143 nubem
681 2114 769 2143 non
792 2099 993 2142 omnibus
1017 2099 1272 2158 apparebat,
1297 2114 1373 2158 per
1395 2099 1616 2158 sapientiae
1638 2115 1719 2159 po-

335 2179 535 2214 testatem
558 2171 702 2214 omnia
736 2169 924 2213 tenebat.
954 2172 1068 2212 Deus
1092 2178 1194 2213 tuus
1227 2169 1394 2228 ubique
1417 2178 1535 2213 totus
1568 2178 1631 2213 est
1653 2188 1662 2214 :
1687 2170 1721 2214 si

337 2240 476 2284 abillo
499 2255 586 2284 non
606 2241 737 2284 facias
750 2255 913 2293 casum,
934 2255 1160 2300 nunquam
1175 2256 1197 2283 a
1212 2249 1254 2283 te
1270 2240 1360 2299 ipse
1377 2238 1479 2283 facit
1500 2255 1716 2284 occasum.

399 2313 493 2354 VII.
521 2328 540 2350 «
567 2311 650 2363 Qui
675 2326 776 2369 ergo
805 2326 894 2363 me,
924 2310 1092 2370 inquit,
1123 2311 1343 2370 sequitur,
1370 2326 1458 2354 non
1481 2309 1723 2355 ambulabit

341 2400 362 2422 »
398 2381 442 2424 in
460 2381 649 2424 tenebris
668 2415 678 2435 ,
704 2379 778 2423 sed
795 2380 975 2424 habebit
995 2381 1144 2424 lumen
1165 2381 1281 2424 vitae.
1306 2398 1325 2421 »
1352 2379 1479 2433 Quod
1497 2380 1692 2439 promisit
1706 2416 1717 2436 ,

341 2450 480 2496 futuri
501 2451 707 2511 temporis
736 2451 870 2495 verbo
900 2452 1071 2510 posuit:
1097 2467 1187 2495 non
1213 2451 1328 2494 enim
1351 2451 1438 2506 ait,
1463 2451 1595 2495 habet
1612 2486 1622 2503 ‚
1646 2450 1721 2496 sed

344 2541 365 2565 ‹<
386 2522 587 2577 habebit,
612 2522 754 2582 inquit
770 2557 781 2577 ,
805 2521 956 2566 lumen
976 2522 1091 2566 vitae.
1117 2540 1138 2564 »
1158 2522 1247 2567 Nec
1274 2521 1347 2579 ait²
1361 2531 1534 2578 tamen,
1553 2521 1629 2581 qui
1650 2536 1719 2565 se-
