1809 3173
366 239 451 278 236
798 248 832 279 s.
868 249 1097 279 Auens'nm
1129 251 1309 280 Episcom

423 317 542 359 XIV.
577 317 689 360 Ecce
718 315 936 361 videbitur
969 317 1108 361 forma
1143 317 1330 362 hominis
1359 333 1382 362 a
1405 317 1485 377 piis
1506 325 1549 362 et
1582 316 1745 377 impiis,

363 403 386 430 a
407 387 531 446 justis
557 395 599 429 et
622 387 674 430 ab
696 387 877 447 injustis,
905 404 927 431 a
951 387 1150 430 fidelibus
1169 396 1211 430 et
1233 388 1287 431 ab
1310 387 1577 443 infidelibus,
1596 405 1618 432 a
1642 403 1749 446 gau-

363 456 566 501 dentibus
591 466 633 500 et
654 472 677 500 a
705 456 1033 516 plangentibus,
1059 473 1082 500 a
1105 457 1275 501 confisis
1297 468 1341 502 et
1362 474 1385 502 a
1408 458 1598 503 confusis
1620 478 1629 503 ι
1651 474 1750 503 eece

362 527 596 573 videbitur.
621 530 733 572 Cum
760 529 847 572 visa
872 527 1003 571 fuerit
1023 526 1096 571 illa
1118 526 1257 572 forma
1276 529 1322 572 in
1338 528 1527 588 judicio,
1553 538 1596 573 et
1619 527 1751 573 fuerit

362 608 587 660 peractum
603 599 836 659 judicium,
863 599 938 642 ubi
968 598 1136 643 dictum
1157 608 1218 643 est
1249 619 1257 643 :
1287 619 1307 642 «
1333 603 1503 644 Patrem
1524 616 1612 645 non
1629 601 1751 661 judi-

365 688 386 712 »
421 685 517 714 care
532 685 814 730 quemquam,
835 669 908 713 sed
932 668 1287 730 omnejudicium
1314 669 1480 714 dedisse
1501 671 1629 726 Filio,
1658 690 1677 713 »
1695 672 1752 716 ob

362 741 469 795 hoc,
499 741 601 801 quia
632 740 766 784 Filius
793 740 1018 800 apparebit·
1040 741 1084 783 in
1113 739 1278 800 judicio
1303 741 1348 785 in
1376 741 1515 786 forma
1548 758 1681 802 quam
1703 758 1753 786 ex

364 812 490 856 nobis
515 813 694 870 accepit,
720 811 827 871 quid
855 821 1000 870 postea
1026 810 1226 855 futurum
1249 813 1341 855 est‘?
1370 812 1557 865 Quando
1582 812 1753 857 videbi-

366 892 435 926 tur
457 882 597 926 forma
623 883 718 936 Dei,
745 898 876 940 quam
893 883 1046 926 sitiunt
1074 898 1223 926 omnes
1246 882 1418 926 fideles?
1440 883 1616 943 quando
1637 883 1754 929 vide-

364 953 484 996 bitur
514 951 624 995 illud
655 952 775 1012 quod
804 962 892 996 crat
923 953 965 996 in
996 953 1207 1013 principio
1239 954 1430 996 Verbum
1450 989 1460 1008 ‚
1494 960 1602 998 Deus
1637 955 1754 1013 apud

365 1027 519 1077 Deum,
546 1038 621 1081 per
644 1023 763 1081 quod
787 1022 898 1067 facta
922 1032 1022 1066 sunt
1045 1023 1219 1067 omnia?
1241 1023 1418 1083 quando
1443 1024 1661 1068 videbitur
1682 1024 1754 1068 illa

365 1094 503 1139 forma
521 1094 619 1148 Dei,
649 1094 703 1138 de
726 1111 811 1154 qua
835 1095 939 1138 dicit
963 1094 1194 1154 Apostolus
1222 1114 1230 1139 ε
1262 1114 1280 1136 «
1306 1097 1419 1140 Cum
1447 1095 1490 1138 in
1511 1095 1651 1140 forma
1677 1096 1753 1139 Dei

368 1185 388 1208 »
425 1175 556 1220 esset,
582 1181 669 1209 non
693 1166 887 1224 rapinam
910 1166 1140 1210 arbitratus
1162 1175 1225 1210 est
1247 1181 1336 1210 esse
1355 1166 1531 1226 aequalis
1554 1169 1642 1211 Deo
1663 1169 1707 1210 1'1’
1731 1185 1751 1208 »

365 1240 522 1295 Magna
546 1237 662 1280 enim
681 1236 753 1280 illa
777 1235 915 1280 forma
940 1237 1016 1280 ubi
1032 1236 1174 1281 adbuc
1192 1236 1416 1296 aequalitas
1436 1238 1571 1280 Patris
1593 1247 1635 1281 et
1657 1236 1755 1281 Filii

367 1309 669 1366 cognoscitur:
687 1307 938 1360 ineffabilis,
964 1306 1431 1366 incomprehensibilis,
1457 1308 1641 1351 maxime
1653 1323 1754 1366 par-

364 1378 490 1422 vulis.
517 1378 702 1431 Quando
719 1377 967 1421 videbitur?
988 1380 1098 1420 Ecce
1116 1377 1170 1421 ad
1192 1376 1414 1420 dexteram
1431 1386 1532 1421 sunt
1551 1378 1671 1436 justi,
1698 1377 1754 1421 ad

365 1449 580 1492 sinistram
612 1458 712 1492 sunt
738 1448 892 1507 *injusti
920 1467 928 1491 :
955 1463 1102 1491 omnes
1131 1448 1290 1506 pariter
1321 1447 1724 1491 hominemvident
1741 1482 1752 1501 ‚

366 1516 504 1562 filium
524 1519 711 1563 bominis
733 1517 899 1571 vident,
928 1519 1001 1577 qui
1025 1526 1212 1577 punctus
1235 1526 1299 1561 est
1319 1516 1491 1571 vident,
1513 1518 1588 1576 qui
1610 1518 1753 1562 cruci-

365 1591 472 1634 fixus
504 1599 568 1634 est
599 1590 775 1644 vident,
801 1588 1080 1632 humiliatum
1108 1589 1284 1642 vident,
1325 1597 1478 1632 natum
1511 1603 1562 1631 ex
1590 1589 1756 1647 virgine

365 1661 542 1713 vident,
574 1662 747 1719 Agrium
772 1658 826 1702 de
859 1658 978 1702 tribu
1011 1658 1125 1702 Juda
1157 1658 1308 1702 vident
1343 1677 1351 1703 :
1385 1657 1578 1703 Verbum
1615 1661 1754 1702 Deum

366 1730 484 1790 apud
508 1733 646 1774 Deum
671 1729 850 1789 quando
873 1728 1114 1773 videbunt?
1136 1731 1232 1787 Ipse
1256 1728 1336 1772 erit
1362 1738 1405 1773 et
1429 1737 1547 1784 tunc,
1573 1727 1648 1773 sed
1672 1727 1757 1773 for-

365 1817 436 1844 ma
467 1800 579 1844 servi
601 1799 840 1859 apparebit.
873 1803 1031 1843 Forma
1053 1798 1163 1843 servi
1187 1799 1317 1843 servis
1345 1798 1714 1843 demonstrabitur
1743 1818 1753 1844 z

366 1872 504 1915 forma
526 1871 604 1914 Dei
628 1870 723 1914 filiis
747 1869 998 1913 servabitur.
1029 1869 1158 1912 Fiant
1179 1884 1282 1927 ergo
1300 1869 1410 1913 servi
1428 1869 1528 1927 filii3
1551 1871 1628 1929 qui
1656 1879 1759 1914 sunt

367 1943 422 1987 ad
444 1944 685 1997 dexteram,
712 1950 813 1985 eant
833 1941 877 1984 in
895 1949 1100 1984 aeternam
1123 1940 1421 1984 haereditatem
1444 1940 1547 1984 olim
1575 1942 1759 2000 promis-

367 2029 472 2068 sam,
497 2028 627 2073 quam
654 2028 743 2056 non
765 2011 960 2055 videntes
981 2014 1193 2068 Martyres
1215 2010 1517 2065 crediderunt,
1536 2027 1614 2070 pro
1635 2012 1759 2072 cujus

369 2086 651 2145 promissione
668 2084 924 2142 sanguinem
953 2098 1078 2126 suum
1104 2083 1193 2126 sine
1211 2082 1486 2126 dubitatione
1510 2081 1720 2127 fuderunt
1745 2103 1755 2128 z

370 2164 470 2199 eant
500 2154 604 2198 illue
627 2164 669 2198 et
698 2154 874 2198 videant
903 2152 979 2196 ibi.
1007 2152 1188 2205 Quando
1218 2152 1322 2197 illuc
1347 2153 1500 2197 ibunt?
1526 2153 1642 2197 dicat
1666 2153 1757 2212 ipse

369 2228 578 2271 Dominus
600 2246 608 2270 z
639 2245 658 2267 «
685 2227 752 2270 Sic
768 2226 895 2269 ibunt
916 2224 976 2268 illi
995 2225 1038 2267 in
1062 2224 1380 2268 ambustionem
1398 2233 1630 2280 aeternam,
1650 2225 1758 2284 justi

371 2315 391 2338 »
430 2307 574 2340 autem
596 2296 642 2339 in
663 2297 797 2340 vitam
816 2304 1023 2338 aeternam
1047 2296 1062 2319 2
1097 2315 1114 2335 »

426 2370 522 2411 XV.
559 2369 671 2410 Ecce
710 2366 840 2409 vitam
873 2374 1081 2408 aeternam
1119 2363 1373 2408 nominavit.
1416 2363 1641 2424 Numquid
1672 2363 1756 2408 hoc

368 2439 491 2483 nobis
511 2437 632 2492 dixit,
658 2437 759 2497 quia
782 2436 843 2480 ibi
861 2436 1104 2480 videbimus
1127 2445 1169 2480 et
1183 2450 1494 2494 cognoscemus
1520 2438 1692 2479 Patrem
1715 2445 1758 2480 et

373 2508 560 2553 Filium?
591 2507 706 2562 Quid
727 2508 759 2552 si
787 2508 979 2552 vivemus
1014 2509 1059 2553 in
1080 2516 1315 2563 aetcrnum‚
1341 2506 1417 2551 sed
1438 2506 1563 2551 illum
1586 2510 1755 2550 Patrem

420 2601 428 2617 ¹
452 2594 564 2637 Philip,
584 2605 618 2635 ιι,
637 2593 668 2625 G.
691 2611 731 2616 -
753 2601 765 2616 ²
786 2594 908 2625 Mami.
923 2604 998 2633 xxv,
1019 2592 1073 2634 46.

985 2684 1004 2700 ἱ
