1809 3173
381 215 464 256 234
818 225 852 257 s.
888 225 1116 256 AUGUSTINI
1147 228 1327 258 E1²1scox³1

385 312 404 335 »
439 291 560 337 dedit
586 290 717 338 Filio?
733 311 752 334 »
777 294 1098 352 Interrogemus
1115 302 1159 338 et
1182 297 1360 339 Petrum
1376 330 1387 351 ,
1408 296 1634 342 audiamus
1655 312 1755 343 eum

378 364 630 423 loquentem
659 364 703 408 in
737 363 930 423 Epistola
958 380 1065 409 sua:
1096 384 1116 406 «
1142 366 1336 410 Christus
1358 382 1436 426 pro
1464 368 1587 412 nobis
1611 384 1757 428 passus

382 453 402 476 »
438 443 522 489 est,
556 434 725 494 inquit,
752 435 997 494 relinquens
1020 437 1143 480 nobis
1163 438 1433 496 exemplum,
1460 448 1509 482 ut
1526 454 1758 499 sequamur

381 523 400 546 »
435 504 611 563 vestigia
630 506 745 565 ejus3
766 506 841 565 qui
861 516 1085 565 peccatum
1107 522 1195 551 non
1217 506 1319 552 fecit
1334 543 1345 562 ‚
1366 524 1446 553 nec
1465 508 1589 554 dolus
1612 510 1758 555 inven-

382 593 401 617 »
437 583 506 619 tus
528 585 592 620 est
613 576 658 620 in
681 591 754 621 ore
775 577 889 636 ejus3
913 577 988 635 qui
1016 591 1117 620 cum
1140 576 1486 633 malediceretur,
1507 594 1596 623 non
1616 595 1758 624 rema·-

382 663 402 688 »
437 645 673 700 ledicebat‚
698 661 798 691 cum
820 645 1019 706 injuriam
1038 646 1249 705 acciperet
1263 682 1274 702 ‚
1298 663 1389 692 non
1407 648 1670 703 minabatur,
1685 649 1760 694 sed

383 736 403 759 ι(
436 718 772 762 commendabat
793 716 852 761 illi
870 717 1248 778 quijustejudicat
1266 720 1296 762 ¹.
1321 736 1341 759 »
1361 719 1592 771 Quomodo
1608 735 1760 765 verum

380 797 443 833 est
467 789 569 848 quia
591 807 608 828 «
633 792 758 832 Pater
775 804 863 832 non
886 788 1054 848 judicat
1078 804 1367 848 quemquam,
1395 789 1470 834 sed
1491 806 1625 834 omne
1644 791 1762 850 judi-

382 876 403 900 »
438 859 554 902 cium
573 858 692 902 dedit
711 857 846 902 Filio?
864 876 884 900 »
905 859 1149 903 Turbamur
1170 859 1239 903 hic
1254 893 1265 913 ‚
1290 859 1452 903 turbati
1470 859 1730 905 desudemus
1746 895 1757 916 ‚

379 929 639 974 desudantes
655 944 907 988 purgemur.
925 931 1146 975 Conemur
1164 939 1424 991 utcumque,
1445 931 1635 975 donante
1649 932 1758 991 ipso,

378 1009 605 1059 penetrare
625 1000 711 1045 alta
732 1010 895 1045 secreta
916 1001 1150 1046 verborum
1167 1002 1364 1046 istorum.
1388 1005 1566 1046 Temere
1582 1002 1762 1047 fortasse

378 1069 561 1116 facimus
578 1106 589 1126 ‚
623 1071 726 1132 quia
753 1072 969 1116 discutere
999 1081 1042 1117 et
1069 1073 1251 1117 scrutari
1283 1072 1484 1118 volumus
1511 1073 1642 1118 verba
1665 1075 1758 1118 Dei.

378 1144 436 1186 Et
456 1156 592 1200 quare
614 1142 728 1187 dicta
751 1151 874 1197 sunt,
903 1142 984 1186 nisi
1016 1152 1065 1187 ut
1094 1143 1309 1187 sciantur?
1337 1158 1472 1204 quare
1493 1153 1758 1199 sonuerunt,

378 1211 460 1257 nisi
492 1220 541 1255 ut
572 1211 832 1256 audiantur?
851 1227 983 1272 quare
1011 1212 1159 1257 audita
1188 1222 1315 1268 sunt,
1337 1214 1416 1257 nisi
1439 1222 1490 1257 ut
1512 1212 1761 1272 intelligan-

380 1285 480 1328 tur?
497 1281 726 1328 Consortet
746 1298 847 1341 ergo
869 1299 947 1328 nos
964 1319 975 1338 ‚
999 1293 1042 1327 et
1062 1283 1195 1328 donet
1217 1284 1341 1328 nobis
1364 1284 1529 1344 aliquid
1547 1293 1762 1344 quantum

377 1353 468 1413 ipse
490 1353 696 1411 dignatur
718 1372 726 1398 ε
751 1362 794 1397 et
814 1353 848 1397 si
881 1354 1078 1397 nondum
1106 1363 1383 1413 penetramus
1411 1354 1467 1398 ad
1492 1354 1681 1410 fontem,
1707 1354 1762 1399 de

379 1423 522 1470 rivulo
542 1424 758 1470 bihamus,
784 1426 897 1469 Ecce
917 1424 1006 1483 ipse
1023 1427 1211 1469 Joannes
1231 1425 1356 1469 nobis
1374 1434 1581 1485 tanquam
1599 1424 1762 1470 rivulus

378 1495 595 1539 emanavit
610 1530 621 1549 ,
646 1494 849 1553 perduxit
870 1494 925 1538 ad
946 1510 1022 1539 nos
1045 1494 1100 1538 de
1122 1495 1209 1539 alto
1235 1494 1428 1539 Verbum
1445 1530 1456 1550 ,
1487 1495 1730 1541 humiliavit
1746 1531 1758 1551 ,

377 1573 422 1608 et
438 1563 629 1625 quodam
643 1564 776 1610 modo
797 1566 964 1621 stravit,
979 1574 1029 1609 ut
1051 1581 1140 1610 non
1163 1566 1412 1610 horreamus
1429 1563 1583 1621 altum,
1599 1565 1676 1610 sed
1696 1581 1762 1610 ac-

377 1634 580 1679 cedamus
602 1634 657 1679 ad
680 1634 905 1679 humilem.

434 1707 559 1749 XIII.
585 1707 775 1751 Omnino
801 1715 865 1750 est
892 1705 1070 1765 quidam
1102 1703 1349 1750 intellectus
1379 1719 1530 1760 verus,
1551 1703 1674 1750 fortis
1691 1739 1702 1760 ‚
1727 1705 1761 1750 si

376 1792 464 1837 quo
484 1776 615 1820 modo
632 1791 732 1821 eum
756 1785 901 1821 tenere
918 1791 1144 1835 possumus
1160 1810 1171 1830 ‚
1194 1775 1296 1835 quia
1315 1794 1335 1819 «
1353 1779 1480 1819 Pater
1495 1791 1583 1819 non
1594 1775 1762 1834 judicat

379 1865 399 1889 »
435 1862 700 1907 quemquam
714 1881 724 1901 ‚
746 1845 820 1890 sed
838 1861 967 1890 omne
979 1846 1193 1906 judicium
1210 1845 1331 1889 dedit
1348 1845 1473 1890 Filio.
1495 1864 1514 1888 »
1534 1848 1628 1890 Hoc
1645 1846 1760 1890 enim

377 1917 544 1965 dietum
566 1927 654 1973 est,
680 1918 781 1978 quia
803 1916 1053 1962 hominibus
1075 1916 1120 1959 in
1139 1915 1306 1975 judicio
1329 1932 1417 1960 non
1440 1917 1663 1975 apparebit
1680 1917 1761 1961 nisi

378 1989 513 2034 Filius
529 1990 561 2033 ².
584 1992 709 2033 Pater
727 1987 923 2033 occultus
944 1989 1044 2041 erit,
1066 1986 1203 2030 Filius
1220 1984 1484 2030 manifestus.
1507 1989 1557 2030 In
1570 2002 1662 2045 quo
1681 1987 1761 2031 erit

378 2061 512 2105 Filius
534 2059 819 2104 manifestus?
840 2059 885 2102 in
907 2057 1047 2102 forma
1070 2074 1155 2117 qua
1177 2056 1386 2101 ascendit.
1417 2059 1525 2102 Nam
1548 2057 1593 2100 in
1619 2056 1760 2102 forma

378 2133 455 2177 Dei
476 2147 576 2177 cum
600 2136 726 2176 Patre
745 2130 933 2176 occultus
956 2138 1040 2184 est,
1061 2130 1105 2174 in
1124 2128 1261 2173 forma
1278 2129 1387 2172 servi
1403 2128 1652 2173 hominibus
1669 2144 1761 2174 ma-

378 2203 575 2248 nifestus.
600 2222 619 2244 «
634 2205 766 2248 Non»
782 2216 883 2259 ergo
898 2204 1056 2245 «Pater
1070 2199 1531 2259 judicatquemquam,
1546 2200 1621 2244 sed
1633 2214 1762 2244 omne

381 2292 402 2316 n
432 2273 646 2334 judicium
672 2272 793 2317 dedit
821 2271 955 2325 Filio,
979 2290 998 2313 »
1021 2270 1095 2314 sed
1117 2269 1392 2314 manifestum
1414 2289 1423 2315 ε
1443 2269 1488 2314 in
1512 2285 1600 2330 quo
1625 2270 1763 2314 mani-

379 2344 490 2388 festo
507 2343 672 2404 judicio
695 2343 830 2386 Filius
848 2340 1076 2401 judicabit,
1094 2341 1196 2400 quia
1216 2340 1304 2399 ipse
1320 2340 1566 2399 judicandis
1584 2356 1764 2399 appare-

380 2415 460 2459 bit.
493 2414 746 2460 Evidentius
774 2413 900 2458 nobis
928 2412 1115 2457 ostendit
1140 2411 1381 2470 Scriptura,
1402 2411 1505 2471 quia
1525 2412 1615 2471 ipse
1633 2426 1764 2470 appa—

381 2485 507 2531 rebit.
519 2484 855 2543 Quadragesimo
872 2483 942 2527 die
959 2491 1056 2543 post
1066 2481 1422 2526 resurrectionem
1436 2497 1557 2527 suam
1570 2481 1764 2528 ascendit

430 2579 440 2594 ¹
468 2583 480 2603 1
498 2573 584 2604 Petr.
602 2582 640 2612 11,
655 2579 710 2604 21.
730 2586 772 2594 -
787 2577 801 2594 ²
820 2569 839 2612 4
855 2570 961 2611 86ηῐ.,
979 2568 1054 2603 dist.
1071 2567 1128 2610 48,
1148 2578 1220 2610 cap,
1240 2565 1311 2599 Sed
1323 2577 1409 2600 cum.
