1825 3214
296 224 339 250 ιΝ
373 221 546 250 soumis
578 220 886 260 animumn,
908 222 1051 251 TnAcr.
1089 226 1193 251 xxx.
1361 212 1444 252 345

57 288 128 333 die
144 286 310 332 sabbati
329 288 494 332 salvum
521 286 598 330 t'cci
622 287 866 341 hominem,
889 288 1118 331 irascimini
1144 289 1263 333 mihi.
1293 292 1447 334 Perso-

57 358 212 404 naliter
229 358 432 419 judicatis
450 393 460 412 ,
492 357 716 401 veritatem
743 356 968 402 attendite.
1000 362 1089 417 Ego
1119 376 1207 404 non
1244 376 1312 404 mc
1336 377 1449 420 pra·-

58 430 150 475 sero
173 430 335 488 Moysi,
358 431 412 473 ait
439 430 648 473 Dominus
665 465 675 484 ,
701 429 776 490 qui
800 438 892 473 erat
913 439 955 474 et
982 430 1113 489 ipsius
1135 433 1274 489 Moysi
1301 435 1449 477 Domi-

59 518 154 547 nus.
185 503 251 546 Sic
274 500 484 545 attenditc
507 500 730 561 quomodo
760 501 957 546 homines
980 518 1057 546 nos
1080 502 1215 558 duos,
1244 513 1450 564 tanquam

58 573 207 618 ambos
232 573 429 616 homines
453 592 461 617 :
489 571 684 631 judicate
706 572 820 616 inter
842 588 940 627 nos,
968 572 1041 617 scd
1061 589 1211 617 verum
1236 575 1449 634 judicium

52 644 246 705 judicate
273 663 281 687 :
309 643 445 688 nolite
468 658 537 688 me
560 644 774 688 honorato
799 642 922 687 illum
947 643 1177 699 damnare,
1204 644 1277 689 scd
1300 645 1374 689 illo
1392 646 1452 690 in-

60 715 236 760 tellecto
259 731 327 759 mc
350 716 576 760 honorate.
600 718 692 760 Hoc
708 715 823 759 enim
838 717 897 760 eis
911 716 995 761 alio
1010 716 1106 761 loco
1125 716 1248 772 dixit,
1271 738 1287 757 «
1310 719 1349 762 Si
1366 734 1452 762 crc-

63 806 81 827 »
105 787 264 830 deretis
293 787 459 844 Moysi,
495 786 725 831 crederetis
756 787 908 847 utique
943 796 986 832 et
1016 788 1150 846 mihi3
1174 788 1229 832 de
1247 804 1316 833 me
1337 790 1452 833 enim

61 876 81 898 »
100 856 173 901 ille
195 857 433 917 scripsit¹.»
451 857 534 902 Sed
548 857 741 902 hocloco
755 858 897 903 noluit
916 859 997 903 hoc
1013 859 1171 915 dicere,
1188 869 1395 921 tanquam
1410 876 1453 905 sc

59 937 103 972 et
120 930 273 986 Moyse
295 937 395 973 ante
419 928 515 972 illos
538 929 799 973 constitutis.
828 933 1009 989 Propter
1023 933 1183 990 Legem
1206 933 1346 990 Moysi
1367 933 1453 977 cir-

59 999 332 1053 cumciditis,
372 999 550 1059 quando
586 1001 715 1044 etiam
746 1001 978 1045 sabbatum
1019 1003 1282 1060 occurrerit,
1308 1016 1350 1048 et
1372 1020 1453 1063 ego

59 1071 295 1117 sanitatum
318 1070 615 1116 faciendarum
637 1072 969 1116 beneficentiam
993 1089 1082 1117 non
1109 1074 1242 1118 vultis
1264 1084 1313 1118 ut
1335 1076 1454 1119 exhi-

59 1143 186 1187 beam
209 1157 287 1202 per
304 1142 564 1186 sabbatum?
581 1143 692 1196 Quia
710 1143 919 1188 Dominus
941 1145 1281 1190 circumcisionis
1303 1155 1346 1190 et
1364 1150 1454 1192 Do-

59 1213 203 1258 minus
224 1213 419 1268 sabbati,
439 1213 587 1258 salutis
610 1222 673 1258 est
696 1222 847 1258 auctor
870 1234 877 1258 :
899 1224 942 1259 et
961 1215 1129 1260 servilia
1152 1232 1283 1276 opera
1305 1219 1455 1277 prohi-

61 1286 141 1330 biti
159 1286 257 1330 estis
274 1285 418 1330 facere
440 1286 650 1343 sabbato3
672 1286 705 1330 si
728 1302 828 1330 vere
851 1286 1100 1347 intelligatis
1116 1289 1283 1334 servilia
1302 1306 1450 1350 opera,

60 1372 150 1402 non
172 1358 375 1417 peccatis.
407 1376 426 1398 «
447 1357 527 1410 Qui
550 1357 666 1401 enim
687 1356 789 1401 facit
814 1368 1040 1417 peccatum
1059 1395 1070 1414 ,
1098 1375 1247 1405 servus
1272 1370 1336 1405 est
1359 1377 1455 1421 pcc-

64 1446 84 1469 »
119 1428 204 1473 cati
220 1431 253 1470 Ἰ.
276 1428 537 1487 »Numquid
558 1427 711 1472 servile
734 1444 842 1488 opus
866 1438 944 1485 est,
971 1430 1191 1474 hominem
1213 1447 1361 1476 sanare
1378 1449 1455 1492 per

61 1500 326 1546 sabbatum?
362 1500 633 1544 manducatis
671 1510 713 1545 et
751 1501 919 1557 bibitis,
945 1505 1020 1560 (ut
1042 1503 1208 1563 aliquid
1239 1504 1380 1549 dicam
1404 1521 1454 1549 ex

63 1573 359 1617 admonitione
371 1572 544 1616 Domini
563 1574 698 1616 nostri
717 1575 820 1618 Jesu
839 1575 1015 1630 Christi,
1031 1585 1073 1620 et
1092 1591 1141 1619 ex
1160 1576 1299 1620 verbis
1322 1578 1456 1637 ejus‚)

62 1644 217 1704 utique
239 1659 374 1703 quare
396 1643 667 1688 manducatis
696 1653 739 1687 et
774 1645 922 1690 bibitis
946 1646 991 1689 in
1021 1646 1224 1701 sabbato,
1251 1648 1332 1692 nisi
1354 1648 1456 1709 quia

63 1715 252 1775 pertinet
269 1713 323 1759 ad
341 1713 523 1758 salutem
547 1713 668 1773 quod
692 1713 954 1759 facitispl'er
973 1716 1057 1761 hoc
1082 1717 1307 1762 ostenditis
1326 1734 1456 1778 opera

64 1785 213 1831 salutis
234 1800 323 1829 non
345 1799 433 1828 esse
461 1783 554 1828 ullo
587 1783 720 1828 modo
756 1785 826 1829 die
857 1786 1027 1831 sabbati
1050 1787 1309 1833 omittenda.
1341 1792 1456 1848 Ergo

68 1877 88 1899 «
113 1855 258 1902 Nolite
273 1854 556 1915 personaliter
574 1854 793 1914 judicare,
818 1857 894 1900 sed
916 1866 1083 1902 rectum
1103 1859 1320 1918 judicium
1339 1860 1456 1920 judi-

68 1946 88 1969 »
124 1935 234 1971 cate.
263 1944 284 1967 »
321 1924 546 1969 Attendite
584 1939 654 1968 me
686 1926 909 1985 quomodo
948 1928 1173 1973 hominem
1190 1966 1201 1984 ,
1243 1931 1457 1976 attendite

67 2002 250 2056 Moysen
286 1996 510 2057 quomodo
533 1996 758 2040 hominem
784 2018 793 2043 ι
819 1999 853 2042 si
875 1999 1117 2045 secundum
1144 2002 1369 2047 veritatem
1386 2005 1459 2063 ju-

68 2069 245 2123 dicetis,
286 2081 430 2125 neque
464 2070 647 2124 Moysen
665 2102 675 2121 ,
708 2083 851 2129 neque
891 2086 960 2114 me
995 2071 1342 2117 condemnabitis
1370 2094 1377 2119 :
1417 2083 1460 2119 et

68 2141 251 2185 veritate
268 2139 439 2196 cognita
460 2153 528 2182 me
547 2141 815 2196 cognoscetis
832 2162 843 2199 3
868 2143 968 2202 quia
985 2159 1065 2203 ego
1088 2160 1184 2189 sum
1205 2144 1360 2190 veritas
1375 2148 1406 2190 ³.

128 2214 228 2255 Vll.
270 2213 363 2254 Hoc
387 2210 539 2253 vitium
555 2244 565 2263 ,
595 2209 747 2255 fratres
764 2247 775 2267 ,
805 2213 926 2274 quod
951 2216 1161 2260 Dominus
1185 2218 1350 2262 notavit
1377 2219 1461 2263 hoc

70 2283 168 2328 loco
183 2317 194 2337 ,
219 2280 403 2325 evadere
424 2280 469 2323 in
498 2280 581 2324 hoc
603 2281 764 2326 saeculo
786 2285 932 2343 magni
955 2285 1116 2331 laboris
1139 2297 1203 2332 est
1218 2324 1228 2344 ‚
1249 2304 1339 2333 non
1359 2305 1462 2349 per-

71 2351 276 2398 sonaliter
293 2350 512 2411 judicarc,
540 2350 614 2394 sod
642 2361 807 2397 rectum
828 2355 1042 2414 judicium
1074 2352 1273 2404 retinere.
1303 2360 1460 2405 Admo-

72 2423 169 2467 nuit
197 2421 375 2482 quidem
405 2421 617 2465 Dominus
640 2421 838 2479 Judaeos‚
876 2425 953 2471 sed
974 2429 1146 2473 monuit
1165 2439 1208 2474 et
1230 2446 1306 2475 nos
1330 2450 1338 2475 ε
1364 2429 1460 2475 illos

73 2492 262 2538 convicit
278 2527 289 2548 ,
314 2506 392 2536 nos
413 2491 615 2536 instruxit
639 2511 648 2537 z
673 2492 770 2538 illos
793 2494 1029 2556 redarguit,
1055 2516 1133 2546 nos
1151 2501 1335 2546 exacuit.
1362 2504 1460 2545 Non

123 2584 133 2599 ¹
153 2579 244 2609 Joan.
263 2587 297 2619 v,
316 2574 372 2618 46.
395 2592 437 2599 -
457 2582 470 2598 ²
489 2575 535 2607 Id.
557 2585 626 2617 vm,
644 2576 694 2617 34.
718 2595 760 2602 —-
781 2577 793 2602 3
813 2579 859 2611 ld.
880 2591 948 2622 xiv,
968 2581 1000 2615 6.
