1809 3173
356 173 442 214 246
794 182 829 213 S.
863 182 1094 214 Aucus’nm
1124 187 1307 214 Emscom

352 250 580 305 habentes,
598 250 759 294 mortui
775 250 918 309 potius
935 249 1176 310 deputandi
1197 253 1338 295 sunt1.
1357 253 1415 295 Et
1431 259 1576 296 tamen
1598 253 1737 310 agitur

353 320 499 365 adhuc
518 320 625 365 hora
646 320 739 365 ista.
766 322 864 365 Non
880 320 998 365 enim
1023 321 1127 365 hora
1150 320 1203 365 de
1222 338 1307 381 qua
1324 321 1497 367 locutus
1514 331 1577 366 est
1591 323 1738 367 Domi-

352 407 434 435 nus
449 426 460 447 ,
486 406 573 435 una
596 391 674 435 erit
696 391 800 435 hora
824 390 878 435 de
901 391 1133 435 duodecim
1157 393 1272 436 horis
1295 393 1423 436 unius
1446 391 1546 436 diei.
1572 395 1635 437 Ex
1649 409 1737 453 quo

367 470 523 507 ocutus
545 470 609 506 est
631 477 769 522 usque
793 461 847 505 ad
869 462 952 506 hoc
976 471 1170 521 tempus,
1192 472 1235 506 et
1257 479 1396 523 usque
1418 463 1473 507 ad
1495 464 1625 507 finem
1655 479 1737 507 sae-

348 531 436 577 culi
453 567 465 587 ‚
490 532 580 592 ipsa
610 548 696 576 una
730 533 836 576 hora
865 532 1029 590 agitur,
1055 531 1110 575 de
1133 548 1218 592 qua
1250 532 1356 577 dicit
1379 533 1424 578 in
1447 532 1641 592 Epistola
1662 549 1736 578 sua

351 606 540 649 Joannes
561 622 570 648 ε
598 622 617 645 «
640 601 807 656 Filioli,
829 601 1057 645 novissima
1074 603 1181 646 hora
1202 612 1266 647 est
1285 604 1317 646 ².
1342 621 1361 644 »
1383 606 1500 662 Ergo
1519 619 1636 647 nunc
1655 614 1732 648 est.

349 674 431 727 Qui
453 674 579 728 vivit,
605 673 722 716 vivat
742 691 750 716 ε
772 672 847 731 qui
870 681 1070 715 mortuus
1103 682 1194 716 erat
1211 707 1222 727 ,
1246 673 1392 730 vivat3
1417 672 1564 717 audiat
1583 689 1736 718 vocem

350 743 449 788 Filii
472 744 548 787 Dei
571 743 647 803 qui
670 751 867 786 mortuus
892 742 1066 801 jacebat
1081 777 1092 798 ‚
1127 753 1303 801 surgat,
1330 752 1372 787 et
1410 744 1541 789 vivat.
1562 743 1736 789 Clama-

349 814 414 859 vit
435 813 646 858 Dominus
668 811 722 855 ad
741 811 988 871 sepulcrum
1010 812 1181 867 Lazari,
1203 822 1246 856 et
1278 813 1596 872 quatriduanus
1626 829 1736 858 mor-

347 894 450 929 tuus
473 884 702 927 resurrexit
718 885 748 926 3.
771 883 853 936 Qui
886 883 1096 942 putebat3
1116 884 1161 928 in
1183 899 1305 927 auras
1327 886 1531 943 processit
1552 903 1560 929 :
1585 884 1737 943 sepul-

346 964 416 999 tus
447 963 564 1009 erat,
591 953 697 1013 lapis
725 953 1020 1014 superpositus
1053 963 1172 1009 erat,
1204 969 1286 998 vox
1319 953 1549 999 Salvatoris
1581 954 1738 1014 irrupit

344 1026 549 1070 duritiam
571 1023 725 1084 lapidis
747 1043 755 1069 :
776 1033 818 1068 et
839 1040 913 1068 cor
936 1032 1062 1068 tuuu1
1084 1023 1141 1068 ita
1167 1023 1329 1068 durum
1355 1033 1440 1079 est,
1464 1033 1516 1068 ut
1536 1024 1736 1069 nondum

344 1096 416 1140 illa
433 1112 518 1141 vox
540 1095 686 1140 divina
710 1104 751 1139 te
774 1103 962 1154 rumpat.
988 1096 1122 1152 Surge
1147 1095 1192 1138 in
1209 1095 1338 1139 corde
1355 1104 1433 1138 tuo
1447 1129 1458 1150 ,
1479 1094 1666 1154 procede
1684 1094 1738 1139 de

345 1167 545 1227 sepulcro
567 1176 660 1211 tuo.
686 1166 862 1210 Etenim
891 1174 1090 1209 mortuus
1123 1165 1169 1208 in
1198 1165 1328 1210 corde
1355 1175 1433 1210 tuo
1463 1175 1670 1225 tanquam
1693 1166 1739 1210 in

348 1238 546 1297 sepulcro
573 1237 773 1298 jacebas,
809 1245 851 1280 et
884 1245 1090 1295 tanquam
1126 1252 1226 1279 saxo
1259 1235 1384 1279 malae
1412 1235 1739 1280 consuetudinis

349 1308 608 1367 gravabaris.
638 1309 772 1365 Surge
799 1315 842 1350 et
859 1306 1059 1365 procede.
1087 1305 1198 1358 Quid
1229 1315 1314 1360 est,
1344 1308 1501 1364 Surge,
1527 1314 1569 1349 et
1591 1321 1740 1365 proce-

350 1377 430 1422 de‘?
452 1376 612 1431 Crede,
638 1386 679 1420 et
702 1377 924 1420 confitere.
950 1375 1036 1428 Qui
1058 1376 1173 1419 enim
1195 1375 1402 1431 credidit,
1429 1377 1643 1425 surrexit:
1664 1377 1740 1436 qui

350 1448 607 1501 confitetur,
628 1446 852 1505 processit.
878 1448 1022 1498 Quare
1044 1446 1297 1504 processisse
1319 1445 1507 1489 diximus
1528 1445 1741 1490 confiten-

350 1515 466 1563 tem?
503 1517 614 1571 Quia
648 1526 884 1577 antequam
917 1516 1220 1571 confiteretur,
1261 1515 1458 1560 occultus
1492 1525 1614 1560 erat:
1639 1531 1741 1560 cum

350 1598 497 1633 autern
520 1588 769 1642 confitetur,
795 1585 990 1646 procedit
1013 1587 1068 1630 de
1089 1587 1280 1630 tenebris
1304 1587 1358 1631 ad
1380 1586 1539 1631 lucem.
1562 1590 1618 1631 Et
1640 1602 1740 1631 cum

352 1658 573 1704 confessus
598 1657 750 1713 fuerit,
776 1656 883 1718 quid
912 1657 1070 1700 dicitur
1091 1656 1324 1701 ministris?
1346 1656 1467 1717 quod
1489 1656 1656 1701 dictum
1679 1665 1742 1700 est

353 1729 409 1774 ad
433 1728 563 1773 funus
585 1730 754 1783 Lazari,
781 1748 800 1769 «
824 1726 986 1772 Solvite
1004 1727 1152 1782 illum,
1186 1736 1229 1770 et
1249 1727 1374 1771 sinite
1392 1727 1512 1771 abire
1530 1727 1561 1770 4.
1585 1745 1605 1768 »
1628 1731 1744 1780 Quo-

351 1799 511 1845 modo?
544 1800 713 1842 Dictum
741 1807 804 1841 est
832 1797 1035 1841 ministris
1071 1793 1314 1856 Apostolis:
1346 1800 1499 1851 «Quae
1533 1797 1743 1842 solveritis

356 1888 377 1911 »
412 1870 457 1913 in
476 1879 610 1923 terra,
637 1867 777 1911 soluta
800 1876 929 1911 erunt
951 1876 994 1910 et
1014 1867 1058 1910 in
1081 1867 1267 1911 coelo‘.»

411 1941 535 1983 VIII.
575 1958 595 1980 «
630 1937 760 1981 Venit
781 1938 888 1980 liora
906 1972 916 1991 ,
944 1945 986 1980 et
1016 1952 1134 1980 nunc
1165 1945 1254 1991 est,
1285 1935 1464 1996 quando
1487 1936 1648 1980 mortui
1667 1952 1744 1980 au-

358 2028 379 2051 »
415 2008 537 2053 dient
555 2023 705 2053 vocem
726 2007 823 2051 Filii
840 2007 931 2061 Dei,
948 2015 991 2050 et
1007 2006 1082 2066 qui
1101 2005 1317 2049 audierint
1338 2005 1487 2050 vivent
1509 2007 1541 2048 6.
1571 2024 1591 2046 »
1619 2005 1745 2050 Unde

351 2079 533 2124 vivent?
554 2069 608 2123 de
631 2079 733 2123 vita.
754 2081 814 2122 De
836 2094 922 2137 qua
940 2078 1054 2121 vita?
1071 2076 1125 2120 de
1147 2077 1335 2122 Christo.
1362 2075 1488 2120 Unde
1507 2077 1743 2135 probamus

355 2150 456 2211 quia
479 2150 534 2194 de
557 2150 645 2194 vita
668 2149 874 2194 Christo?
901 2167 919 2189 «
945 2150 1038 2206 Ego
1061 2162 1155 2191 sum
1173 2182 1184 2202 ‚
1220 2147 1377 2207 inquit,
1403 2147 1495 2201 via,
1521 2147 1678 2190 veritas
1701 2155 1745 2191 et

357 2239 378 2263 »
413 2221 500 2266 vita
524 2222 555 2264 ⁷.
585 2238 604 2262 »
626 2220 863 2265 Ambulare
884 2219 974 2263 vis?
991 2235 1071 2278 ego
1090 2234 1186 2263 sum
1209 2219 1289 2263 via.
1312 2217 1423 2262 Falli
1440 2233 1529 2261 non
1547 2218 1636 2262 vis?
1658 2232 1739 2276 ego

353 2307 450 2336 sum
471 2291 644 2336 veritas.
663 2281 789 2336 'Mori
811 2306 901 2334 non
927 2290 1019 2335 vis?
1047 2305 1125 2348 ego
1148 2304 1244 2334 sum
1276 2289 1378 2333 vita.
1417 2290 1510 2333 Hoc
1532 2287 1639 2332 dicit
1661 2287 1742 2332 tibi

357 2362 553 2409 Salvator
574 2371 675 2406 tuus
701 2381 709 2406 z
737 2364 835 2407 Non
858 2370 920 2405 est
937 2377 1024 2421 quo
1043 2376 1112 2405 eas
1129 2396 1139 2416 ,
1161 2360 1241 2404 nisi
1265 2358 1319 2403 ad
1340 2374 1433 2410 me;
1460 2374 1549 2403 non
1571 2367 1634 2402 est
1656 2374 1742 2418 qua

402 2465 411 2482 ¹
435 2458 549 2490 Jacob.
569 2469 604 2500 ιι,
626 2470 676 2500 ¹9·
695 2475 735 2480 —
755 2464 767 2479 ²
790 2469 802 2488 1
824 2460 915 2489 Joan.
937 2469 971 2495 n,
997 2469 1048 2499 19.
1070 2474 1111 2480 —
1132 2455 1145 2479 3
1163 2459 1254 2488 Joan.
1278 2467 1320 2496 xi,
1340 2455 1393 2497 43.
1416 2472 1457 2478 -—
1477 2454 1493 2484 4
1514 2455 1598 2487 lbid.
1618 2454 1674 2497 44.
1695 2470 1737 2479 --

360 2514 504 2548 ⁵Matth.
525 2526 613 2555 xvm,
632 2515 682 2546 18.
700 2531 741 2536 -—
759 2512 773 2535 6
792 2517 882 2546 Joan.
904 2525 936 2553 v,
956 2514 1011 2545 25.
1028 2530 1068 2537 --—
1088 2521 1101 2546 7
1116 2514 1163 2545 Id.
1182 2524 1248 2553 xiv,
1276 2513 1309 2543 6.
