1825 3214
312 226 354 251 ιΝ
387 224 562 252 somma
595 223 907 261 EVANGEIAUM,
941 224 1086 251 wimer.
1124 227 1185 253 ix.
1383 219 1430 254 51

114 292 208 336 XV.
241 293 336 335 Jam
373 305 476 335 vero
509 290 554 334 in
587 289 739 349 quinta
772 298 931 343 aetate,
970 298 1176 350 tanquam
1210 292 1253 336 in
1284 293 1437 353 quinta

56 360 235 418 hydria,
276 360 424 405 Daniel
457 360 564 405 vidit
601 359 790 418 lapidem
827 359 1051 418 praecisum
1087 360 1142 404 de
1175 373 1322 406 monte
1351 364 1443 408 sine

55 430 283 485 manibus,
319 440 362 475 et
393 431 570 489 fregisse
593 431 738 474 omnia
760 445 892 489 regna
922 440 1158 489 terrarum3
1193 442 1237 476 et
1261 435 1443 480 crevisse

56 500 177 545 illum
202 500 392 561 lapidem
409 536 420 555 ,
443 510 488 545 et
522 500 686 546 sactum
707 515 797 545 esse
835 510 1029 545 montem
1062 517 1265 560 magnum
1281 539 1291 558 ,
1316 504 1375 548 ita
1396 515 1446 550 ut

55 571 255 631 impleret
278 572 523 616 universam
547 571 702 617 faciem
725 574 893 616 terrae¹.
915 572 1025 625 Quid
1046 573 1235 632 apertius
1255 610 1266 629 ,
1292 575 1445 621 fratres

58 643 179 688 mei?
202 644 328 702 Lapis
352 644 407 687 de
430 652 577 688 monte
599 642 849 703 praeciditur
874 662 885 688 ι
908 644 997 703 ipse
1014 654 1077 688 est
1094 644 1204 704 lapis
1222 662 1354 706 quem
1377 663 1448 691 re-

57 715 353 774 probaverunt
375 714 639 760 aedificantes
657 750 667 765 ,
692 724 736 759 et
761 715 901 760 lactus
925 725 988 760 est
1020 716 1065 759 in
1087 727 1219 776 caput
1243 719 1390 777 anguli
1409 723 1440 763 ².

58 789 119 830 De
139 802 228 846 quo
251 796 398 831 monte
422 786 688 849 praeeiditur,
713 786 795 831 nisi
812 785 868 830 de
888 802 1023 845 regno
1037 790 1059 831 J
1067 787 1307 845 udaeorum,
1327 790 1446 836 unde

57 857 268 902 Dominus
291 866 436 902 noster
463 860 588 901 Jesus
609 857 808 902 Christus
843 859 1082 902 secundum
1115 875 1290 905 carnem
1319 871 1448 907 natus

57 930 146 973 est?
183 931 237 973 Et
275 927 523 987 praeciditur
555 929 646 972 sine
680 928 908 983 manibus,
945 930 1036 974 sine
1063 945 1194 989 opere
1223 932 1446 991 humano3

56 999 159 1059 quia
180 1000 271 1044 sine
293 999 495 1058 amplexu
529 1000 715 1043 maritali
745 999 799 1044 de
821 1000 989 1059 virgine
1020 1010 1192 1045 exortus
1220 1013 1298 1047 est.
1324 1008 1451 1049 Mons

57 1069 130 1114 ille
148 1070 266 1114 unde
287 1070 492 1128 praecisus
514 1079 603 1124 est,
629 1085 718 1114 non
738 1070 995 1129 impleverat
1029 1073 1270 1116 universam
1293 1071 1450 1118 faciem

57 1149 183 1185 terrae
220 1160 229 1185 :
269 1156 358 1185 non
399 1141 515 1184 enim
550 1149 750 1185 tenuerat
787 1156 974 1200 regnum
1007 1144 1030 1185 J
1037 1142 1266 1188 udaeorum
1301 1161 1452 1190 omnes

57 1221 222 1270 gentes.
247 1214 305 1256 At
319 1210 423 1256 ‘vero
442 1226 625 1270 regnum
646 1211 836 1266 Christi,
862 1211 1114 1256 universum
1137 1214 1286 1259 orbem
1311 1225 1451 1261 terra-

56 1297 153 1327 rum
170 1282 387 1327 cernimus
409 1297 641 1341 occupate.

113 1356 234 1398 XVI.
260 1356 355 1398 Jam
380 1352 434 1397 ad
452 1362 613 1398 sextam
635 1362 806 1398 aetatem
826 1354 1014 1412 pertinet
1036 1356 1225 1399 Joannes
1240 1358 1446 1417 Baptista,

56 1439 145 1484 quo
162 1439 291 1467 nemo
313 1423 550 1468 exsuirexit
584 1425 720 1483 major
747 1424 790 1468 in
831 1424 943 1468 natis
971 1424 1247 1472 mulierum:
1273 1426 1328 1472 de
1360 1445 1449 1489 quo

56 1493 222 1548 dietum
246 1503 309 1538 est
333 1513 341 1539 :
370 1513 390 1536 «
412 1495 551 1554 Major
569 1510 701 1554 quam
718 1494 974 1554 propheta-³.
999 1513 1020 1536 »
1044 1498 1276 1548 Quomodo
1294 1508 1337 1542 et
1358 1500 1448 1559 ipse

56 1565 273 1621 ostendit,
309 1566 411 1625 quia
441 1566 645 1610 omnibus
686 1566 889 1625 gentibus
927 1567 1082 1611 missus
1117 1577 1180 1612 est
1216 1570 1449 1616 Christus?

55 1635 242 1690 Quando
263 1636 408 1682 Judaei
423 1647 639 1681 venerunt
665 1636 720 1681 ad
736 1652 836 1681 eum
864 1646 910 1682 ut
945 1638 1296 1696 baptizarentur,
1321 1652 1365 1686 et
1390 1659 1446 1688 ne

56 1708 332 1768 superbirent
374 1706 429 1751 de
460 1708 638 1752 nomine
673 1707 893 1752 Abraham
910 1742 920 1760 ,
945 1726 965 1750 «
992 1709 1222 1754 Generatio
1243 1745 1254 1765 ,
1279 1711 1440 1773 inquit,

58 1797 79 1820 η
113 1779 381 1837 viperarum,
398 1778 495 1837 quis
516 1776 706 1822 ostendit
725 1777 846 1822 vobis
862 1775 1012 1835 lugere
1026 1779 1081 1822 ab
1104 1778 1166 1823 ira
1179 1785 1397 1827 ventnra4.
1419 1803 1439 1826 »

52 1849 181 1893 facite
202 1864 305 1908 ergo
328 1847 522 1892 fructum
543 1847 726 1905 dignum
753 1849 1024 1907 poenitentias
1042 1870 1053 1906 3
1070 1850 1115 1894 id
1138 1860 1228 1907 est,
1253 1854 1439 1900 humiles

53 1929 188 1965 estote
225 1939 234 1964 ι
273 1919 471 1978 superbis
507 1919 623 1963 enim
665 1917 943 1979 loquebatur.
981 1919 1105 1964 Unde
1140 1932 1286 1968 autem
1318 1937 1442 1972 erant

54 1990 263 2051 superbi?
287 1993 348 2035 De
369 2004 524 2049 genere
547 1990 687 2034 carnis
704 2025 716 2044 ,
740 2005 830 2034 non
847 1991 902 2034 de
925 1989 1073 2036 fructu
1094 1992 1345 2041 imitationis
1366 2013 1421 2057 pa

53 2063 128 2106 tris
150 2062 386 2107 Abraham.
404 2061 521 2115 Quid
538 2061 596 2105 eis
618 2061 708 2105 ait?
733 2080 754 2103 «
769 2061 911 2108 Nolite
924 2061 1090 2118 dicere,
1109 2066 1278 2110 Patrem
1300 2067 1439 2113 habe-

56 2151 77 2175 »
110 2148 207 2178 mus
231 2132 451 2177 Abraham
478 2151 486 2176 :
508 2141 661 2191 potens
683 2141 748 2176 est
763 2133 879 2176 enirn
895 2135 1007 2177 Deus
1031 2133 1085 2177 de
1104 2133 1325 2193 lapidibus
1347 2139 1437 2184 istis

55 2222 76 2246 u
110 2205 315 2249 suscitare
331 2203 442 2248 filios
464 2203 651 2247 Abrahae
666 2205 681 2230 ⁵
704 2223 713 2248 :
741 2221 762 2245 »
788 2203 970 2263 Lapides
992 2203 1138 2249 dicens
1155 2221 1307 2253 omnes
1327 2225 1437 2270 gen-

51 2283 142 2329 tes,
162 2290 251 2319 non
274 2284 451 2334 propter
473 2274 744 2322 firmitatem,
770 2274 882 2318 sieut
902 2273 1008 2333 lapis
1029 2273 1171 2320 dietus
1194 2288 1256 2322 est
1270 2296 1435 2340 ,quem

52 2345 397 2405 reprobaverunt
432 2343 695 2388 aedificantes
720 2364 732 2402 3
755 2346 830 2388 sed
868 2353 1044 2403 propter
1070 2346 1352 2394 stoliditatem
1393 2362 1436 2396 et

6 2431 15 2438 ·
52 2414 255 2460 duritiam
286 2413 508 2459 stultitiae·
500 2434 511 2472 3
533 2414 634 2474 quia
661 2414 720 2458 eis
746 2429 855 2474 quos
882 2400 1123 2484 adorabant
1157 2418 1316 2464 similes
1334 2419 1438 2466 faeti

102 2514 210 2544 'Dan.
231 2522 268 2551 n,
287 2510 340 2553 34.
359 2527 396 2534 --
417 2510 527 2544 ²=Pal.
545 2521 644 2552 cxvu,
663 2518 719 2544 21.
735 2526 776 2533 —-
794 2508 1007 2553 ³Matth.11‚
1027 2513 1311 2553 11,etc.-41,1.
1336 2528 1416 2559 11¹,7

56 2583 93 2589 —
114 2565 223 2600 ⁵1bid.
240 2577 275 2608 9.

1236 2623 1256 2661 i
1271 2653 1280 2662 .
