1809 3173
382 200 437 240 40
811 213 845 243 s.
881 214 1110 246 Avensa-rm
1144 219 1323 248 zmscom

377 280 492 323 enim
515 280 709 325 omnium
738 282 1098 341 significationes,
1125 286 1234 331 sieut
1260 286 1572 344 recordamini,
1598 290 1642 333 in
1673 289 1755 335 ho-

375 350 575 395 diernum
598 349 860 398 distulimus.

434 423 492 464 II.
524 422 654 474 Quod
676 424 885 468 Dominus
916 425 1121 471 invitatus
1159 429 1277 472 venit
1317 428 1373 472 ad
1407 431 1595 489 nuptias,
1629 433 1755 476 etiam

374 501 550 550 excepta
561 493 739 549 mystica
757 494 1085 553 significatione,
1109 499 1364 543 confirmare
1382 500 1519 544 voluit
1531 503 1651 560 quod
1665 502 1755 561 ipse

372 561 477 605 fecit
491 562 677 621 nuptias.
694 565 850 608 Futuri
864 566 979 609 enirn
993 576 1129 622 erant,
1143 567 1197 611 de
1211 568 1368 628 quibus
1382 569 1488 614 dixit
1504 571 1751 630 Apostolus,

369 632 650 691 prohibentes
666 634 854 678 nubere¹
877 657 887 693 3
904 646 946 680 et
960 636 1150 681 dicentes
1166 639 1288 698 quod
1306 638 1469 682 malum
1485 651 1626 685 essent
1647 658 1754 702 nup-

369 702 460 757 tiae,
501 712 543 746 et
565 703 685 762 quod
716 705 916 749 diabolus
945 722 1014 750 eas
1038 707 1203 750 fecisset
1236 727 1244 751 ε
1270 723 1369 751 cum
1396 709 1510 753 idem
1546 712 1754 756 Dominus

368 772 483 816 dicat
500 773 544 816 in
567 774 825 833 Evangelio,
866 776 1153 835 interrogatus
1174 787 1320 821 utrum
1342 778 1471 823 liceat
1492 781 1658 824 homini
1689 782 1754 826 di-

367 843 538 886 mittere
563 859 740 887 uxorem
773 861 893 888 suam
917 862 966 889 ex
989 847 1185 906 qualibet
1212 864 1338 892 eausa
1354 884 1364 904 ,
1402 865 1490 894 non
1526 851 1655 895 licere
1676 868 1754 896 ex-

368 922 651 971 cepta‚causa
684 913 994 959 fornicationis.
1022 920 1070 959 In
1105 933 1190 976 qua
1218 920 1514 978 responsione,
1541 923 1574 964 si
1595 923 1753 966 memi-

368 982 503 1037 nistis,
518 983 602 1027 hoe
616 984 674 1027 ait
689 1004 697 1028 ;
713 984 869 1037 «Quod
884 989 997 1030 Deus
1013 988 1253 1046 conjunxit,
1270 989 1402 1034 homo
1418 1007 1505 1035 non
1520 995 1721 1051 separet?
1732 1012 1751 1034 »

367 1055 424 1096 Et
442 1054 517 1112 qui
536 1054 646 1098 bene
669 1054 827 1099 eruditi
845 1066 946 1100 sunt
962 1058 1007 1100 in
1027 1057 1111 1101 fide
1131 1059 1340 1104 catholica
1360 1095 1370 1114 ,
1396 1072 1614 1107 noverunt
1633 1063 1754 1123 quod

368 1126 482 1167 Deus
515 1123 666 1168 fecerit
693 1127 865 1186 nuptias
886 1162 897 1182 ,
927 1137 970 1171 et
1002 1128 1112 1173 sicut
1133 1131 1383 1189 conjunctio
1405 1147 1428 1175 a
1450 1135 1540 1176 Deo
1560 1168 1571 1187 ,
1597 1133 1655 1177 ita
1684 1134 1752 1178 di-

368 1195 557 1238 vortium
580 1210 602 1238 a
623 1194 797 1240 diabolo
815 1198 882 1242 sit.
907 1198 989 1242 Sed
1008 1208 1233 1258 propterea
1252 1201 1295 1243 in
1313 1217 1440 1246 causa
1457 1202 1753 1249 fornicationis

369 1265 469 1309 licet
491 1281 670 1309 uxorem
691 1266 909 1312 dimittere
924 1303 934 1323 ,
971 1272 1071 1328 quia
1094 1270 1182 1329 ipsa
1206 1286 1294 1315 esse
1316 1288 1424 1317 uxor
1445 1274 1561 1332 prior
1583 1275 1749 1331 noluit,

369 1351 468 1395 quae
490 1335 622 1380 fidem
642 1337 915 1396 conjugalem
933 1340 1088 1384 marito
1108 1356 1196 1384 non
1214 1344 1412 1387 servavit.
1438 1346 1525 1388 Nec
1548 1344 1632 1388 illae
1654 1363 1753 1406 quae

366 1407 662 1464 virginitatem
684 1411 774 1452 Deo
791 1419 972 1464 vovent,
1003 1426 1254 1471 quanquam
1279 1414 1532 1473 ampliorem
1571 1415 1753 1474 gradum

369 1477 543 1521 honoris
579 1487 623 1522 et
654 1479 889 1523 sanctitatis
930 1481 974 1524 in
1007 1482 1198 1526 Ecclesia
1227 1492 1425 1539 teneant,
1463 1486 1553 1529 sine
1591 1489 1753 1546 nuptiis

368 1556 494 1591 sunt:
511 1562 611 1591 nam
635 1557 678 1592 et
694 1549 797 1608 ipsae
819 1550 1038 1608 pertinent
1055 1551 1109 1595 ad
1132 1553 1304 1612 nuptias
1318 1569 1417 1598 cum
1438 1564 1524 1599 tota
1541 1557 1749 1614 Ecclesia,

367 1619 414 1662 in
445 1618 603 1678 quibus
626 1620 788 1678 nuptiis
810 1636 992 1680 sponsus
1028 1631 1092 1666 est
1112 1624 1323 1668 Christus.
1350 1629 1412 1670 Ae
1433 1642 1509 1686 per
1541 1628 1623 1672 hoe
1652 1643 1753 1687 ergo

370 1689 579 1733 Dominus
600 1690 807 1734 invitatus
828 1692 947 1735 venit
964 1691 1017 1735 ad
1032 1694 1204 1752 nuptias
1222 1729 1233 1749 ,
1256 1704 1306 1738 ut
1322 1697 1559 1756 conjugalis
1582 1699 1752 1743 castitas

369 1761 630 1815 firmaretur,
646 1769 689 1803 et
706 1760 1006 1806 ostenderetur
1021 1774 1339 1809 sacramentum
1356 1768 1607 1826 nuptiarum
1624 1789 1632 1814 :
1649 1770 1753 1830 quia

369 1839 412 1874 et
443 1829 615 1874 illarum
649 1831 901 1890 nuptiarum
931 1848 1111 1892 sponsus
1138 1839 1364 1893 personam
1390 1839 1560 1881 Domini
1589 1840 1752 1898 figura·

370 1901 462 1955 bat,
492 1901 563 1944 cui
585 1900 751 1945 dietum
768 1911 852 1958 est,
879 1921 899 1944 «
937 1904 1121 1948 Servasti
1142 1906 1294 1949 vinum
1317 1906 1484 1951 bonum
1511 1924 1650 1969 usque
1671 1911 1751 1956 ad-

373 1989 395 2013 »
430 1972 531 2015 huc.
550 1989 570 2012 »
594 1973 766 2015 Bonum
788 1973 904 2017 enim
926 1974 1076 2018 vinum
1092 1976 1286 2021 Christus
1308 1979 1492 2024 servavit
1515 1996 1652 2041 usque
1673 1982 1752 2026 ad-

372 2043 473 2097 huc,
498 2041 545 2086 id
557 2051 636 2098 est,
656 2043 944 2102 Evangelium
961 2060 1102 2089 suum.

428 2115 510 2156 ΙΙΙ.
535 2115 631 2156 Jam
655 2113 771 2156 enim
799 2114 1053 2174 incipiamus
1081 2116 1171 2176 ipsa
1204 2129 1572 2165 sacramentorum
1601 2132 1750 2183 operta

369 2183 584 2241 detegere,
606 2193 821 2243 quantum
839 2184 913 2229 ille
927 2186 1076 2240 donat,
1101 2189 1145 2232 in
1165 2190 1286 2250 cnjus
1307 2191 1483 2236 nomine
1504 2194 1633 2245 vobis
1649 2210 1752 2254 pro-

365 2255 574 2298 misimus.
600 2258 705 2300 Erat
733 2257 960 2315 prophetia
989 2259 1178 2319 antiquis
1206 2262 1474 2321 temporibus
1494 2299 1504 2319 ,
1532 2273 1574 2308 et
1603 2281 1625 2309 a
1649 2281 1750 2325 pro·
1776 2287 1782 2299 x

367 2325 525 2384 phetiae
547 2324 865 2385 dispensatione
886 2327 1007 2372 nulla
1030 2339 1224 2390 tempora
1245 2343 1518 2378 cessaverunt
1544 2354 1552 2379 :
1578 2335 1654 2379 sed
1675 2336 1748 2381 illa

366 2396 616 2455 prophetia,
649 2398 827 2456 quando
858 2399 903 2442 in
942 2399 1013 2444 illa
1050 2402 1241 2446 Christus
1274 2419 1361 2448 non
1392 2405 1743 2464 intelligebatur,

364 2481 476 2526 aqua
499 2475 604 2510 erat.
632 2469 683 2510 In
706 2483 818 2528 aqua
831 2469 946 2512 enim
960 2471 1111 2516 vinum
1133 2473 1325 2532 quodam
1346 2474 1477 2522 modo
1493 2476 1613 2521 latet.
1632 2477 1743 2522 Dicit

415 2557 424 2572 ¹
450 2562 461 2582 1
485 2551 561 2584 Tim.
584 2551 625 2593 iv,
647 2552 678 2584 3.
699 2569 740 2576 -—
761 2559 772 2575 ²
794 2553 906 2587 Martii.
927 2565 992 2596 mx,
1010 2556 1043 2588 6.
