1825 3214
340 222 382 248 m
415 220 588 249 somnis
619 219 928 258 EVANGELIUM‚
963 221 1109 252 macr,
1147 224 1189 250 x.
1398 213 1451 252 53

73 289 152 335 liei·
172 297 214 332 et
235 287 463 332 abscondit
490 287 534 330 in
558 286 708 331 farinae
730 287 943 331 mensuris
968 288 1127 343 tribus,
1148 288 1294 348 quoad
1317 305 1455 350 usque

72 360 407 405 fermentaretur
425 367 564 403 totum
583 360 612 401 ¹.
633 377 652 398 »
670 362 775 411 Quae
794 367 857 401 est
871 358 947 402 ista
964 359 1143 414 mulier,
1161 361 1237 403 nisi
1251 377 1350 406 earo
1375 365 1454 406 Do-

73 431 208 474 mini?
251 428 378 482 Quod
413 438 475 472 est
523 427 785 472 fermentum
800 463 814 483 ,
867 429 947 473 nisi
987 430 1305 488 Evangelium?
1347 435 1455 486 Quae

71 510 174 546 sunt
196 510 279 545 tres
301 516 536 554 mensurae,
563 500 640 544 nisi
664 515 812 544 omnes
835 510 983 559 gentes
1003 536 1012 555 ‚
1038 511 1215 561 propter
1242 511 1324 546 tres
1346 503 1456 548 filios

71 574 194 618 Noe?
217 574 332 631 Ergo
359 590 379 613 «
407 574 485 616 Sex
510 570 677 628 hydriae
701 570 919 630 capientes
958 571 1080 614 binas
1101 572 1168 615 vel
1208 581 1348 617 ternas
1372 589 1456 618 me-

75 662 95 685 »
131 652 260 687 tretas
275 679 285 697 ‚
308 661 326 683 »
347 658 417 686 sex
439 651 540 686 sunt
561 651 708 686 aetates
731 651 1000 701 temporum,
1033 643 1250 702 capientes
1275 646 1454 704 proplie-

73 715 487 774 tiam-pertinentem
513 713 567 758 ad
585 729 734 758 omnes
754 723 902 772 gentes
917 748 928 769 ,
949 714 1036 758 sive
1060 714 1102 757 in
1126 716 1299 760 duobus
1322 733 1456 776 gene-

72 786 191 830 ribus
222 785 478 839 hominum,
518 785 562 827 id
594 793 672 839 est,
705 783 867 828 Judaeis
900 793 942 828 et
965 785 1156 840 Graecis,
1195 786 1306 830 sieut
1343 803 1456 847 saepe

72 855 304 916 Apostolus
326 866 660 912 commemorat3
683 855 773 899 sive
795 855 840 898 in
864 856 1001 900 tribus
1022 891 1033 911 ‚
1059 865 1238 916 propter
1261 860 1352 903 No'e'
1375 869 1458 903 tres

71 926 196 980 filios,
217 926 476 984 significatas
489 929 520 969 ².
540 926 741 984 Figurata
758 938 817 971 est
835 927 951 970 enim
969 927 1196 987 prophetia
1211 930 1459 989 pertingens

70 1013 207 1058 usque
227 996 279 1040 ad
301 1011 450 1040 omnes
483 1006 646 1055 gentes.
673 999 781 1041 Nam
805 997 848 1040 in
871 1012 923 1042 eo
946 997 1066 1058 quod
1089 999 1316 1057 pertingit,
1344 1001 1458 1046 dieta

71 1079 135 1114 est
159 1077 339 1112 metreta
356 1103 366 1122 ,
401 1068 511 1112 sicut
533 1067 637 1112 dicit
659 1068 892 1127 Apostolus
913 1087 921 1113 :
951 1088 971 1111 «
997 1069 1256 1128 Accepimus
1279 1086 1458 1117 mensu-

74 1159 93 1181 »
130 1155 219 1183 ram
242 1139 514 1198 pertingendi
543 1154 682 1199 usque
699 1139 753 1183 ad
775 1140 891 1184 vos3.
921 1158 942 1180 »
963 1140 1176 1185 Gentibus
1194 1142 1309 1185 enim
1327 1157 1459 1187 evan-

71 1209 272 1269 gelizans,
291 1209 374 1254 hoe
395 1209 476 1264 ait,
498 1229 518 1251 «
541 1225 789 1255 mensuram
812 1210 1085 1270 pertingendi
1104 1227 1241 1273 usque
1264 1214 1318 1257 ad
1333 1229 1453 1259 vos.»

71 1402 140 1418 ΜΜ
146 1401 552 1419 ΜΜΊΚΙΦΊᾺΝΊΛΛΜ
558 1401 1388 1422 mmmmmmmmmmm
1395 1406 1459 1422 Μ

509 1541 914 1590 TRACTATUS
948 1544 1030 1590 X⁴.

69 1703 138 1747 Ab
162 1717 212 1747 eo
227 1701 451 1760 Evangelii
474 1702 588 1757 loco,
608 1702 731 1748 Post
750 1701 854 1750 hoec
875 1702 1121 1750 deseendit
1142 1704 1212 1750 ad
1230 1707 1457 1766 Caphar-

128 1788 277 1817 naum
299 1773 398 1832 ipse
410 1782 455 1816 et
473 1782 632 1817 mater·
647 1773 766 1835 ejas,
783 1784 865 1819 etc.
883 1791 1023 1837 usque
1041 1775 1095 1821 ad
1112 1775 1172 1834 id,
1187 1776 1283 1823 Ille
1294 1789 1457 1824 autem

129 1841 321 1887 dicebat
343 1841 404 1887 cle
423 1842 599 1903 templo
619 1845 836 1904 corporis
863 1845 953 1890 sui.

129 1994 164 2036 I.
188 1994 238 2036 ΙΝ
256 1990 428 2036 Psalmo
446 1990 624 2036 audistis
643 1991 852 2051 gemitum
867 1993 1068 2054 pauperis
1084 2030 1095 2052 ‚
1115 1996 1237 2056 cujus
1261 1997 1457 2044 membra

69 2077 147 2122 per
167 2071 304 2106 totam
327 2070 484 2105 terram
510 2062 812 2108 tribulationes
834 2065 1062 2123 patiuntur
1091 2080 1228 2126 usque
1250 2067 1295 2111 in
1324 2068 1456 2113 finem

69 2133 230 2178 saecnli.
265 2132 373 2178 Satis
395 2133 532 2193 agite,
558 2133 712 2178 fratres
728 2135 835 2190 mei,
860 2150 949 2179 esse
971 2135 1015 2180 in
1032 2136 1099 2181 his
1116 2137 1322 2185 membris
1338 2149 1381 2184 et
1402 2139 1457 2185 de

69 2203 134 2248 his
150 2203 356 2247 membris
387 2222 396 2248 ε
422 2218 523 2247 nam
541 2203 768 2250 tribulatio
791 2214 880 2250 tota
899 2206 1131 2251 transitura
1148 2218 1226 2252 est.
1251 2211 1327 2253 Vae
1348 2225 1456 2269 gau-

70 2273 303 2318 dentibus!
342 2274 508 2318 Veritas
542 2275 648 2319 dicit
674 2295 682 2322 :
712 2295 732 2318 «
761 2278 881 2323 Beati
905 2276 1121 2337 lugentes,
1145 2282 1355 2340 quoniam
1380 2284 1461 2342 ipsi

73 2362 94 2386 »
129 2344 474 2389 consolabuntur
489 2347 520 2389 ⁵.
550 2363 568 2386 »
591 2349 704 2390 Deus
727 2347 860 2392 homo
878 2346 1018 2394 faetus
1036 2358 1099 2394 est
1121 2369 1130 2395 ε
1156 2351 1263 2410 quid
1282 2350 1456 2398 futurus

118 2459 126 2475 ¹
143 2454 221 2486 Luc.
241 2463 311 2494 xm,
325 2461 380 2495 2¹,
402 2457 435 2485 et
452 2453 566 2486 Matth.
589 2465 655 2494 xm,
676 2454 730 2487 33.
748 2471 789 2478 —
804 2462 817 2479 ²
838 2457 930 2488 Rom.
946 2467 980 2498 n,
996 2468 1030 2500 9,
1047 2462 1080 2490 et
1102 2470 1113 2490 1
1134 2461 1206 2492 Cor.
1228 2472 1250 2498 1,
1270 2460 1325 2502 24,
1342 2465 1453 2493 etc.—

73 2505 86 2531 3
101 2516 119 2540 2
139 2507 212 2541 Cor.
239 2519 270 2549 x,
299 2508 348 2540 13.
371 2507 440 2538 -4
466 2509 598 2541 Habitus
622 2511 674 2543 die
690 2511 833 2552 proxima
852 2516 925 2554 post
945 2514 1042 2545 'ri-act
1058 2516 1191 2556 praeeed.
1213 2520 1245 2547 et
1259 2516 1354 2557 paulo
1378 2521 1456 2547 ante

71 2563 200 2595 Pascha.
221 2580 263 2585 —-
282 2562 422 2596 ⁵Mnttli.
444 2575 477 2603 v,
499 2564 529 2596 15.
