1825 3214
324 262 366 288 iu
400 259 574 291 JoANNts
606 263 915 304 EVANGELIUM‚
951 265 1098 295 TnACT.
1135 270 1213 297 xii.
1399 263 1453 301 80

71 327 156 381 bat,
194 334 237 369 et
270 325 561 372 insultabatur
595 329 647 372 ei.
693 332 754 373 De
792 346 920 375 eruce
952 331 1215 377 descendere
1255 345 1449 395 poterat:

65 395 140 442 sed
160 394 407 452 dill'erebat,
436 407 484 442 ut
508 399 562 442 de
593 399 793 460 sepulcro
817 411 1070 462 resurgeret.
1095 406 1278 449 Pertulit
1300 424 1453 468 super-

66 468 144 512 bos
171 481 314 512 servos
349 468 577 524 Dominus,
603 469 796 516 medicus
824 482 1022 531 aegrotos.
1053 474 1094 518 Si
1116 474 1198 520 hoc
1226 475 1312 531 ille,
1347 479 1454 537 quid

64 537 124 582 illi
149 553 257 598 quos
278 548 450 598 oportet
480 541 597 585 nasei
621 556 669 584 ex
690 542 881 602 Spiritu?
906 544 938 587 si
957 545 1039 588 hoc
1062 544 1134 589 ille
1148 561 1274 590 verus
1298 549 1454 605 magis-

63 618 128 654 ter
144 610 188 652 in
213 609 343 664 coelo,
370 625 458 654 non
479 611 705 656 hominum
737 622 922 669 tantum,
944 615 1017 658 sed
1041 625 1084 659 et
1106 616 1389 676 Angelorum.
1412 620 1452 663 Si

64 679 175 723 enim
192 679 310 724 docti
334 690 435 725 sunt
458 682 630 741 Angeli,
658 683 804 728 Verbo
833 685 911 729 Dei
947 685 1063 729 docti
1086 696 1202 730 sunt.
1246 689 1287 732 Si
1311 689 1453 733 Verbo

63 751 136 795 Dei
174 750 290 795 docti
313 763 431 808 sunt,
461 755 643 814 quserite
678 755 795 800 unde
817 755 935 801 docti
961 767 1062 802 sunt
1084 780 1094 815 3
1125 767 1167 802 et
1190 759 1416 805 invenietis
1442 781 1449 806 :

67 840 85 863 α
121 824 170 865 In
195 823 407 882 principio
431 834 521 868 erat
545 826 754 881 Verbum,
773 836 815 871 et
836 828 1027 872 Verbum
1045 839 1135 874 erat
1152 829 1267 889 apud
1292 834 1448 887 Deum,

64 909 83 932 »
118 900 161 935 et
184 895 297 937 Deus
332 902 421 937 erat
452 896 687 940 Verbum¹.
720 915 739 937 »
769 898 953 942 Tollitur
986 900 1151 943 homini
1193 902 1350 955 cerviir,
1378 904 1449 946 sed

62 977 205 1022 aspera
237 973 279 1007 et
311 963 436 1019 dura,
462 975 509 1009 ut
538 967 591 1009 sit
619 967 727 1012 lenis
755 970 895 1012 cervix
931 969 983 1013 ad
1004 972 1267 1030 portandum
1290 974 1449 1033 jugum

59 1025 235 1086 Christi,
264 1035 319 1078 de
338 1052 428 1095 quo
451 1035 611 1082 dieitur
639 1059 646 1082 ε
674 1058 691 1080 (ι
714 1043 875 1099 jugum
900 1056 1044 1086 meum
1070 1042 1166 1087 lene
1189 1053 1266 1098 est,
1297 1054 1337 1088 et
1360 1061 1450 1088 sar—

63 1121 83 1145 »
117 1106 214 1149 cina
237 1120 331 1149 mea
354 1105 459 1151 levis
483 1110 592 1152 est2.
618 1127 637 1149 »

116 1177 216 1220 vlt.
243 1179 299 1221 Et
320 1179 543 1237 sequitur:
574 1199 593 1221 «
622 1180 665 1225 Si
688 1189 855 1226 terrena
886 1181 974 1226 dixi
1000 1183 1139 1239 vobis,
1171 1193 1213 1228 et
1244 1200 1331 1229 non
1351 1201 1448 1229 ere-

66 1266 83 1288 »
117 1245 238 1303 ditis,
279 1249 502 1308 quomodo
521 1250 554 1294 si
577 1251 725 1297 dixero
765 1253 887 1297 vobis
922 1252 1124 1309 caelestia,
1167 1255 1445 1300 credetis'0'?»

20 1365 22 1367 ,
59 1319 164 1370 Quae
181 1326 349 1363 terrena
362 1319 484 1375 dixit,
500 1320 651 1366 fratres
664 1324 682 1363 ‘3
697 1343 715 1363 «
733 1323 818 1368 Nisi
835 1324 931 1384 quis
947 1334 1073 1368 natus
1092 1325 1224 1370 fuerit
1241 1326 1404 1382 denuo,
1427 1333 1453 1368 η’

60 1396 278 1432 terrenum
301 1392 393 1434 est?
419 1410 438 1432 «
472 1392 653 1451 Spiritus
683 1394 759 1437 ubi
795 1394 889 1438 vult
920 1395 1068 1454 spirat,
1097 1405 1140 1440 et
1175 1412 1324 1441 vocem
1359 1399 1450 1458 ejus

62 1476 80 1499 «
115 1460 252 1515 audis,
279 1469 321 1504 et
348 1462 483 1506 nescis
517 1464 634 1507 unde
662 1465 822 1520 veniat,
857 1474 899 1509 et
933 1482 1022 1526 quo
1056 1477 1141 1522 eat,
1170 1486 1189 1508 »
1229 1478 1448 1513 terrenum

57 1531 146 1573 est?
171 1530 211 1574 Si
228 1531 344 1575 enim
367 1531 422 1575 de
444 1533 526 1578 isto
554 1543 683 1579 vento
709 1536 888 1591 diceret,
914 1537 1025 1581 sicut
1050 1538 1251 1582 nonnulli
1274 1539 1448 1583 intelle-

58 1611 226 1657 xerunt,
265 1618 364 1646 cum
395 1616 666 1664 quaereretur
704 1607 758 1651 ab
790 1609 848 1651 eis
890 1609 996 1668 quid
1038 1618 1258 1654 terrenum
1293 1611 1447 1656 dixerit

59 1671 280 1727 Dominus,
306 1673 411 1717 dum
437 1675 494 1718 ait
521 1695 529 1720 z
558 1695 576 1716 «
602 1677 643 1720 Si
678 1686 847 1722 terrena
876 1678 963 1722 dixi
992 1680 1132 1735 vobis,
1163 1690 1205 1724 et
1235 1697 1322 1724 non
1351 1697 1446 1725 ere-

57 1740 154 1786 ditis
170 1763 180 1799 3
197 1744 436 1802 quomodo,
462 1745 495 1788 si
514 1746 704 1790 coelestia
727 1747 892 1803 dixero,
910 1749 1091 1794 credetis
1109 1753 1190 1792 46ἲ»
1210 1754 1321 1796 Cum
1347 1767 1447 1811 ergo

56 1821 324 1871 quaereretur
347 1829 370 1857 a
403 1815 683 1874 quibusdam,
723 1817 830 1877 quid
865 1828 1087 1864 terrenum
1116 1820 1270 1866 dixerit
1304 1825 1448 1867 Domi-

57 1896 152 1937 nus,
191 1884 408 1942 angustias
432 1886 542 1944 passi
576 1885 795 1942 dixerunt,
821 1890 951 1942 Quod
985 1891 1071 1936 ait:
1107 1911 1125 1933 «
1157 1893 1340 1952 Spiritus
1370 1895 1444 1939 ubi

58 1969 77 1993 »
112 1952 207 1997 vult
230 1954 380 2014 spirat,
407 1965 449 2000 et
468 1972 618 2002 vocem
637 1960 727 2019 ejus
749 1959 889 2016 audis,
915 1971 958 2006 et
980 1963 1115 2006 neseis
1142 1964 1260 2007 unde
1281 1965 1440 2021 veniat,

59 2041 78 2064 »
112 2033 154 2068 et
175 2040 264 2085 quo
287 2036 372 2081 eat,
397 2045 415 2068 »
435 2026 489 2071 de
511 2028 591 2072 isto
610 2039 740 2075 vento
762 2031 883 2075 dixit.
912 2033 1025 2086 Quid
1055 2035 1170 2078 enim
1201 2037 1444 2082 nominavit

57 2098 300 2139 terrenum?
323 2099 604 2158 Loquebatur
626 2100 681 2145 de
705 2104 982 2161 generatione
1001 2106 1211 2165 spirituali
1236 2127 1243 2151 :
1270 2117 1444 2152 secutus

55 2165 111 2210 ait
136 2185 145 2211 :
172 2186 192 2208 «
227 2167 294 2212 Sic
331 2178 394 2213 est
416 2171 553 2215 omnis
577 2172 653 2231 qui
677 2182 804 2218 natus
840 2185 902 2220 est
926 2191 977 2220 ex
1009 2177 1186 2237 Spiritu.
1212 2197 1231 2219 η
1252 2178 1439 2234 Deinde,

55 2235 219 2292 fratres,
249 2239 346 2299 quis
367 2250 563 2285 nostrum
594 2259 683 2288 non
708 2246 871 2302 videat,
910 2249 1032 2292 verbi
1056 2249 1218 2307 gratia,
1247 2259 1441 2295 austrum

54 2317 227 2353 euntem
270 2309 324 2353 de
360 2311 540 2356 meridie
579 2314 633 2358 ad
667 2315 916 2375 aquilonem
952 2338 960 2363 :
991 2330 1066 2364 aut
1099 2320 1230 2364 alium
1262 2331 1442 2366 ventum

53 2380 296 2424 venientem
341 2382 395 2425 ab
428 2383 591 2428 oriente
633 2385 687 2429 ad
725 2388 1022 2434 occidentem?
1066 2393 1298 2445 Quomodo
1339 2409 1442 2452 ergo

21 2450 24 2457 ’
54 2451 264 2495 nescimus
286 2452 404 2497 unde
426 2455 570 2499 veniat
588 2465 630 2500 et
662 2473 751 2516 quo
775 2461 871 2503 eat?
893 2461 1010 2513 Quid
1037 2477 1138 2521 ergo
1161 2463 1271 2508 dixit
1300 2473 1439 2508 terre-

53 2535 172 2576 num,
206 2523 324 2582 quod
355 2539 444 2569 non
474 2526 711 2573 eredebant
749 2530 976 2576 homines?
1011 2536 1080 2576 An
1108 2533 1217 2578 illud
1243 2534 1361 2594 quod
1386 2535 1440 2578 de

98 2610 108 2627 ¹
127 2607 216 2639 Joan.
237 2618 259 2645 1,
281 2618 308 2640 1.
327 2610 527 2643 -mlaith,
552 2622 595 2652 xr,
618 2612 667 2643 30.
685 2629 724 2635 -—
750 2611 1074 2655 3Joan.1n,rr.-—
1092 2617 1275 2651 41¹›5d.12.
