1809 3173
348 194 403 230 70
766 199 799 229 s.
836 200 1064 229 Avensa-rm
1097 202 1277 229 muscum

345 282 460 322 eum,
486 265 724 310 Manducas
745 281 917 310 earnem
940 265 1040 310 Filii
1061 266 1248 310 hominis
1266 275 1307 310 et
1338 264 1450 308 bibis
1471 265 1725 323 sanguinem

346 338 445 382 Filii
466 337 678 381 hominis?
700 337 834 381 nescit
854 337 963 397 quid
985 337 1183 393 dicimus,
1202 338 1302 396 quia
1320 338 1443 380 Jesus
1464 351 1552 380 non
1567 351 1611 379 se
1627 351 1722 380 cre-

345 407 458 452 didit
479 407 533 460 ei.

404 479 479 522 IV.
499 479 611 522 Cum
633 491 736 535 ergo
752 491 803 519 ex
824 491 875 520 eo
892 490 1075 520 numero
1102 475 1364 521 Nicodemus
1386 484 1510 530 esset,
1534 475 1654 519 venit
1671 475 1726 520 ad

344 549 581 595 Dominum
599 566 608 592 :
636 546 711 591 sed
732 555 861 591 nocte
880 546 1000 591 venit
1015 566 1026 604 3
1042 555 1085 590 et
1098 547 1182 590 hoc
1200 546 1312 590 forte
1333 546 1389 590 ad
1406 561 1496 590 rem
1519 546 1721 605 pertinet.

345 619 414 664 Ad
441 618 674 663 Dominum
697 616 817 660 venit
833 651 844 671 ,
882 625 924 659 et
949 625 1078 660 nocte
1102 616 1222 660 venit
1242 635 1249 659 :
1278 615 1331 659 ad
1348 615 1491 659 lucem
1512 616 1633 660 venit
1652 650 1663 671 ‚
1683 626 1726 661 et

345 691 391 734 in
413 688 602 732 tenebris
624 688 757 732 venit.
783 686 939 730 Renati
961 696 1107 730 autem
1136 701 1186 730 ex
1209 701 1319 746 aqua
1343 695 1386 730 et
1410 687 1594 745 Spiritu,
1619 687 1727 746 quid

349 759 534 804 audiunt
552 759 606 802 ab
628 756 868 816 ApostoloP
894 775 914 797 a
932 756 1090 799 Fuistis
1113 755 1349 814 aliquando
1367 757 1586 813 tenebrae3
1610 771 1725 802 nunc

349 848 370 871 »
406 839 549 873 autem
573 828 650 872 lux
672 828 716 870 in
741 827 951 871 Domino:
977 827 1085 870 sicut
1106 826 1182 869 filii
1200 826 1307 870 lucis
1330 826 1548 870 ambulate
1565 830 1576 852 ¹
1606 846 1615 872 2
1637 845 1660 869 »
1684 838 1728 873 et

346 901 522 954 iterum,
532 918 550 941 «
562 902 646 947 Nos
658 906 801 941 autem
814 898 890 956 qui
908 897 992 940 diei
1005 912 1169 951 sumus,
1180 897 1311 941 sobrii
1323 898 1401 941 sim
1408 901 1492 941 us‘2.
1502 899 1612 951 »Qui
1625 913 1727 958 ergo

347 970 485 1014 renati
520 976 646 1022 sunt,
671 967 809 1011 noctis
832 965 1036 1021 fuerunt,
1076 976 1120 1010 et
1146 967 1230 1010 diei
1252 976 1354 1011 sunt
1377 986 1386 1011 z
1410 968 1604 1011 tenebrae
1633 967 1729 1012 fue-

347 1048 473 1095 runt,
508 1048 552 1082 et
583 1037 732 1081 lumen
764 1046 880 1081 sunt.
913 1039 1010 1080 Jam
1035 1037 1174 1081 credit
1207 1051 1250 1080 se
1279 1036 1363 1080 illis
1393 1039 1537 1093 Jesus,
1568 1046 1612 1081 et
1639 1053 1729 1083 non
1762 1079 1768 1085 .

345 1119 474 1154 nocte
495 1109 679 1154 veniunt
700 1106 755 1151 ad
771 1098 923 1150 Jesum'
938 1107 1050 1151 sicut
1069 1105 1346 1161 NicodemUS‚
1366 1121 1456 1151 non
1477 1107 1521 1151 in
1538 1108 1728 1152 tenebris

345 1188 551 1242 quaerunt
566 1179 696 1222 diem.
715 1178 836 1222 Tales
856 1177 971 1221 enim
985 1178 1075 1237 jam
1097 1178 1227 1221 etiam
1249 1178 1509 1236 profitentur
1528 1197 1537 1222 :
1554 1179 1729 1223 accessit

347 1251 402 1296 ad
424 1250 521 1295 illos
543 1252 688 1303 Jews,
707 1247 810 1292 fecit
826 1249 870 1292 in
887 1247 972 1291 illis
994 1248 1203 1292 salutem:
1229 1249 1331 1308 quia
1347 1249 1437 1308 ipse
1459 1248 1567 1292 dixit
1584 1268 1593 1293 :
1609 1250 1729 1294 «Nisi
1772 1248 1779 1254 ’

349 1322 482 1383 »quis
499 1319 826 1364 manducaverit
842 1333 1017 1362 carnem
1039 1334 1180 1362 meam
1196 1354 1207 1374 ,
1233 1329 1276 1362 et
1295 1319 1455 1362 biberit
1476 1320 1729 1377 sanguinem

349 1411 370 1434 »
381 1407 546 1446 meum,
562 1407 648 1435 non
664 1390 843 1434 habebit
856 1390 902 1432 in
913 1405 957 1433 se
974 1390 1108 1433 vitam
1120 1390 1151 1432 ³.
1162 1407 1181 1430 »
1203 1391 1258 1434 Et
1276 1389 1397 1449 quod
1410 1390 1580 1447 signum
1592 1391 1730 1435 crucis

347 1464 511 1508 habent
527 1463 572 1505 in
594 1461 738 1506 fronte
759 1461 1074 1516 catechumeni,
1088 1461 1176 1519 jam
1190 1459 1245 1504 de
1266 1461 1399 1505 domo
1424 1475 1582 1519 magna
1598 1471 1699 1505 sunt
1717 1482 1728 1520 3

348 1535 425 1579 sed
447 1534 555 1576 fiant
573 1547 626 1575 ex
656 1531 786 1575 servis
820 1530 914 1574 filii.
947 1533 1043 1575 Non
1071 1532 1187 1574 enim
1215 1531 1325 1574 nihil
1343 1540 1446 1574 sunt
1473 1532 1548 1591 qui
1565 1533 1655 1591 jam
1675 1533 1731 1576 ad

348 1605 530 1650 domum
552 1617 753 1661 magnam
790 1602 1023 1660 pertinent„
1049 1600 1234 1654 Quando
1256 1610 1402 1645 autem
1423 1616 1583 1645 manna
1604 1617 1730 1647 man-

349 1675 524 1720 ducavit
536 1672 722 1733 populus
738 1671 892 1716 Israel?
907 1674 1019 1717 Cum
1036 1673 1254 1716 transisset
1267 1687 1384 1716 mare
1402 1672 1600 1716 rubrum.
1613 1675 1732 1717 Mare

351 1755 497 1791 autem
517 1745 699 1788 rubrum
730 1743 838 1802 quid
864 1743 1101 1800 significet,
1129 1742 1231 1787 audi
1254 1742 1511 1802 Apostolum
1537 1762 1546 1787 :
1575 1761 1596 1785 «
1619 1742 1731 1788 Nolo

351 1835 374 1859 »
408 1825 554 1860 autern
575 1829 651 1859 vos
677 1814 876 1872 ignorare
895 1848 905 1868 ‚
928 1812 1082 1857 fratres
1096 1848 1106 1868 ,
1138 1814 1240 1872 quia
1261 1829 1409 1857 omnes
1431 1822 1574 1872 patres
1596 1815 1731 1858 nostri
1784 1833 1809 1866 ῃ

352 1906 373 1930 n
410 1886 491 1931 sub
522 1886 641 1929 nube
663 1884 867 1938 fuerunt,
893 1893 937 1928 et
968 1898 1116 1928 omnes
1141 1898 1218 1942 per
1245 1899 1364 1927 mare
1391 1884 1669 1928 transierunt.
1705 1902 1726 1925 »

352 1955 519 2017 thuid
541 1970 618 2014 per
643 1969 760 1998 mare
778 1954 1067 2007 transierunt,
1088 1954 1210 2012 quasi
1227 1963 1440 2012 quaereres
1463 1954 1518 1997 ab
1538 1954 1640 2005 illo;
1664 1968 1730 1998 se-

350 2035 478 2072 cutus
495 2025 553 2068 ait
576 2059 587 2079 ‚
612 2042 633 2065 «
652 2026 709 2068 Et
729 2038 879 2067 omnes
900 2038 976 2082 per
996 2025 1179 2080 Moysen
1205 2023 1411 2082 baptizati
1427 2032 1529 2067 sunt
1544 2024 1590 2067 in
1611 2023 1730 2067 nube

349 2107 394 2142 et
412 2098 459 2140 in
480 2095 633 2140 mari⁴.
655 2094 699 2139 Si
731 2108 831 2151 ergo
857 2094 994 2151 figura
1028 2094 1156 2153 maris
1179 2102 1349 2137 tantum
1371 2093 1530 2148 valuit,
1570 2094 1730 2153 species

348 2164 553 2224 baptismi
581 2172 794 2223 quantum
816 2162 1010 2207 valebit?
1031 2162 1073 2206 Si
1095 2161 1216 2221 quod
1233 2171 1401 2220 gestum
1418 2163 1539 2206 estin
1559 2163 1699 2221 figura
1715 2197 1727 2219 ‚

350 2237 578 2295 trajectum
600 2233 813 2294 populum
846 2234 901 2277 ad
930 2248 1087 2278 manna
1120 2222 1350 2292 perduxit}
1374 2233 1482 2292 quid
1511 2233 1731 2277 exhibebit

350 2307 546 2351 Christus
568 2306 612 2348 in
632 2305 814 2350 veritate
838 2304 1038 2363 baptismi
1056 2304 1138 2358 sui,
1155 2305 1333 2363 trajecto
1350 2319 1426 2362 per
1448 2319 1548 2347 enm
1566 2303 1730 2363 populo

350 2378 458 2421 suo?
480 2380 561 2419 Per
579 2375 842 2434 baptismum
865 2390 991 2418 suum
1016 2375 1171 2433 trajicit
1192 2373 1437 2428 credentes,
1463 2375 1611 2418 occisis
1633 2389 1729 2418 om-

351 2448 479 2491 nibus
501 2447 683 2505 peccatis
700 2481 711 2501 ,
736 2456 945 2504 tanquam
971 2445 1164 2489 hostibus
1197 2446 1588 2504 consequentibus,
1621 2445 1730 2489 sicut
1778 2484 1781 2487 .

401 2538 411 2554 ¹
434 2531 548 2572 Ephes.
565 2543 599 2571 v,
617 2532 649 2562 8.
669 2548 709 2552 —
723 2538 734 2551 1'
755 2543 763 2562 1
786 2531 892 2562 Thess.
918 2542 949 2570 ν,
966 2531 995 2561 S.
1012 2547 1052 2552 —
1071 2529 1082 2551 3
1100 2533 1194 2562 Jomi.
1215 2541 1259 2570 vr,
1281 2529 1333 2571 54
1354 2547 1394 2552 -
1408 2527 1424 2553 4
1440 2541 1451 2560 1
1473 2532 1544 2562 Cor.
1562 2540 1594 2570 x,
1618 2540 1647 2569 1,
1662 2533 1728 2560 etc.
