1809 3173
360 206 441 246 134
792 217 824 245 S.
862 220 1089 247 Aneusmm
1124 221 1302 247 EPIScol‘l

355 292 563 342 tanquam
594 280 714 326 fortis
736 301 744 326 ε
766 282 903 327 factus
927 292 988 327 cst
1010 284 1147 328 Adam
1174 284 1215 328 in
1239 300 1367 328 carne
1390 293 1598 344 tanquam
1617 285 1740 328 infir-

355 368 466 397 mus.
501 353 699 397 Christus
728 363 790 397 cst
823 364 866 399 et
894 355 1111 410 Ecclesia,
1138 355 1250 400 illius
1268 357 1492 400 infirmitas
1511 366 1653 400 nostra
1679 367 1742 401 cst

353 422 584 467 fortitudo.

408 495 488 538 IX.
515 498 656 546 Quare
693 509 794 552 ergo
828 496 934 540 hora
968 496 1113 539 sexta?
1141 495 1252 547 Quia
1283 505 1409 540 aetate
1437 495 1582 540 saeculi
1604 504 1736 540 sexta.

350 565 569 622 Computa
590 564 636 607 in
659 565 898 623 Evangelio
920 574 1130 624 tanquam
1158 580 1289 608 unam
1305 566 1455 609 horam
1469 600 1479 620 ,
1497 581 1627 609 unam
1643 575 1740 610 aeta-

347 643 437 678 tem
459 635 514 678 ab
538 634 676 678 Adam
700 651 838 695 usque
866 636 920 679 ad
942 638 1033 680 Noe
1053 654 1061 679 :
1082 637 1316 680 secundam
1348 651 1371 679 a
1398 638 1488 680 Noe
1512 651 1651 701 usque
1685 637 1740 680 ad

347 705 569 750 Abraham
593 724 601 749 ;
626 705 795 749 tertiam
816 706 871 749 ab
891 706 1109 749 Abraham
1127 721 1265 765 usque
1283 705 1337 749 ad
1356 705 1492 750 David
1512 726 1520 750 :
1539 715 1740 765 quartam

349 789 373 818 a
396 773 535 819 David
555 790 693 834 usque
716 774 770 818 ad
796 775 1214 832 transmigrationem
1234 774 1488 833 Babyloniae
1509 795 1517 820 :
1541 776 1740 835 quintam

353 861 377 889 a
401 845 778 902 transmigratione
807 845 1061 902 Babyloniae
1085 861 1224 905 usque
1247 844 1301 889 ad
1324 846 1587 905 baptismum
1612 849 1739 891 Joan-

345 915 411 958 nis
433 933 441 958 2
464 913 566 957 inde
588 923 704 958 sexta
725 915 880 972 agitur.
910 914 1027 967 Quid
1050 915 1244 959 miraris?
1260 916 1389 959 Venit
1410 918 1533 959 Jesus
1548 951 1558 971 ,
1584 925 1627 959 et
1645 916 1732 959 hu-

344 983 552 1028 miliando
576 1000 620 1028 se
641 985 760 1029 venit
777 985 831 1029 ad
858 994 1056 1044 puteum.
1079 986 1302 1044 Fatigatus
1324 987 1441 1029 venit
1459 1021 1470 1041 ‚
1491 987 1593 1045 quia
1614 986 1738 1029 infir-

347 1069 464 1098 mam
481 1069 654 1097 carnem
674 1055 877 1113 portavit.
898 1058 1013 1098 Hora
1027 1064 1141 1098 sexta
1154 1090 1165 1110 ‚
1183 1056 1285 1115 quia
1301 1065 1426 1099 aetate
1443 1055 1589 1100 saeculi
1604 1065 1736 1100 sexta.

347 1123 416 1168 Ad
450 1132 660 1182 puteum,
694 1125 797 1183 quia
835 1123 888 1168 ad
922 1123 1265 1183 profunditatem
1302 1126 1430 1184 hujus
1461 1121 1740 1169 habitationis

347 1202 522 1237 nostrae.
551 1192 675 1236 Unde
698 1193 857 1237 dicitur
881 1195 925 1237 in
948 1194 1146 1253 psalmis,
1178 1214 1196 1235 «
1218 1198 1279 1238 De
1306 1194 1536 1254 profundis
1559 1194 1741 1239 clamavi

350 1281 370 1305 »
407 1262 462 1306 ad
485 1272 543 1317 tc,
561 1263 743 1306 Domine
758 1266 784 1305 ¹.
812 1284 827 1304 »
851 1263 993 1319 Sedit,
1019 1273 1068 1307 ut
1081 1264 1166 1307 dixi
1182 1299 1193 1318 ‚
1212 1266 1312 1324 quia
1326 1265 1579 1309 humiliatus
1597 1274 1675 1308 est.

404 1334 460 1375 X.
481 1335 536 1375 Et
555 1351 573 1373 «
593 1333 723 1375 Venit
739 1332 894 1375 mulier
911 1337 942 1376 ’ἦ
964 1352 982 1373 »
999 1336 1156 1377 Forma
1169 1333 1372 1377 Ecclesiae
1395 1350 1482 1378 non
1499 1335 1586 1393 jam
1606 1334 1738 1394 justi-

345 1402 505 1455 ficatae,
542 1400 617 1444 sed
640 1402 730 1460 jam
750 1402 1038 1461 justificandae
1062 1422 1070 1447 :
1092 1404 1296 1459 nam-hoc
1324 1405 1409 1461 agit
1424 1419 1578 1448 sermo.
1610 1404 1740 1447 Venit

346 1471 513 1529 ignara,
538 1471 705 1515 invenit
726 1487 850 1529 eum,
868 1481 911 1515 et
938 1473 1078 1530 agitur
1100 1488 1200 1516 cum
1230 1473 1319 1518 illa.
1345 1473 1580 1517 Videamus
1601 1472 1708 1533 quid
1725 1507 1737 1525 ,

346 1541 571 1586 videamus
613 1557 747 1601 quare
779 1561 787 1586 :
827 1562 847 1583 «
877 1543 1007 1586 Venit
1044 1542 1199 1586 mulier
1238 1545 1292 1587 de
1336 1544 1524 1588 Samaria
1567 1544 1739 1587 haurire

351 1629 372 1653 »
410 1627 582 1671 aquam„
608 1630 628 1652 »
648 1612 902 1656 Samaritani
923 1612 978 1656 ad
997 1615 1021 1656 J
1026 1611 1250 1657 udaeorum
1267 1623 1436 1671 gentem
1453 1629 1541 1658 non
1554 1614 1740 1672 pertine-

347 1681 761 1741 bantzalienigenae
797 1684 912 1726 enim
941 1682 1142 1739 fuerunt,
1182 1685 1378 1744 quamvis
1412 1684 1572 1729 vicinas
1606 1694 1738 1729 terras

346 1752 600 1797 incolerent.
621 1756 822 1811 Longum
838 1763 902 1797 est
915 1755 1125 1812 originem
1144 1755 1511 1799 Samaritanorum
1529 1764 1735 1810 retexere,

346 1838 402 1866 ne
424 1838 502 1867 nos
525 1822 663 1867 multa
679 1833 879 1879 teneant,
905 1833 948 1868 et
966 1825 1202 1869 necessaria
1223 1841 1313 1869 non
1334 1824 1566 1885 loquamur
1587 1845 1596 1870 ;
1620 1826 1739 1869 suffi-

347 1893 407 1937 cit
429 1908 533 1950 ergo
555 1902 605 1936 ut
636 1894 925 1937 Samaritanos
947 1885 1059 1937 inter
1087 1893 1346 1951 alienigenas
1373 1894 1649 1954 deputemus.
1682 1897 1739 1939 Et

351 1978 407 2006 ne
430 1963 514 2006 hoc
539 1962 745 2006 audacius
767 1978 836 2006 me
854 1963 1124 2016 arbitremini
1146 1961 1299 2007 dixisse
1322 1980 1453 2023 quam
1474 1965 1638 2020 verius,
1659 1980 1737 2009 au-

351 2031 443 2076 dite
460 2032 603 2090 ipsum
621 2033 856 2076 Dominum
879 2035 901 2076 J
907 2048 1028 2076 esum
1044 2067 1055 2087 ‚
1080 2032 1188 2093 quid
1205 2032 1359 2077 dixerit
1376 2033 1431 2077 de
1453 2034 1528 2078 illo
1552 2035 1738 2079 Samari-

350 2110 454 2145 tano
470 2137 481 2156 ,
504 2117 594 2146 uno
616 2101 672 2145 de
701 2101 851 2147 decem
869 2101 1046 2161 leprosis
1063 2118 1172 2162 quos
1194 2103 1505 2159 mundaverat,
1531 2104 1606 2163 qui
1623 2104 1738 2149 solus

349 2172 479 2215 rediit
500 2181 549 2215 ut
572 2172 726 2231 gratias
750 2181 912 2231 ageret.
938 2191 958 2214 «
979 2175 1132 2218 Nonne
1154 2172 1305 2231 decem
1326 2173 1526 2217 mundati
1544 2177 1673 2218 sunt?
1695 2184 1738 2219 et

351 2261 372 2284 »
411 2258 568 2287 novem
594 2244 670 2286 ubi
697 2253 798 2287 sunt
817 2245 853 2285 ³?
874 2262 892 2285 η
920 2246 1017 2289 Non
1040 2252 1130 2287 erat
1160 2244 1268 2287 alius
1295 2244 1372 2304 qui
1404 2245 1526 2290 daret
1557 2245 1736 2303 gloriam

348 2316 439 2357 Deo
457 2346 467 2366 ‚
488 2312 569 2356 nisi
587 2312 826 2371 alienigena
848 2314 942 2357 iste.
972 2314 1164 2358 Pertinet
1185 2314 1239 2357 ad
1258 2315 1490 2372 imaginem
1512 2315 1596 2370 rei,
1618 2315 1737 2375 quod

351 2382 405 2426 ab
431 2381 678 2438 alienigenis
702 2383 819 2426 venit
842 2383 920 2426 ista
941 2382 1120 2438 mulier,
1146 2399 1245 2442 quae
1269 2394 1422 2443 typum
1447 2386 1623 2443 gerebat
1650 2389 1736 2430 Ec·
1778 2397 1784 2401 ’

351 2451 492 2496 clesiae
513 2471 523 2496 z
548 2462 728 2496 ventura
752 2454 867 2496 enim
891 2464 981 2497 erat
1004 2454 1192 2498 Ecclesia
1211 2453 1265 2497 de
1284 2457 1509 2513 gentibus,
1535 2455 1735 2514 alienige-

402 2543 410 2559 ¹
430 2537 507 2567 Psa!⁴
531 2548 634 2577 cxxix,
659 2549 685 2568 i.
708 2555 747 2559 -—
768 2546 776 2554 ἢ
794 2541 882 2569 Joan.
906 2550 951 2579 iv,
971 2551 1000 2578 7.
1027 2557 1066 2560 —
1084 2538 1096 2560 3
1122 2541 1199 2571 Luc.
1222 2550 1303 2581 xvii,
1331 2551 1379 2581 ¹7·
