1809 3173
380 202 453 237 188
808 209 839 236 s,
877 210 1104 237 AUGUS'rlNl
1140 210 1318 237 Emscom

375 296 392 316 »
430 275 543 318 enim
572 274 643 318 ille
671 273 844 329 fecerit,
878 275 970 318 hsce
1000 284 1043 318 ct
1067 274 1199 318 Filius
1216 273 1412 318 similiter
1431 273 1552 318 facit¹
1582 293 1590 318 ;
1615 291 1634 314 »
1661 288 1748 318 non

370 346 448 390 alia
467 381 476 399 ‚
498 345 572 389 sed
590 346 683 389 haec
704 365 712 390 :
740 361 819 390 nec
841 345 1123 399 dissimiliter,
1146 344 1220 389 sed
1243 345 1451 388 similiter.

430 420 506 460 ΙΙΙ.
525 420 681 460 «Pater
703 417 816 460 enim
837 416 975 474 diligit
996 417 1170 470 Filium,
1192 425 1235 459 et
1256 417 1399 460 omnia
1422 415 1690 459 demonstrat
1711 417 1748 459 ei

370 506 389 528 u
425 503 523 547 quae
545 487 635 546 ipse
653 487 794 531 facit‘2.
821 505 839 527 η
863 487 929 530 Ad
948 487 1029 530 hoc
1047 486 1165 546 quod
1182 502 1310 545 supra
1332 485 1464 540 dixit,
1490 505 1508 527 «
1526 484 1612 530 Nisi
1630 485 1749 544 quod

370 577 389 599 n
424 558 578 601 viderit
603 562 771 601 Patrem
801 557 1053 612 facientem,
1083 576 1101 597 ι)
1129 556 1301 600 videtur
1328 557 1543 616 pertinere
1565 565 1607 599 et
1629 554 1760 616 quod·

369 648 389 671 «
424 630 578 672 Omnia
607 627 874 672 demonstrat
897 628 934 670 ei
958 644 1056 686 quae
1087 627 1177 686 ipse
1207 625 1322 670 facit.
1354 627 1437 671 Sed
1469 627 1501 670 si
1526 630 1650 670 Pater
1673 625 1749 669 de·-

364 709 573 744 monstrat
597 716 696 759 quae
730 699 856 755 facit3
882 714 960 742 nec
999 697 1134 742 Filius
1162 707 1303 757 potest
1346 696 1488 741 facere
1512 697 1592 741 nisi
1624 701 1749 741 Pater

364 770 747 824 demonstraverit,
771 773 982 827 Paterque
1000 768 1293 812 demonstrare
1311 783 1399 811 non
1418 776 1558 827 potest
1579 767 1659 810 nisi
1682 766 1747 810 le-

363 843 468 886 cerit
490 863 499 898 3
520 857 786 900 consequens
803 842 883 884 erit
903 849 950 884 ut
972 856 1058 883 non
1079 855 1154 899 per
1174 839 1331 883 Filium
1352 838 1477 882 faciat
1501 838 1643 882 omnia
1668 841 1749 881 Pa-

364 922 451 956 ter:
477 928 605 971 porro
628 913 658 955 si
680 913 810 954 fixum
830 920 960 970 atque
982 912 1286 955 inconcussum
1313 921 1524 964 tenemus,
1549 909 1646 968 quia
1669 923 1748 966 per

364 982 521 1026 Filium
560 983 703 1027 omnia
735 986 859 1026 Pater
881 981 1006 1036 facit,
1039 991 1268 1041 antequam
1292 981 1441 1035 saciat,
1479 979 1747 1023 demonstrat

362 1054 485 1098 Filio.
511 1057 619 1099 Nam
642 1055 675 1097 si
698 1058 820 1098 Pater
842 1069 941 1098 cum
964 1053 1128 1107 fecerit,
1157 1053 1424 1096 demonstrat
1448 1050 1573 1104 Filio⁷
1594 1059 1643 1094 ut
1666 1050 1745 1093 Fi-

361 1124 441 1168 lius
464 1124 754 1168 demonstrata
780 1124 921 1179 faciat,
947 1139 1046 1183 quae
1068 1123 1461 1181 demonstratajam
1487 1119 1598 1165 facta
1617 1130 1742 1178 sunt3

361 1194 522 1254 aliquid
548 1195 699 1253 procul
721 1195 856 1238 dubio
881 1198 1007 1238 Pater
1029 1194 1120 1237 sine
1148 1193 1259 1237 Filio
1282 1193 1400 1236 facit.
1431 1191 1514 1236 Sed
1538 1207 1625 1235 non
1643 1189 1745 1234 facit

364 1269 487 1309 Pater
509 1264 672 1324 aliquid
695 1265 785 1308 sine
809 1265 917 1308 Filio
934 1299 943 1317 ‚
967 1265 1067 1323 quia
1092 1262 1228 1306 Filius
1253 1263 1326 1306 Dei
1347 1263 1540 1305 Verbum
1564 1261 1640 1304 Dei
1663 1270 1741 1315 est,

360 1345 402 1380 et
424 1336 567 1379 omnia
605 1352 679 1394 per
702 1337 842 1394 ipsum
867 1334 978 1379 facta
1001 1343 1116 1379 sunt.
1144 1337 1356 1377 Remanet
1383 1332 1513 1389 igitur
1535 1331 1715 1376 fortasse
1730 1365 1741 1385 ‚

358 1417 406 1450 ut
429 1423 526 1467 quae
550 1411 675 1450 Pater
708 1406 898 1451 facturus
933 1415 995 1449 est
1012 1440 1022 1460 ‚
1049 1405 1316 1449 demonstret
1345 1402 1544 1446 facienda
1560 1437 1570 1456 ,
1597 1411 1646 1445 ut
1668 1416 1744 1460 per

359 1477 517 1537 Filium
541 1478 626 1521 sint
648 1477 774 1521 facta.
799 1480 905 1521 Nam
927 1478 958 1520 si
979 1476 1113 1519 Filius
1135 1491 1183 1519 ea
1206 1474 1335 1528 facit,
1361 1489 1459 1533 quae
1484 1477 1609 1517 Pater
1632 1471 1743 1516 facta

357 1546 650 1592 demonstrat:
676 1563 723 1590 ea
747 1562 845 1607 quae
879 1550 1002 1590 Pater
1021 1545 1133 1590 facta
1163 1544 1453 1597 demonstrat,
1480 1558 1568 1586 non
1590 1543 1743 1601 utique

357 1633 433 1677 per
464 1618 621 1661 Filium
660 1617 774 1661 fecit.
808 1617 1037 1661 Monstrari
1072 1616 1187 1659 enim
1212 1631 1299 1659 non
1325 1623 1500 1674 possent
1532 1612 1641 1656 Filio
1663 1613 1743 1655 nisi

358 1688 469 1731 facta
491 1707 499 1732 :
524 1687 664 1732 facere
688 1687 820 1731 Filius
845 1703 933 1731 non
956 1696 1114 1747 posset,
1139 1687 1219 1729 nisi
1240 1694 1474 1730 monstrata
1495 1704 1503 1728 :
1526 1699 1628 1741 ergo
1651 1683 1742 1726 sine
1804 1737 1806 1739 ι

357 1759 465 1802 Filio
485 1756 621 1801 facta?
641 1757 724 1802 Sed
746 1773 896 1800 verum
915 1767 978 1801 est
992 1777 1010 1798 r<
1024 1756 1180 1800 Omnia
1203 1771 1281 1815 per
1296 1756 1437 1815 ipsum
1457 1752 1566 1797 facta
1580 1761 1680 1796 sunt
1695 1771 1703 1796 :
1718 1771 1737 1792 »

357 1844 456 1886 crgo
479 1838 711 1887 antequam
734 1828 846 1871 sacta
864 1862 874 1880 ‚
913 1836 1149 1870 monstrata
1182 1835 1297 1869 sunt.
1338 1825 1421 1870 Sed
1451 1825 1533 1868 hoc
1557 1822 1741 1866 diximus

357 1898 649 1943 differendum
671 1913 758 1942 esse
773 1932 783 1951 ‚
809 1912 897 1956 quo
919 1895 1193 1939 redeundum
1226 1896 1279 1938 sit
1302 1909 1502 1953 percursa
1524 1893 1710 1936 lectione
1727 1926 1738 1945 ‚
1802 1938 1805 1939 ⁷

356 1970 388 2012 si
407 2005 417 2024 ,
444 1978 492 2012 ut
514 1968 699 2012 diximus
715 2003 726 2021 ,
759 1966 921 2026 aliquid
946 1965 1014 2009 vel
1037 1964 1241 2023 temporis
1257 1964 1327 2008 vel
1348 1965 1506 2008 virium
1525 1963 1649 2007 nobis
1672 1976 1741 2005 re-

358 2040 587 2093 manserit,
613 2039 667 2083 ad
691 2054 738 2082 ea
756 2054 855 2098 quae
871 2036 1115 2081 distulimus
1138 2035 1427 2080 retractanda.

414 2113 488 2154 lv.
518 2109 713 2168 Amplius
737 2108 882 2152 audite
904 2116 947 2150 et
977 2105 1195 2150 difficilius
1222 2125 1231 2149 ε
1255 2124 1274 2147 «
1301 2108 1356 2149 Et
1377 2105 1535 2164 majora
1563 2103 1646 2157 his,
1670 2103 1742 2146 in-

359 2200 378 2223 »
414 2182 525 2241 quit,
551 2179 865 2224 demonstrabit
897 2179 934 2222 ei
958 2193 1103 2236 opera,
1137 2186 1186 2221 ut
1218 2192 1292 2221 vos
1323 2175 1553 2219 miremini.
1578 2175 1742 2233 Majora
1800 2201 1801 2205 =

359 2271 378 2294 »
413 2253 481 2295 his
510 2271 518 2296 ε
547 2270 566 2292 »
593 2251 753 2311 quibus
776 2250 968 2309 majora?
992 2247 1135 2292 Facile
1167 2247 1372 2300 occurrit,
1399 2247 1446 2289 iis
1468 2260 1574 2305 quas
1610 2244 1741 2288 modo

355 2322 558 2376 audistis,
604 2320 901 2365 curationibus
934 2319 1196 2376 languorum
1230 2315 1536 2376 corporalium.
1573 2317 1633 2358 De
1661 2314 1741 2359 isto
1799 2321 1801 2327 '

356 2393 469 2436 enim
494 2392 568 2451 qui
593 2392 765 2448 triginta
785 2400 827 2433 et
849 2399 948 2433 octo
966 2404 1102 2432 annos
1125 2387 1313 2431 habebat
1335 2387 1381 2429 in
1411 2385 1677 2438 infirmitate,
1698 2393 1742 2428 et

357 2463 515 2507 Christi
550 2462 684 2506 verbo
722 2469 895 2505 sanatus
926 2468 1012 2514 est,
1057 2468 1160 2504 nata
1195 2467 1258 2502 est
1292 2457 1419 2515 hujus
1450 2454 1616 2500 occasio
1648 2461 1739 2498 tota

408 2554 415 2570 ¹
437 2549 528 2580 Joan.
546 2557 580 2588 v,
610 2557 660 2587 ¹9·
681 2561 720 2568 —--
738 2552 750 2568 ’ὸ
768 2544 846 2576 naid.
869 2552 922 2576 20.
