1825 3214
269 223 314 251 m
345 216 519 249 soumis
550 213 860 252 numentum,
895 212 1042 240 ΤιιΑετ.
1078 213 1167 239 xvi.
1335 199 1408 237 151

40 292 202 337 tionem
229 289 320 347 ejus
341 283 566 346 exquirite.
598 279 681 326 Sed
713 286 956 338 repetamus
978 276 1344 336 propositionem,
1373 283 1417 316 ut

39 360 298 407 solutionem
316 351 645 400 desiderabilem
668 350 891 394 faciamus.
913 350 1062 392 Movet
1084 362 1160 389 nos
1182 361 1258 388 cur
1280 347 1420 389 Evan-

41 430 190 492 gelista
214 427 395 472 dixerit:
420 443 440 466 «
466 427 561 484 Ipse
584 421 701 466 enim
723 422 846 464 Jesus
868 416 1163 463 testimonium
1182 415 1418 474 perhibuit,

39 519 60 543 η
94 498 214 562 quod
231 497 442 558 propheta
465 494 509 538 in
530 492 666 553 patria
688 506 763 551 sua
784 490 997 533 honorem
1015 501 1104 530 non
1127 484 1274 528 habet.
1297 504 1313 524 »
1332 486 1421 527 Hoc

37 570 221 634 permoti
239 568 470 613 reteximus
487 564 618 609 verba
641 561 879 622 superiora,
897 568 946 603 ut
965 556 1232 602 inveniamus
1246 570 1323 598 cur
1343 556 1423 596 ho‹:

38 640 314 701 Evangelista
332 638 476 682 dicere
497 634 707 681 voluerit:
729 641 772 676 et
787 631 1033 675 invenimus
1054 627 1271 688 superiora
1294 625 1423 668 verba

37 714 128 775 ejus
151 713 209 757 ita
232 710 467 764 narrantis,
490 706 697 768 quoniam
721 711 819 764 post
841 700 1025 746 biduum
1049 697 1268 758 profectus
1287 704 1350 739 est
1372 695 1425 738 de

40 783 230 829 Samaria
248 782 291 825 in
315 779 538 824 Galilaeam
556 779 586 820 ¹.
608 779 790 834 Propter
811 773 895 817 hoc
918 786 1021 830 ergo
1037 768 1208 822 dixisti,
1234 783 1260 811 o
1282 769 1427 810 Evan-

39 853 190 915 gelista
209 887 221 908 ,
253 849 550 896 testimonium
573 845 842 908 perhibuisse
866 845 1015 887 Jesum
1033 875 1044 896 ,
1069 838 1190 901 quod
1216 838 1427 899 propheta

39 924 85 968 in
100 922 239 984 patria
261 936 337 966 sua
358 921 573 964 honorem
595 931 684 961 non
700 915 905 960 haberet:
925 912 1027 974 quia
1048 919 1146 971 post
1163 907 1349 953 biduum
1367 922 1428 950 re-

40 993 169 1055 liquit
192 990 429 1038 Samariam
445 1023 457 1045 ,
479 997 523 1032 et
542 986 790 1048 properavit
805 984 952 1029 venire
974 983 1020 1027 in
1042 979 1298 1026 Galilaeam‘?
1317 981 1429 1022 Imo-

37 1080 142 1110 vero
164 1062 286 1124 quasi
322 1059 473 1106 videor
505 1056 611 1102 mihi
641 1054 952 1114 congruentius
973 1051 1214 1110 intelligere
1230 1084 1241 1105 ,
1267 1049 1370 1109 quia
1398 1049 1431 1092 si

39 1128 253 1180 honorem
271 1132 316 1175 in
337 1129 476 1190 patria
494 1143 570 1172 sua
588 1128 711 1171 Jesus
732 1140 822 1170 non
838 1124 1037 1178 haberet,
1050 1136 1139 1166 non
1162 1120 1215 1164 ad
1234 1118 1430 1163 camdem

41 1204 192 1250 relicta
216 1201 406 1249 Samaria
426 1198 664 1243 festinaret.
689 1195 774 1241 Sed
791 1194 837 1239 ni
859 1192 986 1238 fallor
1004 1227 1016 1248 ,
1043 1192 1132 1235 imo
1154 1190 1257 1251 quia
1279 1202 1430 1233 verum

42 1285 132 1332 est,
159 1283 202 1319 ct
223 1289 312 1318 non
330 1271 485 1326 fallor,
506 1269 662 1313 melius
684 1267 799 1311 enim
821 1280 955 1326 quam
977 1278 1081 1323 ego,
1106 1260 1216 1306 vidit
1235 1262 1435 1317 Evange-

45 1347 143 1392 lista
160 1344 267 1405 quid
285 1343 448 1388 diceret
461 1376 474 1396 ,
495 1339 648 1384 melius
669 1353 738 1382 me
759 1337 986 1382 veritatem
1003 1333 1183 1379 videbat
1204 1367 1215 1386 ,
1241 1331 1317 1391 qui
1339 1345 1433 1374 eam

44 1417 99 1463 de
122 1425 298 1477 pectore
320 1413 494 1459 Domini
515 1410 736 1455 bibebat2.
759 1411 856 1468 Ipse
884 1416 947 1451 est
964 1406 1080 1450 enim
1098 1407 1287 1449 Joannes
1310 1417 1435 1446 evan—

45 1487 194 1548 gelista
212 1521 223 1542 ,
247 1485 324 1546 qui
345 1484 458 1528 inter
480 1495 630 1527 omnes
660 1477 896 1538 discipulos
925 1491 1056 1537 super
1087 1483 1239 1535 pectus
1263 1472 1434 1516 Domini

45 1555 372 1612 discumbebat3
389 1562 433 1597 et
453 1566 587 1614 quem
610 1550 823 1594 Dominus
843 1547 1101 1592 charitatem
1120 1544 1282 1588 debens
1300 1541 1437 1586 omni-

45 1628 150 1684 bus,
174 1636 322 1672 tamen
342 1639 434 1685 prae
451 1621 618 1668 caeteris
635 1619 861 1678 diligebat.
883 1620 1000 1676 Ergo
1023 1615 1096 1659 ille
1118 1613 1344 1658 falleretur
1360 1647 1371 1667 ,
1397 1620 1439 1655 et

45 1713 125 1758 ego
153 1707 269 1743 recta
290 1696 493 1740 sentirem
511 1696 529 1738 Ρ
551 1695 647 1737 Imo
668 1691 701 1734 si
723 1690 794 1750 pie
816 1689 936 1750 sapio
952 1723 963 1744 ,
989 1686 1245 1733 obedienter
1266 1684 1436 1729 audiam

46 1768 168 1831 quod
185 1768 313 1822 dixit,
333 1775 384 1810 ut
406 1779 573 1810 merear
593 1761 755 1809 sentire
776 1759 898 1820 quod
917 1759 1064 1804 sensit.

107 1841 189 1883 ΙΙΙ.
215 1835 410 1896 Accipite
431 1835 598 1894 itaque,
620 1829 874 1885 charissimi,
900 1828 1009 1889 quid
1025 1827 1096 1871 hic
1117 1825 1317 1879 sentiam,
1351 1823 1441 1867 sine

47 1907 315 1981 praejudicio,
351 1905 385 1949 si
419 1919 494 1949 vos
514 1896 685 1946 ¹melius
722 1898 888 1960 aliquid
921 1897 1149 1943 senseritis.
1186 1894 1441 1953 Magistrum

49 1979 165 2023 enim
187 1991 327 2021 unum
359 1988 509 2020 omnes
530 1972 759 2021 habemus,
781 1978 826 2014 et
846 1984 934 2012 una
971 1966 1119 2012 schola
1154 1962 1442 2023 condiscipuli

50 2063 214 2094 sumus.
240 2048 334 2091 Hoc
356 2059 457 2104 ergo
487 2042 642 2096 sentio,
671 2049 719 2084 et
738 2038 884 2084 videte
907 2038 941 2082 si
963 2053 1052 2082 non
1085 2045 1162 2080 aut
1182 2049 1335 2081 verum
1359 2041 1438 2087 est,

52 2127 127 2164 aut
149 2117 414 2184 propinquat
434 2113 605 2158 veritati
626 2111 747 2171 quod
773 2109 927 2154 sentio.
955 2111 1006 2152 In
1036 2105 1225 2152 Samaria
1255 2103 1440 2148 biduum

53 2187 171 2243 fecit,
196 2195 239 2231 et
267 2183 547 2230 crediderunt
567 2182 614 2225 in
630 2195 730 2224 eum
760 2178 1045 2224 Samaritani:
1073 2185 1140 2220 tot
1162 2176 1252 2220 dies
1280 2175 1325 2218 in
1353 2174 1443 2217 Ga-

53 2257 167 2302 lilaea
194 2254 322 2310 fecit,
347 2263 391 2298 et
411 2268 501 2298 non
518 2254 565 2295 in
591 2265 692 2294 eum
726 2248 1006 2294 crediderunt
1033 2245 1214 2291 Galilaei.
1248 2244 1444 2289 Retexite

54 2326 124 2373 vel
146 2326 322 2371 recolite
342 2323 550 2374 memoria
568 2320 760 2366 hesterni
783 2319 868 2363 diei
891 2328 933 2364 et
952 2318 1182 2363 lectionem
1205 2325 1247 2360 et
1281 2329 1444 2359 sermo-

55 2411 171 2441 nem.
197 2395 328 2440 Venit
350 2394 395 2437 in
410 2391 661 2446 Samariam,
681 2389 760 2433 ubi
774 2404 874 2433 eum
896 2389 1037 2450 primo
1060 2385 1216 2431 mulier
1235 2385 1308 2430 illa
1328 2399 1443 2444 prae-

59 2466 293 2520 dicaverat,
319 2479 419 2509 cum
442 2479 529 2523 qua
551 2462 606 2506 ad
622 2469 805 2520 puteum
834 2459 970 2504 Jacob
993 2457 1162 2503 locutus
1185 2465 1275 2501 erat
1292 2468 1446 2510 magna

111 2572 118 2586 ¹
148 2566 238 2595 Joan.
261 2566 307 2602 iv,
323 2561 378 2603 43.
403 2578 442 2583 -
461 2560 535 2591 ²1d.
560 2570 627 2597 xm,
647 2557 699 2589 25.
