1809 3173
389 190 472 231 284
821 203 854 230 s.
890 199 1118 230 AUGUsTlNl
1151 203 1330 230 Emscopr

385 267 699 322 tribulationes,
726 277 940 327 augentur
952 267 1080 322 mala,
1098 277 1310 325 augentur
1331 268 1625 323 contritiones,
1641 284 1762 328 exag-

385 348 591 397 gerantur
622 338 714 382 haec
737 339 880 382 omnia
905 358 914 383 :
941 341 1067 382 ,lesus
1087 339 1254 393 transit,
1279 337 1446 382 calcans
1469 339 1642 382 fluctus.

442 411 541 452 VII.
568 411 624 452 Et
646 417 790 452 tamen
813 418 944 453 tantae
966 417 1068 452 sunt
1095 408 1396 452 tribulationes
1413 443 1423 463 ,
1451 418 1499 452 ut
1522 408 1650 452 etiam
1682 409 1761 468 ipsi

382 480 458 540 qui
505 479 784 524 crediderunt
826 480 871 523 in
904 482 1050 524 Jesum
1066 513 1077 534 ‚
1117 488 1159 522 et
1207 480 1281 539 qui
1320 489 1534 524 conantur
1562 495 1762 539 perseve-

382 565 476 594 rare
501 566 636 611 usque
664 551 709 594 in
735 552 866 594 finem
885 585 895 603 ‚
930 558 1215 608 expavescant
1244 565 1299 592 ne
1330 550 1533 594 deficiant
1558 570 1566 594 ε
1591 550 1762 596 Christo

380 622 539 666 fluctus
572 621 790 675 calcante,
816 620 960 664 saeculi
996 619 1252 664 ambitiones
1280 629 1323 664 et
1345 620 1594 664 altitudines
1618 621 1763 680 depri-

380 703 525 739 mente
541 729 552 747 ‚
595 693 840 752 expavesvit
877 692 1160 737 Christianus.
1204 695 1357 737 Nonne
1396 693 1489 736 haec
1535 691 1597 736 illi
1647 709 1762 752 prae-

379 764 495 809 dicta
523 766 650 807 sunt?
672 764 828 807 Merito
853 772 895 806 et
917 765 1019 806 Jesu
1050 763 1095 805 in
1120 762 1327 806 fluctibus
1360 762 1610 806 ambulante
1627 798 1637 817 ‚
1662 782 1682 804 «
1707 764 1763 807 ti-

380 854 400 877 »
437 844 641 878 muerunt
677 854 685 878 2
723 855 739 875 »
778 833 1000 894 quomodo
1042 833 1274 877 Christiani
1310 833 1506 893 quamvis
1553 832 1761 877 habentes

377 920 497 963 spem
520 905 565 947 in
587 903 735 947 futuro
755 904 930 957 saeculo,
956 902 1133 963 quando
1149 901 1334 946 viderint
1352 902 1537 962 deprimi
1560 903 1758 947 altitudi-

377 991 475 1019 nem
495 974 640 1019 saeculi
659 975 802 1034 hujus⁷
820 974 1079 1035 plerumque
1097 974 1414 1018 conturbantur
1430 975 1483 1018 de
1501 974 1760 1018 contritione

376 1062 520 1090 rerum
538 1047 840 1090 humanarum.
858 1046 1072 1105 Aperiunt
1086 1044 1388 1103 Evangehum,
1409 1044 1608 1104 aperiunt
1624 1045 1761 1104 Scrip-

376 1128 518 1174 turas3
542 1128 584 1162 et
608 1118 835 1162 inveniunt
852 1117 910 1161 ibi
927 1117 1006 1161 ista
1024 1117 1169 1161 omnia
1187 1115 1393 1176 praedicta
1413 1138 1423 1173 3
1448 1116 1549 1176 quia
1567 1117 1650 1160 hoc
1672 1120 1759 1161 Do-

373 1190 517 1234 minus
532 1189 650 1234 facit.
672 1189 882 1248 Deprimit
904 1187 1178 1232 celsitudines
1198 1187 1361 1242 saeculi,
1378 1196 1428 1231 ut
1451 1188 1505 1232 ab
1521 1187 1759 1232 humilibus

374 1260 650 1318 glorificetur.
680 1263 740 1303 De
767 1275 953 1319 quorum
978 1257 1206 1303 altitudine
1234 1257 1490 1317 praedictum
1518 1267 1606 1312 est,
1639 1276 1658 1299 «
1682 1258 1758 1302 Ci-

376 1350 395 1372 »
429 1333 583 1376 vitates
606 1331 866 1374 firmissimas
888 1329 1081 1373 destrues
1100 1348 1108 1373 :
1127 1338 1184 1383 et,
1203 1328 1371 1371 Inimici
1393 1328 1649 1372 defecerunt
1672 1327 1757 1371 fra-

375 1419 395 1443 »
431 1418 538 1446 meae
570 1403 614 1445 in
648 1402 777 1444 finem
799 1436 809 1455 ‚
842 1410 884 1444 et
911 1400 1104 1444 civitates
1133 1398 1430 1443 destruxisti1.
1451 1417 1470 1439 »
1500 1398 1615 1452 Quid
1654 1414 1756 1458 ergo

357 1473 531 1516 timetis
554 1472 818 1517 Christiani?
843 1471 1038 1515 Christus
1068 1470 1264 1529 loquitur
1287 1489 1295 1513 :
1321 1488 1337 1508 «
1362 1472 1454 1527 Ego
1487 1485 1597 1523 sum,
1623 1469 1756 1513 nolite

370 1544 563 1587 timere·2.
592 1562 610 1584 »
637 1542 752 1596 Quid
772 1543 864 1586 haec
882 1540 1192 1600 expavescitis?
1223 1538 1339 1592 Quid
1363 1539 1547 1582 timetis?
1564 1542 1656 1596 Ego
1677 1540 1755 1584 ista

370 1615 564 1673 praedixi,
587 1630 668 1673 ego
686 1614 812 1668 facio,
839 1628 1029 1657 necessse
1051 1621 1114 1656 est
1126 1621 1175 1655 ut
1192 1611 1314 1654 fiant.
1338 1613 1464 1667 «Ego
1486 1625 1597 1665 sum,
1618 1609 1755 1654 nolite

374 1705 393 1727 »
431 1687 594 1730 timere.
616 1685 862 1730 Voluerunt
899 1700 1001 1743 ergo
1049 1698 1150 1727 eum
1184 1682 1377 1741 accipere
1418 1682 1463 1724 in
1504 1681 1697 1736 navimss,
1729 1700 1749 1722 »

370 1767 649 1817 agnoscentes
687 1773 735 1801 ac
765 1757 1026 1816 gaudentes,
1068 1753 1208 1799 securi
1230 1752 1349 1796 facti.
1381 1771 1401 1793 «
1424 1754 1480 1795 Et
1507 1752 1649 1795 statim
1670 1750 1753 1796 fuit

371 1848 391 1871 »
427 1831 547 1874 navis
568 1830 622 1874 ad
655 1838 812 1873 terram
829 1864 840 1882 ,
864 1828 909 1871 in
937 1842 1069 1887 quam
1095 1826 1233 1869 ibant.
1269 1842 1288 1865 »
1312 1827 1470 1868 Factus
1492 1832 1555 1867 est
1580 1823 1676 1867 finis
1698 1824 1752 1867 ad
1808 1859 1809 1872 ,

367 1912 525 1946 terram
552 1921 560 1945 :
584 1900 638 1945 de
659 1899 841 1944 humido
878 1898 933 1943 ad
960 1897 1164 1952 solidum,
1201 1896 1255 1939 de
1280 1895 1457 1939 turbato
1481 1893 1536 1938 ad
1556 1895 1748 1950 firmum,

369 1972 423 2016 de
444 1973 596 2016 itinere
613 1971 667 2015 ad
681 1972 828 2014 finem.

428 2045 550 2086 VIII.
569 2041 747 2086 «Altera
766 2041 836 2084 die
853 2039 981 2084 turba
999 2053 1097 2097 quae
1115 2036 1256 2080 stabat
1271 2045 1388 2079 trans
1401 2035 1561 2088 mare4‚
1587 2052 1607 2075 »
1631 2034 1749 2078 unde

368 2114 428 2157 illi
451 2122 657 2157 venerant
682 2132 690 2157 :
715 2132 735 2155 «
766 2112 879 2156 Vidit
896 2110 996 2170 quia
1019 2107 1217 2152 navicula
1235 2123 1325 2151 non
1348 2115 1439 2150 erat
1461 2106 1521 2149 ibi
1540 2105 1620 2149 nisi
1641 2121 1744 2161 una,
1808 2151 1809 2158 χ

371 2203 391 2226 »
427 2194 470 2228 et
486 2186 585 2244 quia
609 2199 697 2227 non
720 2183 934 2226 introisset
957 2195 1056 2224 cum
1078 2177 1297 2237 discipulis
1319 2178 1405 2221 suis
1420 2178 1463 2220 in
1485 2192 1654 2231 navem,
1673 2175 1748 2220 sed
1806 2204 1808 2232 3

372 2274 390 2296 »
427 2253 504 2299 soli
529 2252 727 2312 discipuli
761 2255 851 2313 ejus
889 2251 1093 2295 abiissent
1119 2269 1127 2294 :
1153 2249 1248 2293 aliae
1272 2264 1374 2292 vero
1406 2256 1749 2307 supervenerunt
1808 2301 1809 2304 Ἴ

370 2345 389 2368 »
426 2341 556 2370 naves
579 2341 601 2368 a
626 2323 866 2377 Tiberiade,
883 2324 1007 2382 juxta
1023 2320 1169 2365 locum
1191 2320 1267 2364 ubi
1283 2319 1657 2363 manducaverunt
1674 2334 1747 2377 pa·

370 2416 390 2438 »
426 2411 541 2451 nem⁷
557 2395 711 2453 gratias
732 2402 884 2452 agente
908 2393 1103 2437 Domino.
1122 2394 1232 2436 Cum
1248 2406 1350 2449 ergo
1365 2389 1569 2435 vidissent
1587 2389 1741 2444 turbae,

368 2486 389 2509 »
424 2467 526 2527 quia
549 2469 670 2510 Jesus
690 2480 779 2509 non
800 2473 908 2508 esset
922 2463 998 2518 ibi,
1023 2477 1165 2522 neque
1187 2459 1387 2520 discipuli
1404 2462 1509 2520 ejus,
1535 2458 1741 2504 ascende-

416 2559 424 2574 ¹
450 2550 640 2593 Psal.1x‚7.
664 2567 705 2573 —-
724 2557 736 2573 ²
751 2551 841 2581 Joan.
864 2558 906 2589 vi,
920 2556 974 2580 20.
996 2563 1037 2569 —
1063 2544 1171 2579 31bid.
1190 2553 1244 2579 21.
1268 2562 1309 2567 —-
1327 2543 1444 2576 41bid.
1465 2552 1521 2576 2¹2.
