1825 3214
274 289 314 314 ιΝ
350 285 524 315 mamus
556 284 866 323 EVANGELHJM,
887 283 1031 311 rimer.
1068 284 1164 309 xiii.
1333 270 1413 309 107

30 353 208 400 omnino
237 352 442 411 conjuges
471 351 630 395 habere
654 365 743 395 non
772 349 928 403 vultis,
961 347 1016 391 do
1048 347 1307 406 conjugibus
1336 362 1415 406 pa-

30 433 142 469 trum
164 432 405 468 vestrorum
430 423 518 466 nati
548 422 646 466 estis
674 440 682 466 ε
709 419 879 465 nullum
901 434 976 463 cor
996 426 1059 461 est
1080 417 1199 478 quod
1227 433 1315 461 non
1339 418 1416 461 iste

30 504 178 554 tangat
201 495 410 550 assi-ctus;
436 491 583 536 nullus
602 494 645 536 in
667 492 796 536 rebus
820 489 1021 534 humanis
1045 497 1130 532 tarn
1155 488 1272 532 avius
1295 504 1316 531 a
1342 505 1417 545 go-

29 581 132 610 nere
155 566 347 610 humano
371 573 434 608 est
455 599 464 619 ‚
495 565 570 624 qui
594 562 714 624 quod
737 563 834 607 dieo
852 577 942 606 non
967 561 1140 604 sentiat.
1167 559 1316 603 Ponite
1339 559 1418 602 ali-

29 651 160 698 quem
183 651 362 696 peregre
387 635 656 695 profectum,
678 633 1004 679 commendasse
1027 631 1163 676 amico
1186 645 1264 675 suo
1288 645 1419 689 spon-

29 723 119 753 sam
137 723 260 752 suam
284 727 292 752 ;
318 708 447 758 ride,
472 720 621 767 quaeso
637 716 678 751 te
693 741 704 762 ‚
729 707 886 750 charus
909 719 1031 749 meus
1053 718 1096 747 es
1112 738 1122 758 ‚
1146 718 1201 746 ne
1216 701 1327 746 forte
1350 717 1419 745 ms»

30 779 209 824 absente
232 794 310 838 pro
332 794 400 822 me
421 777 575 838 aliquis
603 786 784 822 ametur.
809 775 958 830 Qualis
980 789 1082 833 engo
1100 773 1172 818 ille
1189 809 1200 829 ‚
1221 773 1298 834 qui
1321 788 1419 818 eus-
1438 823 1444 828 ¹

29 850 198 894 todiens
219 864 419 908 sponsam
443 848 510 893 vel
535 863 711 893 uxorem
737 848 860 892 amici
888 847 980 900 sui,
1006 846 1081 890 dat
1102 844 1279 905 quidem
1315 859 1420 904 ope-

29 935 119 965 ram
153 928 201 963 ut
231 919 377 963 nullus
405 918 513 963 alius
541 928 735 973 ametur,
767 919 842 963 sed
871 918 904 962 si
933 933 976 962 se
1006 916 1139 961 amari
1170 931 1249 975 pro
1278 915 1419 960 amico

29 990 236 1045 voluerit,
269 998 313 1033 et
335 988 399 1032 uti
427 988 616 1032 voluerit
643 987 947 1033 commendata
972 987 1055 1032 sibi
1072 1023 1082 1042 ‚
1124 1001 1256 1047 quam
1279 985 1421 1030 detes-

31 1054 190 1105 tandus
227 1059 430 1103 universo
461 1059 656 1103 humano
695 1058 842 1117 generi
873 1060 1085 1118 apparet?
1113 1056 1270 1102 Videat
1300 1056 1420 1101 illam

29 1130 253 1192 aliquanto
286 1129 555 1190 petulantius
578 1145 654 1189 per
683 1128 920 1188 fenestram
947 1126 1172 1173 attendere
1193 1135 1268 1171 aut
1284 1127 1421 1186 Joeari

28 1216 128 1247 cum
158 1200 303 1261 aliquo
322 1235 333 1256 ,
366 1200 570 1260 prohibet
602 1209 813 1261 tanquam
845 1199 983 1244 zelet:
1020 1198 1149 1244 video
1182 1198 1419 1249 zelantem,

30 1271 106 1318 sed
127 1272 299 1317 videam
321 1273 389 1317 cui
404 1307 414 1327 ‚
443 1281 593 1316 utrum
626 1272 764 1316 amieo
795 1270 963 1315 absenti
983 1305 994 1326 ,
1024 1285 1079 1314 an
1097 1269 1179 1313 sibi
1201 1269 1418 1329 praesenti.

33 1347 189 1388 Putate
222 1344 306 1388 hoc
339 1342 575 1387 Dominum
599 1351 797 1387 nostrum
831 1344 981 1386 Jesum
1007 1341 1230 1386 Christum
1251 1338 1418 1384 fecisse.

30 1413 368 1460 Commendavit
390 1413 529 1457 amico
559 1427 637 1457 suo
661 1427 862 1473 sponsam
881 1427 1001 1457 suam
1015 1447 1026 1467 ‚
1053 1427 1232 1472 peregre
1248 1410 1423 1471 profec-

30 1493 101 1529 tus
124 1492 188 1528 est
218 1484 412 1543 accipere
434 1498 617 1542 regnum
636 1486 647 1543 ξ
666 1519 676 1539 ,
702 1484 814 1528 sicut
835 1482 943 1527 dicit
967 1483 1058 1542 ipse
1080 1482 1126 1525 in
1156 1481 1394 1541 Evangelio
1409 1516 1420 1536 ,

32 1563 76 1600 et
96 1563 243 1599 tamen
264 1569 453 1614 praesens
475 1564 539 1599 est
560 1555 798 1615 majestate.
815 1553 1012 1598 Fallatur
1029 1552 1192 1597 amicus
1210 1552 1284 1612 qui
1306 1561 1423 1596 trans

32 1641 150 1670 mare
177 1625 399 1686 profectus
420 1635 513 1684 est3
538 1636 581 1670 et
602 1626 635 1670 si
660 1625 826 1670 fallitur
843 1661 853 1680 ,
878 1640 944 1669 vfe
965 1624 1029 1668 illi
1045 1624 1121 1683 qui
1142 1623 1255 1668 saliit
1282 1642 1290 1667 :
1316 1621 1423 1683 quid

32 1699 178 1742 Deum·
194 1695 346 1740 fallere
362 1705 593 1751 conantur,
618 1699 758 1740 Deum
780 1696 1026 1739 intuentem
1051 1694 1250 1739 omnium
1274 1693 1421 1749 corda,

0 1800 3 1806 .
33 1775 77 1811 et
108 1766 305 1811 omnium
328 1774 491 1810 secreta
521 1767 784 1810 rimantem?
813 1766 969 1810 Existit
992 1765 1146 1825 aliquis
1169 1764 1422 1820 haereticus,

32 1847 76 1882 et
97 1837 203 1882 dicit
227 1856 238 1883 z
263 1839 355 1896 Ego
382 1837 464 1891 do,
493 1851 573 1895 ego
605 1837 853 1891 sanctifico,
889 1852 971 1896 ego
985 1837 1200 1898 justifico,
1230 1836 1333 1881 nolo
1356 1851 1425 1881 eas

35 1907 90 1952 ad
116 1907 236 1952 illam
272 1916 448 1952 sectam.
473 1907 590 1951 Bene
612 1907 792 1967 quidem
816 1906 954 1963 zelat,
988 1907 1064 1952 sed
1090 1906 1192 1953 vide
1218 1907 1303 1952 cui.
1327 1909 1425 1953 Non

35 1992 104 2022 eas
123 1976 179 2022 ad
200 1975 338 2033 idola,
364 1977 476 2022 bene
499 1977 609 2021 zelat
635 1996 643 2022 ι
674 1993 767 2022 non
794 1977 850 2022 ad
879 1977 1104 2037 sortilegos
1120 2013 1131 2033 ,
1155 1978 1267 2022 bene
1297 1977 1422 2022 zelat.

19 2047 270 2093 -Videamus
291 2041 362 2094 cui
381 2048 491 2093 zelat
515 2067 523 2093 ε
549 2050 643 2108 Ego
663 2047 783 2109 quod
802 2047 860 2094 do
877 2058 1077 2094 sanctum
1100 2057 1164 2094 est
1186 2068 1194 2094 ε
1220 2050 1322 2110 quia
1344 2064 1438 2109 ego>

35 2119 127 2164 do:
153 2134 234 2178 ego
252 2134 384 2180 quem
407 2119 581 2179 baptizo
612 2119 853 2180 baptizatus
870 2129 959 2176 est,
985 2134 1116 2180 quem
1137 2135 1228 2165 non
1250 2120 1425 2180 baptizo

35 2205 126 2236 non
160 2198 224 2234 est
267 2189 523 2249 baptizatus.
562 2189 677 2234 Audi
711 2191 898 2236 amicum
937 2192 1108 2251 sponsi,
1138 2190 1255 2236 disee
1287 2191 1427 2236 zelare

18 2260 174 2308 *amico
206 2270 279 2304 tuo
305 2279 313 2305 ε
340 2260 443 2304 audi
470 2275 621 2305 vocem
645 2259 786 2306 illius:
812 2280 831 2304 «
847 2262 929 2306 Hic
953 2271 1017 2306 est
1040 2262 1117 2322 qui
1138 2261 1330 2322 baptizat
1347 2265 1379 2306 ².
1401 2280 1422 2304 »

36 2332 179 2384 Quare
201 2330 281 2375 tibi
308 2331 371 2375 vis
399 2345 597 2390 arrogare
623 2331 745 2392 quod
767 2341 893 2377 tuum
923 2348 1011 2378 non
1034 2335 1127 2377 est?
1153 2335 1296 2393 Usque
1318 2333 1426 2378 adeo

36 2401 189 2446 absens
204 2410 267 2445 est
283 2401 360 2460 qui
381 2401 451 2451 hie
474 2402 649 2462 reliquit
664 2417 866 2462 sponsam
888 2417 1011 2447 suam
1026 2404 1043 2445 *Ξ
1058 2404 1204 2449 Nescis
1229 2404 1329 2463 quia
1353 2403 1426 2447 ille

36 2471 112 2532 qui
142 2487 166 2516 a
201 2472 383 2516 mortuis
417 2473 674 2528 resurrexit,
708 2472 763 2518 ad
796 2472 1019 2520 dexteram
1041 2474 1181 2519 Patris
1202 2474 1358 2518 sedet?
1383 2473 1424 2517 Si

34 2550 390 2602 contempserunt
409 2557 509 2586 eum
530 2545 555 2587 J
560 2543 672 2587 udaei
693 2543 739 2588 in
766 2543 886 2603 ligno
911 2543 1181 2604 pendentem
1196 2579 1207 2599 ‚
1243 2553 1293 2588 tu
1316 2557 1424 2587 eon-

84 2633 94 2651 ¹
115 2629 190 2660 Luc.
214 2639 281 2670 xix,
306 2637 354 2662 12.
378 2643 415 2654 -·‹
435 2636 447 2652 ²
462 2631 593 2671 Joan.1‚
611 2629 664 2662 33.
