1809 3173
378 166 456 202 11³2
801 173 833 200 5.
873 173 1099 203 Atets‘nm
1135 178 1312 205 misceri

438 241 530 282 vil.
558 256 576 279 «
598 241 752 292 Amen,
770 255 895 282 amen
915 239 1011 284 dico
1035 242 1169 296 vobis,
1194 243 1294 301 quia
1316 243 1391 302 qui
1405 243 1583 287 verbum
1608 259 1751 288 meum

377 328 396 350 n
432 308 569 364 audit,
594 318 637 353 et
656 309 792 353 credit
809 310 846 353 ei
874 311 947 370 qui
971 312 1083 354 misit
1107 328 1189 366 me,
1218 314 1348 356 habet
1367 313 1497 357 vitam
1517 324 1720 359 aeternam
1740 336 1750 372 ·,

378 398 397 421 »
434 389 477 424 et
498 380 541 423 in
558 379 770 439 judicium
786 396 872 424 non
896 383 1027 436 venit,
1044 383 1117 425 scd
1133 384 1298 427 transiit
1313 386 1343 438 ¹,
1365 403 1384 425 »
1403 400 1489 428 non
1507 401 1624 430 nunc
1644 396 1753 430 tran-

373 451 442 504 sit,
468 449 543 494 sed
579 451 670 510 jam
696 469 716 492 «
743 451 909 495 transiit
938 467 961 494 a
983 460 1121 495 morte
1139 452 1183 496 in
1204 454 1352 497 vitam.
1379 473 1396 495 »
1424 457 1480 498 Et
1501 456 1582 500 hoc
1613 465 1754 500 atten-

372 522 462 566 dite
479 556 490 577 ,
521 541 540 564 «
566 522 646 575 Qui
682 522 866 566 verbum
894 538 1039 566 meum
1062 523 1179 566 audit
1210 543 1217 567 ;
1244 543 1262 564 »
1284 534 1327 568 et
1358 541 1446 569 non
1469 526 1593 581 dixit,
1619 527 1757 571 credit

373 592 506 649 mihi,
531 592 628 646 sed,
659 610 678 633 «
704 590 841 635 credit
863 592 900 635 ei
924 593 997 652 qui
1021 609 1089 636 me
1112 594 1241 637 misit.
1270 612 1289 635 »
1312 596 1504 639 Verbum
1534 611 1634 655 ergo
1659 597 1757 641 Filii

374 661 538 717 audiat,
570 670 619 706 ut
648 662 763 705 Patri
792 661 953 706 credat.
984 665 1126 716 Quare
1159 665 1342 708 verbum
1385 665 1506 709 audit
1542 676 1683 721 tuum,
1715 676 1757 710 et

373 733 511 778 eredit
528 732 679 777 alteri?
696 735 849 777 Nonne
867 749 967 777 cum
986 733 1364 795 verbumnalicujus
1383 736 1598 792 audimus,
1617 737 1757 782 eidem

374 805 557 848 verbum
576 801 811 863 proferenti
833 802 1065 858 credimus,
1081 804 1278 864 loquenti
1300 807 1425 850 nobis
1441 807 1571 850 fidem
1588 823 1759 852 accom-

375 874 637 918 modamus?
659 872 774 925 Quid
792 888 894 931 ergo
917 873 1055 917 voluit
1078 874 1235 929 dicere,
1265 895 1284 917 «
1306 877 1386 929 Qui
1407 878 1588 921 verbum
1614 893 1759 922 meum

377 963 398 986 »
434 943 572 999 audit,
598 953 641 987 et
669 943 807 987 credit
833 945 870 986 ei
892 944 968 1003 qui
1008 945 1122 988 misit
1164 960 1232 989 me
1259 966 1267 991 z
1290 966 1309 987 »
1335 948 1416 990 nisi
1446 949 1546 1006 quia
1578 950 1760 993 verbum

377 1016 468 1075 ejus
486 1024 549 1059 est
569 1015 614 1058 in
637 1016 804 1058 mePEt
820 1014 926 1074 quid
950 1024 1028 1065 est,
1054 1015 1226 1059 «Audit
1249 1018 1430 1061 verbum
1456 1034 1617 1074 meum,
1639 1038 1658 1060 n
1681 1020 1761 1063 nisi

381 1086 504 1131 audit
526 1088 623 1130 me?
642 1106 661 1128 «
683 1086 866 1131 Credit»
885 1095 1028 1130 autem
1049 1106 1066 1127 «
1089 1087 1126 1130 ei
1148 1089 1223 1147 qui
1245 1089 1359 1132 misit
1382 1105 1477 1134 me:
1502 1109 1520 1131 »
1537 1091 1636 1151 quia
1659 1106 1761 1135 cum

374 1158 437 1202 illi
461 1158 614 1213 credit,
640 1158 773 1201 verbo
795 1158 885 1218 ejus
908 1157 1046 1202 credit
1068 1178 1075 1202 :
1101 1175 1199 1203 cum
1223 1169 1365 1204 autem
1389 1162 1523 1206 verbo
1548 1164 1638 1221 ejus
1665 1178 1760 1207 cre-

377 1229 457 1285 dit,
483 1229 590 1273 mihi
615 1227 753 1273 credit
777 1247 786 1272 2
815 1228 915 1287 quia
938 1229 1132 1272 Verbum
1158 1231 1290 1274 Patris
1315 1247 1394 1289 ego
1416 1248 1525 1275 sum⁴
1554 1236 1639 1277 Pax
1661 1249 1761 1290 ergo

374 1301 419 1344 in
441 1301 686 1360 Scripturis,
712 1308 754 1342 et
772 1300 915 1343 omnia
939 1299 1161 1359 disposita,
1182 1317 1458 1361 nequaquam
1479 1304 1673 1348 rixantia.
1698 1307 1763 1349 Tu

373 1372 510 1432 abjice
539 1371 660 1415 litem
689 1369 830 1414 cordis
862 1370 941 1423 tui,
978 1371 1173 1430 intellige
1197 1372 1473 1417 concordiam
1516 1375 1762 1434 Scriptura-

373 1457 486 1486 rum.
508 1439 734 1501 Numquid
755 1440 970 1484 contraria
991 1441 1073 1484 sibi
1096 1441 1190 1485 dice
1200 1452 1262 1486 ret
1284 1444 1470 1487 veritas?

433 1515 554 1557 VllI.
585 1532 604 1554 (ι
622 1512 703 1565 Qui
721 1512 904 1556 verbum
927 1528 1072 1556 meum
1101 1513 1239 1568 audit,
1265 1524 1308 1558 et
1334 1514 1472 1558 eredit
1489 1516 1525 1559 ei
1555 1516 1629 1576 qui
1646 1517 1763 1560 misit

376 1603 397 1627 »
432 1600 518 1639 me,
544 1582 676 1628 habet
702 1583 834 1627 vitam
867 1592 1100 1641 aeternam,
1125 1585 1229 1628 etin
1255 1584 1472 1643 judicium
1502 1602 1590 1630 non
1623 1587 1758 1642 venit,

376 1675 397 1698 »
433 1656 506 1700 sed
525 1655 692 1700 transiit
705 1670 728 1698 a
743 1664 880 1699 morte
896 1655 1099 1699 invitam.
1126 1674 1144 1696 »
1165 1657 1420 1701 Meministis
1432 1658 1549 1716 quod
1565 1657 1761 1717 superius

375 1741 673 1788 posueramus,
698 1725 799 1785 quia
829 1745 848 1767 «
877 1726 997 1770 Sicut
1022 1729 1147 1770 Pater
1169 1727 1346 1770 suscitat
1379 1736 1573 1772 mortuos
1586 1737 1628 1772 et
1649 1728 1759 1772 vivi-

377 1817 398 1839 »
433 1799 548 1851 ficat,
582 1798 640 1841 sic
682 1805 725 1839 et
758 1796 894 1839 Filius
922 1811 1030 1856 quos
1067 1796 1163 1840 vult
1200 1797 1400 1841 vivificat.
1430 1816 1449 1838 η
1480 1798 1638 1858 Incipit
1670 1800 1761 1858 jam

374 1868 540 1928 aperire
561 1883 621 1920 se,
647 1875 690 1910 et
711 1865 833 1926 loqui
858 1865 913 1909 de
936 1867 1246 1910 resurrectione
1278 1877 1566 1923 mortuorum,
1597 1878 1640 1912 et
1662 1884 1761 1913 ecce
1796 1896 1798 1933 ᾗ

368 1940 458 2000 jam
488 1945 718 1995 resurgunt
740 1936 916 1980 mortui.
942 1936 1068 1989 «Qui
1092 1937 1207 1979 enim
1235 1937 1417 1981 verbum
1440 1953 1586 1981 meum
1620 1938 1757 1993 audit,
1796 1970 1797 2000 1

374 2031 394 2053 »
429 2020 472 2055 et
491 2009 629 2055 credit
656 2009 695 2052 ei
717 2009 792 2069 qui
820 2008 935 2052 misit
966 2023 1050 2063 me,
1081 2008 1215 2053 habet
1235 2009 1369 2052 vitam
1397 2018 1620 2064 aeternam,
1652 2019 1693 2054 et
1715 2011 1759 2054 in
1796 2035 1797 2038 ¹

376 2099 396 2122 »
427 2079 644 2141 judicium
679 2094 768 2122 non
809 2079 966 2122 veniet.
1006 2095 1026 2117 »
1068 2077 1208 2121 Proba
1253 2078 1352 2137 quia
1394 2079 1638 2122 resurrexit.
1675 2079 1758 2124 Sed

378 2171 399 2193 «
436 2151 619 2205 transiit,
640 2149 799 2209 inquit,
821 2165 842 2192 a
866 2158 1006 2192 morte
1024 2148 1068 2191 in
1089 2149 1236 2192 vitam.
1264 2166 1282 2189 »
1302 2149 1385 2201 Qui
1400 2150 1565 2193 transiit
1579 2165 1603 2194 a
1619 2159 1758 2194 morte

375 2221 431 2266 ad
451 2221 600 2275 vitam,
624 2219 747 2263 nullo
783 2218 1010 2262 dubitante
1052 2218 1205 2277 utique
1242 2219 1486 2263 resurrexit.
1514 2221 1610 2263 Non
1641 2220 1756 2264 enim

375 2291 576 2335 transiret
595 2290 649 2333 de
667 2298 805 2333 morte
827 2289 881 2332 ad
895 2288 1044 2343 vitam,
1067 2289 1144 2332 nisi
1165 2289 1304 2347 primo
1325 2299 1434 2333 esset
1460 2290 1505 2333 in
1533 2300 1688 2344 morte,
1714 2299 1757 2334 et

375 2377 463 2406 non
478 2369 588 2405 esset
608 2361 652 2403 in
668 2360 752 2403 vita
771 2378 778 2403 :
804 2375 903 2403 eum
921 2360 1307 2414 autemtransierit,
1324 2361 1404 2403 erit
1425 2361 1470 2404 in
1488 2360 1590 2414 vita,
1610 2371 1651 2404 et
1667 2376 1753 2404 nou
1798 2365 1801 2390 ’»

374 2433 456 2477 erit
478 2432 523 2475 in
539 2439 693 2476 morte.
720 2450 740 2472 «
765 2433 965 2476 Mortuus
999 2445 1100 2489 ergo
1128 2439 1233 2485 erat,
1266 2439 1308 2474 et
1343 2431 1518 2488 revixit,
1553 2431 1751 2490 perierat,

423 2523 430 2540 ¹
447 2519 527 2549 Joau
544 2527 576 2557 v,
595 2514 650 2557 24.
