1825 3214
268 225 310 251 in
344 222 518 251 somnis
551 221 857 260 EVANGELIUM‚
891 225 1037 250 Timor.
1075 223 1249 251 xxxviii.
1376 213 1452 253 421

74 305 205 351 quem
224 290 366 334 Judaei
380 291 480 350 quia
503 305 590 333 non
611 288 871 343 credebant,
889 291 1045 334 merito
1064 291 1312 347 audierunt,
1335 310 1354 333 α
1370 295 1462 338 Μο-

75 379 97 402 u»
133 361 301 404 riemini
323 361 367 404 in
400 360 585 419 pcccatis
618 359 767 404 vestris
792 378 801 404 :
829 377 849 400 n
876 361 977 419 quia
1009 376 1097 405 non
1126 363 1284 406 habere
1309 379 1463 422 pecca-

76 443 169 478 tum
195 431 460 476 nullomodo
486 432 684 492 potuistis
700 467 710 485 ,
732 432 920 491 quicum
940 442 1116 490 peccato
1135 434 1223 477 nati
1240 435 1337 478 estis
1357 455 1364 479 :
1387 435 1463 480 sed

73 513 219 548 tamen
242 503 275 546 si
294 503 338 545 in
361 518 455 554 me,
492 503 659 563 inquit,
685 500 978 556 credideritis,
1015 518 1115 546 cum
1149 514 1328 561 peccato
1361 507 1461 565 qui-

74 576 174 618 dem
203 574 292 617 nati
316 574 437 627 estis,
465 573 538 617 sed
573 574 615 616 in
639 582 817 632 peccato
838 582 980 617 vestro
1002 573 1201 636 morituri
1226 590 1313 619 non
1349 577 1461 620 estis.

76 648 182 689 Tota
205 660 308 703 ergo
335 643 564 689 insidit-itas
590 643 845 687 ,ludaeorum
869 643 958 702 ipsa
980 652 1092 698 erat,
1125 659 1213 688 non
1239 655 1465 703 peccatum

73 716 236 760 habere
252 752 262 768 ,
284 716 356 759 sed
378 716 421 759 in
445 716 629 775 peccatis
653 715 777 759 mori.
808 717 900 759 Hoc
923 724 985 759 est
1012 715 1132 776 quod
1160 714 1289 760 debet
1318 716 1468 775 fugere

74 787 212 831 omnis
233 787 502 831 Christianus
525 805 533 829 ,-
558 795 736 845 propter
758 786 841 830 hoc
864 785 918 829 ad
944 786 1209 846 baptismum
1241 788 1431 831 curritur
1454 810 1465 846 ς

73 866 251 918 propter
269 858 441 917 hocqui
459 857 718 915 segritudine
743 856 811 900 vel
830 857 1005 901 aliunde
1027 857 1346 916 periclitantur,
1381 859 1463 902 sibi

73 928 320 973 desiderant
343 928 588 983 subveniri,
614 937 790 987 propter
808 928 890 971 hoc
912 928 1041 971 etiam
1070 943 1225 986 sugens
1257 929 1465 989 parvulus

74 1015 97 1043 a
115 1008 251 1043 matre
275 1000 351 1058 piis
376 1001 576 1043 manibus
609 999 664 1042 ad
692 998 926 1043 Ecclesiam
958 998 1125 1049 fertur,
1161 1014 1215 1042 ne
1238 1000 1328 1043 sine
1356 1000 1466 1060 bap-

72 1070 199 1114 tismo
225 1079 361 1118 exeat,
383 1079 424 1113 et
448 1070 492 1113 in
517 1078 695 1128 peccato
718 1085 806 1128 quo
827 1078 954 1112 natus
975 1079 1038 1113 est
1062 1070 1286 1114 moriatur.
1313 1070 1466 1115 Infeli-

72 1141 238 1185 cissima
261 1140 470 1194 conditio,
494 1142 644 1184 misera
668 1156 757 1184 sors
777 1141 958 1185 istorum
976 1176 986 1194 ,
1008 1141 1082 1200 qui
1102 1140 1156 1184 de
1180 1157 1254 1186 ore
1274 1142 1466 1187 veridico

76 1211 330 1264 audierunt,
363 1230 381 1251 «
409 1214 458 1254 In
477 1211 663 1270 peccatis
680 1211 830 1255 vestris
859 1211 1118 1254 moriemini.
1149 1230 1168 1252 »

134 1285 233 1326 VII.
263 1282 387 1326 Unde
409 1291 554 1326 tamen
567 1283 650 1326 hoc
672 1282 731 1326 eis
753 1282 995 1341 contingat,
1017 1283 1196 1341 exponit
1215 1302 1223 1327 :
1247 1301 1268 1325 «
1287 1283 1330 1327 Si
1350 1283 1466 1328 enim

75 1372 96 1395 2>
131 1369 221 1397 non
253 1352 522 1396 credideritis
556 1354 657 1412 quia
693 1368 774 1411 ego
802 1368 920 1407 sum,
946 1353 1192 1397 moriemini
1216 1354 1261 1396 in
1280 1355 1467 1412 peccatis

75 1444 93 1466 »
128 1425 320 1469 vestris¹.
350 1443 369 1464 »
396 1424 538 1469 Credo
557 1459 567 1478 ‚
590 1423 741 1468 fratres
760 1459 771 1479 ,
794 1425 838 1467 in
861 1423 933 1468 illa
956 1424 1239 1468 multitudine
1253 1441 1352 1485 quae
1375 1429 1465 1471 Do—

69 1495 240 1539 minum
258 1494 485 1549 audiebat,
511 1504 553 1538 et
579 1510 650 1539 eos
679 1493 810 1538 fuisse
833 1494 908 1554 qui
931 1494 1138 1538 credituri
1167 1505 1303 1539 erant.
1332 1497 1466 1549 Quasi

70 1575 216 1610 autem
247 1566 291 1609 in
325 1580 476 1609 omnes
514 1574 784 1624 processerat
817 1566 1080 1609 severissima
1116 1565 1189 1609 illa
1225 1568 1462 1624 sententia,

72 1653 92 1676 »
130 1639 179 1680 In
211 1645 388 1696 peccato
410 1645 553 1680 vestro
575 1636 823 1680 moriemini
846 1654 854 1679 ε
884 1654 904 1677 »
925 1652 973 1680 ac
1003 1652 1079 1695 per
1100 1637 1184 1680 hoc
1205 1631 1249 1680 et
1279 1636 1361 1680 illis
1388 1640 1465 1698 qui

69 1706 275 1751 credituri
310 1716 462 1761 erant,
497 1722 592 1766 spes
636 1716 728 1750 erat
774 1706 917 1751 ablata
951 1726 960 1750 :
992 1706 1054 1750 illi
1102 1707 1361 1761 saeviebant,
1401 1708 1465 1752 illi

69 1779 312 1835 timebant,
337 1780 423 1823 imo
446 1794 536 1823 non
566 1779 802 1833 timebant,
829 1777 903 1822 sed
922 1779 1013 1838 jam
1047 1778 1351 1838 desperabant.
1377 1783 1466 1823 Re-

68 1850 239 1894 vocavit
269 1864 340 1893 eos
379 1850 424 1892 in
456 1864 606 1909 spem,
645 1848 840 1909 adjunxit
875 1850 989 1892 enirn
1009 1884 1019 1903 ‚
1061 1868 1082 1890 «
1129 1850 1170 1893 Si
1202 1865 1291 1893 non
1323 1849 1465 1894 credi-

71 1937 92 1960 »
128 1919 276 1963 deritis
298 1919 398 1979 quia
422 1934 503 1977 ego
535 1935 658 1973 sum,
689 1919 931 1963 moriemini
965 1919 1008 1962 in
1034 1920 1221 1977 peccatis
1248 1920 1412 1964 vestris.
1438 1941 1458 1963 »

69 1993 185 2048 Ergo
218 1991 251 2033 si
283 1989 552 2033 credideritis
591 1990 692 2049 quia
729 2004 808 2047 ego
842 2005 962 2043 sum,
1002 2006 1092 2034 non
1135 1990 1381 2034 moriemini
1414 1992 1461 2036 in

70 2060 257 2119 peccatis
291 2059 456 2103 vestris.
489 2059 678 2103 Reddita
719 2068 783 2103 est
814 2074 909 2118 spes
952 2059 1302 2119 desperantibus,
1347 2063 1463 2105 exci-

68 2132 174 2175 tatio
211 2129 324 2174 facta
366 2139 430 2174 est
462 2129 808 2184 dormientibus,
850 2130 1055 2175 cordibus
1094 2131 1410 2190 evigilaverunt
1447 2153 1456 2178 :

68 2203 172 2246 inde
204 2201 380 2261 plurimi
412 2200 715 2255 crediderunt,
753 2202 863 2246 sicut
885 2201 1109 2259 Evangelii
1144 2203 1277 2261 ipsius
1305 2219 1460 2248 conse-

69 2272 248 2333 quentia
271 2281 498 2316 testantur.
525 2275 662 2315 Erant
685 2272 801 2316 enim
819 2272 907 2317 illic
926 2273 1122 2316 membra
1144 2273 1325 2329 Christi,
1358 2290 1459 2334 quae

70 2345 270 2389 nondum
293 2343 565 2388 adhaeserant
587 2345 759 2404 corpori
782 2345 942 2389 Christi
969 2365 978 2390 z
1004 2354 1047 2389 et
1072 2345 1119 2388 in
1156 2344 1232 2390 illo
1253 2346 1419 2406 populo
1437 2362 1462 2391 a

70 2431 160 2476 quo
192 2415 425 2459 crucifixus
460 2424 547 2470 est,
572 2431 595 2459 a
618 2411 779 2475 quo'in
801 2414 921 2474 ligno
953 2430 1183 2475 suspensus
1212 2425 1300 2471 est,
1325 2431 1348 2460 a
1370 2431 1460 2476 quo

69 2485 265 2545 pendens
299 2485 445 2530 irrisus
476 2496 565 2542 est,
591 2502 614 2531 a
646 2501 736 2546 quo
757 2485 909 2531 lancea
929 2487 1183 2532 vulneratus
1204 2496 1295 2542 est,
1324 2501 1349 2530 a
1369 2503 1460 2548 quo

119 2578 129 2595 1
149 2574 238 2604 Joan.
259 2582 329 2613 vin,
344 2571 397 2613 24.
