1825 3214
288 246 330 272 ιΝ
363 241 536 271 somnis
569 239 878 281 EVANGBLIUM‚
914 244 1059 272 TnAcT.
1097 246 1189 273 xxt.
1349 235 1426 273 231

52 309 203 355 tollere
225 329 232 354 :
255 310 387 353 nescit
408 323 560 352 manus
582 322 670 367 quo
688 315 782 362 eat,
801 315 843 350 ct
866 307 1018 367 utique
1037 322 1186 351 manus
1207 319 1276 353 tua
1298 325 1436 354 mem-

51 381 179 424 brum
209 388 333 423 tuum
365 388 455 432 est,
493 393 581 421 nou
613 377 728 420 enim
758 391 780 420 a
809 392 990 436 corpore
1020 387 1095 422 tuo
1126 390 1316 437 separata
1342 391 1433 427 est:

49 450 166 510 aperi
186 449 359 504 oculos,
383 447 500 492 videt
516 448 606 507 jam
625 462 778 491 manus
800 463 888 507 quo
910 457 978 492 eat
994 484 1004 503 ‚
1023 447 1346 493 demonstrante
1366 470 1439 497 ca..

49 522 138 581 pite
163 521 408 564 membrum
438 529 634 563 secutum
657 527 735 562 est.
764 518 806 563 Si
829 534 931 577 crgo
955 520 998 562 in
1018 528 1060 562 te
1082 521 1225 578 potuit
1252 521 1437 566 inveniri

50 592 135 637 tale
156 591 321 652 aliquid
339 627 349 646 ‚
375 599 424 634 ut
451 606 606 649 corpus
634 599 759 633 tuum
790 591 1036 634 ostenderet
1065 593 1234 650 corpori
1264 602 1338 637 tuo
1357 629 1367 648 ‚
1394 604 1439 639 et

49 678 124 723 per
139 677 296 725 corpus
319 672 442 706 tuum
466 661 835 705 demonstraretur
852 660 1015 720 aliquid
1036 663 1204 721 corpori
1225 671 1299 706 tuo
1320 682 1327 708 :
1347 665 1438 708 noli

49 735 195 778 mirari
225 734 325 794 quia
347 733 512 778 dictum
535 742 620 787 est,
645 732 969 776 demonstratur
996 734 1169 778 Christo
1192 749 1269 793 per
1290 736 1439 780 Chris-

48 815 159 850 tum.
180 809 454 849 Demonstrat
469 803 586 847 enim
605 812 736 862 caput
754 813 804 847 ut
821 804 1014 847 membra
1032 804 1233 860 videant,
1252 814 1294 849 ct
1309 805 1439 852 docet

48 885 178 936 caput
210 885 260 919 ut
289 875 483 918 membra
516 874 685 918 discant
707 892 717 918 ι
738 889 852 917 unus
887 883 1029 918 tamen
1065 875 1197 919 homo
1230 886 1361 935 caput
1395 887 1439 923 et

48 946 259 991 membra.
281 945 431 991 Noluit
449 959 493 988 se
510 959 708 1004 separare
723 979 734 1000 ‚
755 944 831 988 sed
848 944 1056 1004 dignatus
1075 955 1141 989 est
1158 945 1435 1005 agglutinari.

47 1020 196 1076 Longe
225 1033 250 1062 a
278 1016 405 1062 nobis
433 1025 546 1070 erat,
582 1025 626 1060 et
646 1015 834 1060 multum
857 1015 986 1074 longe
1005 1035 1014 1062 :
1035 1017 1143 1076 quid
1166 1026 1254 1062 tam
1276 1017 1408 1078 longe
1423 1055 1435 1076 ‚

47 1103 179 1149 quam
201 1087 428 1133 conditum
444 1096 488 1131 et
503 1085 741 1132 Conditor?
762 1086 869 1146 quid
886 1096 973 1130 tam
996 1085 1127 1146 longe
1143 1123 1154 1143 ‚
1175 1104 1305 1148 quam
1326 1093 1438 1134 Deus

46 1167 90 1203 et
120 1159 284 1203 homo?
317 1157 426 1218 quid
459 1166 547 1201 tam
581 1156 737 1215 longe,
774 1171 906 1217 quam
933 1157 1100 1217 justitia
1130 1168 1174 1203 et
1206 1159 1439 1219 iniquitas?

45 1228 154 1288 quid
171 1237 259 1273 tam
277 1228 406 1286 longe
417 1262 428 1283 ,
446 1242 581 1287 quam
598 1226 816 1271 aeternitas
833 1236 876 1272 et
894 1227 1160 1273 mortalitas?
1173 1231 1287 1274 Ecce
1303 1246 1437 1291 quam

45 1299 175 1358 longe
202 1308 293 1344 erat
327 1299 522 1343 Verbum
552 1298 598 1342 in
631 1298 844 1358 principio
872 1301 986 1343 Deus
1019 1299 1136 1359 apud
1165 1303 1327 1357 Deum,
1359 1317 1437 1363 per

44 1385 176 1431 quem
198 1368 311 1414 facta
338 1378 439 1413 sunt
461 1368 621 1413 omnia.
647 1367 880 1422 Quomodo
902 1385 1005 1429 ergo
1027 1369 1168 1415 factus
1185 1380 1248 1416 est
1270 1388 1433 1433 prope,

45 1451 97 1486 ut
124 1450 234 1486 esset
260 1440 381 1501 quod
408 1455 486 1484 nos
502 1474 514 1496 ‚
546 1449 590 1485 et
619 1455 697 1485 nos
721 1441 768 1486 in
794 1439 898 1486 illo?
924 1442 1121 1487 Verbum
1146 1459 1247 1489 caro
1269 1442 1438 1490 sactum

43 1522 108 1558 est
121 1547 133 1568 ‚
152 1520 196 1556 et
215 1510 427 1556 habitavit
447 1512 492 1554 in
514 1509 655 1555 nobis.

100 1585 157 1627 X.
184 1585 277 1627 Hoc
294 1596 396 1640 ergo
413 1590 476 1625 est
493 1580 621 1625 nobis
636 1580 1013 1626 demonstraturus
1035 1601 1043 1627 :
1064 1583 1147 1627 hoc
1164 1583 1438 1631 demonstra-

45 1641 114 1699 vit
139 1645 362 1713 discipulis
389 1652 501 1706 suis,
531 1652 609 1711 qui
630 1667 730 1696 eum
753 1653 797 1696 in
820 1668 948 1697 carne
976 1652 1194 1698 viderunt.
1226 1655 1342 1708 Quid
1372 1666 1438 1702 est

40 1725 150 1769 hoc?
175 1742 196 1766 «
214 1724 334 1769 Sicut
357 1726 483 1767 Pater
504 1722 682 1766 suscitat
702 1731 897 1767 mortuos
919 1732 962 1768 et
981 1724 1171 1769 vivificat
1191 1744 1201 1770 ε
1221 1725 1279 1770 sic
1296 1735 1339 1770 et
1358 1728 1436 1770 Fi-

43 1813 65 1836 »
89 1794 172 1838 lius
185 1809 294 1854 quos
306 1792 402 1837 vult
418 1793 683 1847 vivificat¹,»
696 1791 898 1838 Alios-ne
916 1797 1057 1849 Pater,
1078 1793 1257 1840 alios-ne
1274 1795 1435 1843 Filius?

40 1868 169 1912 Certe
190 1866 334 1910 omnia
358 1879 436 1924 per
458 1864 602 1922 ipsum
625 1862 739 1907 facta
761 1873 878 1908 sunt.
909 1865 1027 1918 Quid
1054 1865 1254 1923 dicimus,
1279 1866 1434 1915 fratres

39 1936 152 1980 mei?
179 1954 199 1977 «
223 1940 428 1979 Lazarum
456 1933 678 1979 suscitavit
701 1933 898 1979 Christus
918 1938 965 1980 ²:
993 1954 1012 1977 »
1040 1952 1172 1996 quem
1206 1947 1431 1983 mortuum

40 2006 261 2051 suscitavit
283 2008 425 2059 Pater,
442 2012 492 2048 ut
505 2003 672 2048 videret
687 2004 885 2049 Christus
899 2005 1275 2065 quemadmodum
1296 2011 1430 2053 Laza-

40 2092 138 2121 rum
152 2076 407 2121 suscitaret?
424 2078 493 2119 An
507 2074 684 2135 quando
701 2077 969 2121 resuscitavit
985 2079 1193 2122 Lazarum
1210 2079 1427 2136 Christus,

38 2163 128 2192 non
149 2162 248 2192 eum
263 2145 531 2190 resuscitavit
545 2148 686 2201 Pater,
706 2154 749 2190 et
761 2147 852 2190 sine
871 2149 998 2191 Patre
1013 2146 1117 2192 fecit
1134 2148 1270 2193 Filius
1288 2149 1432 2195 solus?

39 2218 186 2277 Legite
207 2218 345 2277 ipsam
365 2215 597 2261 lectionem
612 2251 624 2272 ,
648 2225 692 2260 et
710 2216 854 2261 videte
886 2218 989 2278 quia
1014 2221 1187 2263 Patrem
1209 2220 1269 2264 ibi
1302 2220 1431 2266 invo-

39 2299 109 2336 cat
130 2299 178 2334 ut
199 2299 391 2347 resurgat
413 2292 614 2332 Lazarus.
642 2288 762 2333 Sicut
778 2290 933 2345 homo,
953 2289 1128 2335 invocat
1150 2294 1321 2336 Patrem
1341 2311 1352 2338 ι
1372 2293 1431 2337 si-

41 2370 116 2405 cut
133 2364 248 2405 Deus
259 2396 270 2416 ,
288 2360 393 2405 facit
410 2375 510 2405 cum
527 2362 669 2404 Patre.
691 2362 806 2419 Ergo
823 2369 866 2406 et
882 2364 1069 2406 Lazarus
1086 2363 1163 2423 qui
1176 2364 1428 2420 resurrexit,

41 2440 84 2475 et
96 2447 119 2475 a
131 2434 255 2475 Patre
267 2440 310 2475 et
324 2446 346 2474 a
360 2430 470 2475 Filio
487 2431 714 2475 suscitatus
732 2439 796 2475 est
813 2431 858 2475 in
874 2431 991 2477 dono
1014 2441 1058 2477 et
1080 2433 1213 2492 gratia
1229 2434 1433 2493 Spiritus-

40 2502 174 2546 sancti
195 2521 204 2546 :
229 2512 273 2546 et
292 2501 402 2545 illud
425 2501 624 2546 mirabile
646 2517 756 2561 opus
781 2503 965 2550 Trinitas
981 2502 1100 2550 fecit.
1126 2507 1224 2551 Non
1247 2519 1350 2563 ergo
1371 2505 1430 2549 sic

90 2594 97 2608 ¹
122 2589 212 2618 Joan.
240 2598 272 2626 v,
296 2595 349 2617 αι.
372 2603 412 2609 --
436 2586 495 2616 ’Μ
530 2584 646 2626 x1‚43.
