1825 3214
280 239 319 264 in
355 238 527 267 somme
560 236 869 277 EVANGEL10M‚
905 242 1049 269 'rimer
1090 248 1207 273 μιν.
1340 239 1424 278 275

42 310 152 346 esset
189 300 384 348 facturus
418 304 507 362 ipse
544 312 751 361 noverat3
788 314 831 349 et
863 307 945 350 hoc
979 311 1142 354 nescire
1178 313 1426 375 Philippum

41 371 204 419 sciebat
230 373 439 419 similiter.
477 377 622 428 Quare
658 376 805 437 itaque
842 378 1162 438 interrogabat,
1204 385 1282 428 nisi
1323 388 1424 446 quia

40 442 155 490 illius
175 443 462 502 ignorantiam
480 445 834 493 demonstrabat?
857 452 912 495 Et
928 450 1010 495 hoc
1027 468 1161 512 quare
1181 454 1348 512 feccrit,
1376 468 1425 502 ut

41 512 144 570 dixi,
166 525 314 575 postea
336 516 644 577 intelligemus.

101 587 176 633 lv.
219 606 236 627 «
273 587 467 634 Andreas
501 591 560 635 ait
593 610 601 635 ι
638 593 714 636 Est
739 592 809 637 hic
844 608 952 651 puer
978 594 1158 654 quidam
1195 597 1269 656 qui
1294 598 1427 644 habet

45 675 64 697 n
99 658 295 718 quinque
326 675 473 718 panto,
499 669 541 705 et
573 661 683 706 duos
710 661 860 719 pisces,
898 663 973 708 sed
996 666 1088 710 haec
1111 667 1216 726 quid
1249 678 1349 712 sunt
1372 671 1426 715 ad

45 746 64 768 »
100 737 242 775 tantos
264 731 307 770 ¹?
334 749 352 771 »
378 732 491 777 Cum
504 730 678 776 dixisset
694 731 920 792 Philippus
935 735 1241 795 interrogatus.
1261 739 1427 784 (lucen-

41 809 186 845 torum
207 799 485 847 denariorum
509 817 638 861 panes
666 817 755 848 non
778 805 1002 861 sufficere,
1027 808 1188 866 quibus
1214 820 1328 855 tanta
1355 812 1429 859 illa

40 870 167 917 turba
192 871 465 927 reficeretur,
490 882 582 918 erat
603 873 663 918 ibi
688 874 867 933 quidam
892 892 1001 936 puer
1023 889 1198 937 portans
1231 883 1429 943 quinque

43 955 176 1000 panes
198 942 461 991 hordeaceos
492 953 536 988 et
568 943 678 989 duos
712 946 861 1003 pisces.
892 966 911 988 «
938 950 993 991 Et
1017 951 1074 993 ait
1097 953 1219 995 vaus
1245 972 1253 996 :
1282 955 1426 1000 Facite

42 1028 61 1051 »
97 1011 295 1059 homines
323 1013 613 1060 discumbere.
640 1018 743 1061 Erat
767 1026 911 1061 autem
935 1018 995 1061 ibi
1031 1019 1179 1065 fenum
1204 1023 1394 1068 multum
1412 1061 1422 1081 ,

41 1100 62 1125 η
97 1091 141 1127 et
161 1082 478 1129 discubuerunt
498 1085 636 1131 ferme
657 1086 853 1146 quinque
868 1087 1001 1133 millia
1027 1090 1265 1137 homiuum.
1294 1099 1423 1139 Acce-

41 1171 60 1195 »
96 1154 159 1213 pit
177 1165 322 1202 autem
341 1156 549 1201 Dominus
571 1159 694 1201 Jesus
716 1172 863 1215 panes,
891 1160 1045 1217 gratias
1068 1163 1155 1219 egit
1174 1168 1206 1217 2,
1238 1183 1255 1204 n
1277 1167 1420 1225 jussit,

37 1224 163 1272 fracti
204 1235 305 1271 sunt
347 1241 492 1284 panes,
531 1227 654 1283 positi
691 1236 792 1273 ante
833 1227 1169 1276 discumbentes.
1208 1236 1303 1278 Nou
1331 1238 1422 1295 jam

36 1296 231 1356 quinque
252 1311 406 1356 paneS‚
438 1295 513 1341 sed
538 1295 659 1358 quod
687 1296 927 1357 adjecerat,
954 1301 1030 1359 qui
1051 1315 1272 1349 creaverat
1305 1308 1424 1367 quod

35 1376 211 1412 auctum
249 1376 355 1414 erat,
400 1388 415 1406 «
458 1370 512 1412 Et
549 1367 604 1412 de
632 1367 824 1426 piscibus
858 1380 1073 1431 quantum
1101 1375 1363 1423 sufficiebat.
1401 1400 1419 1420 »

36 1440 194 1483 Parum
220 1447 284 1482 est
306 1437 479 1482 turbam
501 1435 618 1482 illam
644 1438 772 1483 fuisse
793 1440 1007 1496 satiatam,
1029 1444 1159 1488 ctiam
1184 1446 1420 1504 fragmenta

33 1507 286 1555 resederunt
317 1526 327 1552 2
353 1517 396 1552 et
426 1508 516 1565 ipsa
543 1507 688 1567 colligi
705 1509 821 1567 jussa
844 1519 970 1565 sunt,
996 1528 1052 1557 ue
1075 1515 1279 1572 perirent.
1311 1538 1329 1560 «
1367 1523 1421 1564 Et

35 1597 55 1623 n
90 1579 382 1639 impleverunt
403 1578 669 1630 douodecim
686 1581 898 1638 cophinos
914 1582 1256 1640 fragmentorum
1280 1592 1310 1632 ³³.
1337 1609 1356 1631 u

89 1652 143 1696 V.
168 1651 362 1699 Breviter
387 1659 437 1694 ut
460 1665 706 1706 curramus,
733 1652 929 1712 quinque
955 1668 1086 1712 panes
1113 1656 1419 1718 intelliguntur

32 1722 225 1782 quinque
254 1722 353 1767 libri
376 1723 518 1780 Moysi
543 1741 552 1766 :
576 1723 732 1766 merito
754 1738 842 1771 nou
864 1724 1042 1780 triticei,
1064 1727 1139 1774 sed
1163 1729 1412 1792 hordeacei3

31 1793 133 1852 quia
151 1793 208 1838 ad
227 1801 350 1840 vetus
374 1794 695 1837 Testamentum
718 1794 952 1852 pertinent.
980 1797 1118 1842 Nostis
1142 1810 1286 1848 autem
1308 1803 1412 1848 hor-

30 1862 162 1910 deum
175 1862 234 1906 ita
255 1871 466 1916 creatum,
488 1871 537 1906 ut
558 1860 615 1907 ad
632 1861 868 1909 medullam
890 1865 926 1924 ej
937 1880 983 1911 us
1006 1867 1074 1911 vix
1097 1873 1373 1927 perveniatur
1400 1895 1409 1921 :

28 1934 209 1981 vestitur
229 1933 345 1982 enim
362 1932 513 1976 eadem
530 1930 721 1978 medulla
738 1935 928 1992 tegmine
943 1936 1096 1995 paleae,
1116 1950 1159 1985 et
1181 1941 1270 2001 ipsa
1289 1945 1410 2005 palea

28 2013 157 2054 tenax
175 2012 220 2055 et
239 2003 472 2056 inhaerens,
498 2011 547 2048 ut
579 2017 680 2048 curn
702 2002 851 2049 labore
884 2017 1080 2055 exuatur.
1110 2010 1220 2056 Talis
1242 2023 1306 2058 est
1335 2015 1409 2061 lit-

26 2083 118 2121 tera
139 2074 294 2123 veteris
312 2073 600 2129 Testamenti,
619 2073 772 2121 vestita
794 2076 1059 2134 tegminibus
1081 2082 1320 2131 carnalium
1339 2102 1408 2134 sa-

26 2154 376 2203 cramentorum3
395 2143 472 2188 sed
492 2143 526 2188 si
548 2141 602 2187 ad
622 2144 712 2203 ejus
733 2143 970 2194 medullam
997 2152 1287 2208 perveniatur,
1309 2172 1408 2215 pas-

24 2215 83 2263 cit
104 2224 148 2261 et
167 2214 308 2263 satiat.
335 2216 365 2258 F
372 2213 521 2258 erchat
542 2228 645 2272 ergo
666 2228 775 2272 puer
796 2215 972 2276 quidam
997 2220 1192 2280 quinque
1212 2239 1342 2282 panes
1364 2238 1406 2279 et

23 2285 133 2336 duos
155 2286 304 2346 pisces.
333 2285 375 2331 Si
397 2299 642 2345 quaeramus
664 2285 761 2346 quis
781 2285 913 2333 fuerit
936 2304 1043 2348 puer
1065 2291 1160 2347 iste,
1186 2294 1298 2341 forte
1323 2314 1403 2357 po-

21 2357 151 2416 pulus
179 2354 309 2402 Israel
339 2364 430 2400 erat
456 2374 464 2400 ι
489 2370 617 2400 sensu
640 2356 796 2415 puerili
821 2360 1039 2416 portabat,
1059 2377 1138 2413 nec
1165 2369 1402 2413 manduca-

22 2425 111 2475 bat.
140 2427 219 2477 Illa
253 2426 369 2471 enim
401 2441 500 2488 quae
523 2426 748 2485 portabat.
785 2427 929 2474 clausa
964 2434 1225 2488 onerabant,
1256 2448 1402 2494 aperta

21 2498 270 2558 pascebant.
299 2500 393 2547 Duo
420 2506 567 2548 autem
596 2496 756 2558 pisces,
781 2497 984 2547 videntur
1019 2502 1142 2550 nobis
1163 2505 1402 2563 significare

70 2588 80 2604 ¹
105 2585 195 2617 Joan.
216 2592 316 2625 v1,9.
333 2598 372 2604 —-
393 2587 405 2604 ²
428 2581 512 2613 thid.
533 2592 582 2622 ιο,
605 2591 654 2617 ιι.
683 2597 719 2603 -
741 2580 753 2604 3
778 2581 859 2614 lbid.
884 2584 933 2615 ι3.

1189 2646 1246 2680 18
