1809 3173
359 200 442 239 444
797 212 830 241 s.
867 213 1096 243 AUGUSTINI
1130 216 1310 244 EPIscom

359 280 525 322 ritatem
549 279 674 323 sicuti
705 289 768 323 est
793 300 800 325 :
827 296 916 325 non
937 297 1013 341 per
1044 281 1174 325 verba
1212 282 1430 336 sonantia,
1463 281 1538 326 sed
1566 297 1641 341 per
1666 282 1738 326 lu-

357 365 451 394 cem
486 349 806 408 splendentem,
842 368 939 396 cum
972 353 1188 396 satiaverit
1219 369 1319 407 nos,
1357 352 1476 412 qnod
1508 352 1667 411 legitur
1694 354 1739 396 in

358 419 543 464 Psalmo.
571 440 590 462 «
619 421 840 478 Signatum
867 433 929 467 est
950 438 1077 482 super
1101 438 1177 466 nos
1207 423 1358 466 lumen
1386 423 1532 466 vultus
1560 424 1621 467 tui
1651 427 1740 467 Do-

360 508 379 531 »
415 490 532 534 mine
550 493 579 534 1.
605 511 621 530 s>
645 495 819 536 Moneta
842 494 917 536 Dei
937 509 1106 547 sumus,
1130 509 1334 536 nummus
1353 510 1375 537 a
1400 495 1602 538 thesauro
1618 494 1740 538 ober-

356 561 560 604 ravimus.
583 564 738 606 Errore
757 563 963 606 detritum
980 573 1042 606 est
1058 563 1176 622 quod
1196 564 1238 606 in
1259 564 1385 607 nobis
1408 563 1548 608 fuerat
1565 565 1743 623 impres-

357 647 452 675 sum
474 651 482 676 z
509 634 625 675 venit
649 633 720 691 qui
742 633 966 686 reformet,
993 633 1196 692 quiaipse
1216 632 1476 677 formaverat
1495 653 1503 678 :
1522 636 1678 693 quaerit
1699 643 1742 678 et

356 702 445 760 ipse
467 718 693 746 nummum
719 718 844 745 suum
867 738 876 756 ,
903 704 1014 746 sicut
1035 706 1177 747 Cresar
1200 719 1432 747 nummum
1456 720 1606 761 suum,
1641 705 1741 748 ideo

357 772 415 815 ait
437 791 444 815 :
471 791 490 813 «
510 771 697 815 Reddite
721 773 876 817 Caesari
900 789 999 833 quae
1021 774 1201 817 Caesaris
1226 782 1349 828 sunt,
1377 783 1419 817 et
1438 777 1528 818 Deo
1550 790 1648 834 quae
1666 775 1742 818 Dei

359 860 379 882 1)
415 844 541 885 SUl][²
569 861 576 885 :
602 861 621 883 »

414 915 468 956 X.
496 913 610 966 Quid
639 914 779 957 dicam
802 915 1011 958 Charitati
1045 916 1235 958 Vestrae?
1256 917 1293 958 O
1315 915 1348 958 si
1373 930 1447 958 cor
1473 924 1582 958 esset
1605 915 1743 975 quali-

357 993 612 1042 tercumque
646 986 860 1044 suspirans
884 986 929 1028 in
961 985 1077 1029 illam
1113 985 1381 1029 ineffabilem
1419 984 1621 1044 gloriam!
1648 987 1685 1029 Ο
1708 986 1741 1029 si

356 1056 743 1114 peregrinationem
766 1066 956 1100 nostram
981 1057 1022 1100 in
1048 1057 1210 1115 gemitu
1232 1056 1485 1100 sentiremus
1501 1092 1511 1111 ,
1538 1066 1580 1100 et
1602 1072 1740 1100 saecu-

354 1125 446 1169 lum
470 1142 557 1170 non
583 1143 838 1182 amaremus,
862 1137 904 1172 et
920 1129 974 1171 ad
997 1143 1095 1171 eum
1115 1128 1191 1188 qui
1208 1144 1285 1172 nos
1306 1129 1492 1182 vocavit,
1510 1128 1579 1186 pia
1597 1137 1741 1171 mente

356 1207 567 1256 perpetuo
596 1198 888 1257 pulsaremus!
914 1198 1183 1243 Desiderium
1205 1234 1216 1254 ,
1241 1199 1359 1242 sinus
1389 1198 1528 1242 cordis
1551 1208 1614 1242 est
1636 1218 1644 1243 :
1670 1214 1742 1242 ca-

356 1268 543 1326 piemus,
584 1269 617 1311 si
654 1269 916 1312 desiderium
939 1278 1154 1328 quantum
1177 1285 1404 1328 possumus
1441 1269 1737 1313 extendamus.

358 1340 452 1381 Hoc
469 1338 696 1381 nobiscum
722 1340 811 1397 agit
830 1340 1049 1398 Scriptura
1071 1339 1234 1393 divina,
1260 1340 1342 1383 hoc
1365 1340 1642 1398 congregatio
1659 1355 1741 1398 po-

290 1425 297 1430 ’
356 1408 560 1466 pulorum
581 1444 591 1463 ,
616 1410 700 1453 1100
724 1409 957 1452 celebratio
979 1419 1347 1454 sacramentorum
1367 1445 1376 1463 ,
1398 1410 1482 1453 hoc
1503 1410 1742 1468 baptismus

357 1487 529 1522 sanctus
545 1514 555 1533 ,
582 1479 664 1523 1100
684 1480 847 1523 cantica
870 1479 1011 1523 laudis
1034 1480 1137 1533 Dei,
1158 1480 1242 1524 hoc
1265 1480 1355 1538 ipsa
1379 1489 1521 1523 nostra
1544 1479 1742 1538 disputa-

358 1548 434 1602 tio,
461 1558 510 1592 ut
531 1550 614 1603 hoc
632 1549 892 1593 desiderium
909 1566 997 1594 non
1023 1550 1162 1594 solum
1184 1551 1419 1594 seminetur
1441 1560 1482 1594 et
1507 1551 1739 1608 germinet,

357 1635 508 1663 verum
531 1621 658 1664 etiam
695 1622 738 1664 in
771 1622 950 1665 modum
986 1631 1118 1665 tantae
1148 1622 1394 1681 capacitatis
1428 1631 1638 1680 augeatur
1657 1657 1666 1675 ,
1692 1631 1743 1666 ut

356 1689 562 1734 idoneum
586 1692 641 1735 sit
657 1707 825 1735 sumere
847 1691 967 1752 quod
990 1691 1140 1736 oculus
1162 1708 1251 1736 non
1271 1692 1380 1737 vidit
1396 1728 1406 1747 ,
1432 1708 1511 1736 nec
1533 1693 1646 1736 auris
1664 1709 1742 1736 au-

358 1760 488 1816 divit,
514 1777 593 1805 nec
619 1763 664 1805 in
696 1778 769 1806 cor
798 1763 984 1807 hominis
1018 1762 1209 1807 ascendit
1227 1764 1257 1806 3.
1288 1763 1371 1808 Sed
1394 1773 1534 1807 amate
1551 1778 1737 1807 mecum.

356 1835 453 1876 Non
482 1841 597 1875 amat
626 1833 816 1876 multum
849 1849 1105 1888 nummum,
1144 1835 1220 1894 qui
1253 1844 1368 1878 amat
1397 1838 1548 1878 Deum.
1584 1837 1642 1878 Et
1663 1849 1742 1892 ego

357 1903 529 1962 palpavi
552 1903 870 1953 infirmitatem,
907 1920 995 1947 non
1028 1921 1155 1948 ausus
1189 1920 1284 1948 sum
1307 1905 1470 1958 dicere,
1515 1920 1604 1947 non
1626 1914 1742 1948 amat

358 1989 585 2017 nummum
600 1995 611 2031 3
627 1973 717 2028 sed,
736 1989 825 2018 non
841 1972 1030 2016 multum
1054 1982 1169 2016 amat
1190 1988 1419 2016 nummum
1435 1992 1443 2016 :
1459 1973 1581 2033 quasi
1599 1989 1741 2017 aman-

357 2045 437 2088 dus
461 2047 512 2089 sit
534 2061 755 2098 nummus,
777 2044 851 2088 sed
874 2059 963 2088 non
981 2043 1185 2087 multum.
1204 2044 1242 2087 O
1259 2044 1292 2086 si
1316 2047 1452 2087 Deum
1476 2044 1605 2101 digne
1628 2059 1743 2088 ame-

358 2132 475 2170 mus,
502 2132 703 2160 nummos
726 2116 903 2160 omnino
922 2132 1011 2159 non
1030 2116 1270 2159 amabimus
1288 2115 1296 2157 I
1324 2115 1417 2158 Erit
1436 2115 1516 2158 tibi
1538 2131 1741 2160 nummus

358 2188 693 2230 instrumentum
722 2187 1093 2246 peregrinationis,
1122 2201 1209 2229 non
1232 2186 1550 2229 irritamentum
1573 2186 1743 2244 cupidi—

358 2257 457 2301 tatis
476 2278 486 2314 3
509 2273 596 2316 quo
618 2258 749 2300 utaris
775 2256 828 2300 ad
850 2257 1146 2300 necessitatem
1164 2291 1174 2309 ,
1195 2271 1283 2299 non
1307 2272 1395 2314 quo
1413 2255 1566 2299 fruaris
1590 2255 1644 2299 ad
1662 2255 1741 2299 de-

359 2327 651 2372 lectationem.
674 2331 812 2371 Deum
836 2343 952 2381 ama,
986 2327 1017 2370 si
1048 2327 1213 2387 aliquid
1234 2327 1279 2369 in
1302 2335 1344 2370 te
1366 2328 1452 2385 egit
1477 2326 1597 2386 quod
1619 2326 1742 2371 audis

360 2407 403 2441 et
421 2398 586 2442 laudas.
616 2400 742 2442 Utere
760 2397 925 2441 mundo
940 2433 950 2452 ,
976 2413 1065 2440 non
1083 2407 1124 2440 te
1149 2397 1288 2456 capiat
1306 2397 1511 2440 mundus.
1534 2397 1657 2449 Quod
1680 2398 1744 2441 111-

361 2469 482 2512 trasti
499 2504 510 2523 ,
535 2469 616 2512 iter
652 2468 766 2527 agis,
792 2469 983 2511 exiturus
1007 2468 1183 2522 venisti,
1221 2483 1309 2511 non
1332 2483 1605 2511 remansurus
1628 2486 1635 2511 :
1660 2467 1742 2511 iter

411 2561 419 2576 ¹
441 2554 522 2585 psat.
543 2565 588 2595 lv,
609 2565 640 2594 7.
662 2570 702 2576 -·
723 2560 735 2575 ²
754 2552 873 2585 Matth.
896 2564 973 2594 xxn,
993 2562 1045 2584 ¹21.
1072 2570 1108 2575 m
1130 2551 1142 2574 3
1161 2553 1231 2584 lsai.
1251 2551 1380 2593 1,xiv‚l}‚
1401 2556 1434 2583 et
1454 2553 1551 2583 1Cor.
1573 2563 1611 2592 11,
1630 2562 1662 2593 9.
