1825 3214
266 206 307 230 m
341 201 516 230 JoAums
548 200 861 242 EvANGELmM,
895 203 1040 231 'l‘uAe'L
1079 207 1192 234 xxvi.
1347 197 1428 235 307

47 283 227 329 corpore
258 278 349 313 esto
380 269 555 314 Christi.
582 269 806 329 Numquid
830 270 945 313 enim
981 287 1136 331 corpus
1158 288 1302 318 meum
1326 274 1433 319 vivit

46 339 101 384 de
122 339 276 400 spiritu
315 341 424 384 tuo?
451 342 599 384 Meum
627 339 731 384 vivit
760 338 815 384 de
837 340 990 400 spiritu
1014 357 1112 385 meo
1128 378 1138 396 ,
1165 353 1207 387 et
1231 353 1353 388 tuum
1377 346 1431 389 de

47 419 138 455 tuo.
175 413 271 457 Non
303 420 445 471 potest
474 411 620 456 vivere
654 426 811 472 corpus
843 411 1033 467 Christi,
1071 413 1151 457 nisi
1178 413 1232 458 de
1270 416 1432 474 Spiritu

44 481 220 527 Christi.
262 482 371 526 Inde
397 491 460 527 est
487 481 607 542 quod
630 497 849 541 exponens
877 483 1002 527 nobis
1030 484 1248 543 apostolus
1274 486 1432 532 Paulus

46 552 164 598 hunc
196 569 353 614 panem
370 589 380 609 ‚
409 572 429 596 «
460 553 580 598 Unus
599 554 719 614 panis
736 590 746 609 ‚
772 554 937 615 inquit,
964 568 1101 599 unum
1125 570 1281 616 eorpus
1304 557 1431 603 multi

48 642 68 665 n
103 628 295 669 sumus¹.
325 643 344 666 »
367 626 405 669 Ο
426 634 744 670 sacramentum
763 626 931 685 pietatis
947 661 958 681 ‚
984 642 1010 671 o
1028 626 1200 686 signum
1223 628 1401 674 unitatis
1418 665 1429 684 ,

45 711 71 740 o
92 696 319 741 vinculum
345 697 567 742 charitatis
595 716 604 742 z
629 698 714 750 Qui
736 697 833 743 vult
851 699 1020 754 vivere,
1047 699 1179 744 habet
1195 699 1270 744 ubi
1289 701 1404 746 vivat
1420 738 1431 758 ‚

46 767 178 812 habet
200 767 319 812 unde
343 768 474 813 vivat.
502 769 721 824 Accedat,
757 769 932 824 credat,
966 769 1272 830 incorporetur
1297 782 1345 817 ut
1368 773 1434 818 vi-

44 839 256 885 vificetur.
280 843 377 886 Non
400 841 633 886 abhorreat
650 856 673 885 a
695 855 903 901 compage
924 842 1219 888 membrorum
1234 880 1244 899 ‚
1270 861 1359 890 non
1381 845 1435 891 sit

45 921 172 972 putre
202 913 450 957 membrum
473 913 593 974 quod
616 912 796 958 resecari
819 923 1036 958 mereatur
1058 950 1068 970 ,
1093 930 1181 960 non
1203 917 1257 961 sit
1277 916 1436 963 distor-

47 992 138 1028 tum
168 982 224 1028 de
255 999 345 1044 quo
379 985 692 1029 erubescatur:
719 985 772 1028 sit
795 982 1050 1044 pulchrum,
1088 986 1140 1030 sit
1171 996 1320 1047 aptum
1343 1025 1353 1044 ,
1379 990 1434 1035 sit

44 1069 196 1098 sanum
226 1072 234 1099 ε
256 1055 417 1099 haereat
434 1056 630 1115 corpori,
657 1055 771 1099 vivat
790 1059 878 1100 Deo
900 1054 955 1099 de
979 1058 1068 1101 Deo
1095 1075 1104 1102 t
1125 1073 1243 1104 nunc
1264 1059 1434 1106 laboret

43 1126 87 1170 in
109 1135 221 1170 terra
238 1161 249 1182 ,
274 1135 323 1171 ut
346 1135 492 1186 postea
514 1136 662 1186 regnet
678 1127 723 1171 in
746 1126 876 1172 coelo.

100 1198 222 1241 XIV.
259 1215 279 1239 «
309 1198 558 1256 Litigabant
586 1214 689 1258 ergo
717 1197 859 1242 Judaei
886 1198 940 1242 ad
969 1198 1153 1243 invicem
1172 1235 1182 1255 ‚
1208 1200 1400 1249 dicentes
1417 1241 1428 1261 ,

49 1285 69 1309 υ
106 1270 339 1322 Quomodo
361 1278 503 1328 potest
525 1270 594 1314 hie
622 1284 795 1314 earnem
815 1284 936 1313 suam
959 1270 1085 1314 nobis
1107 1271 1211 1316 dare
1228 1273 1282 1317 ad
1305 1290 1432 1320 man-

50 1356 69 1379 »
103 1337 418 1384 ducandum2?
444 1359 462 1381 »
482 1340 730 1399 Litigabant
752 1341 905 1400 utique
928 1339 981 1384 ad
1003 1341 1206 1398 invicem,
1222 1347 1432 1404 quoniam

48 1424 203 1469 panem
233 1411 478 1455 concordiae
512 1427 601 1456 non
633 1410 959 1471 intelligebant,
992 1427 1072 1457 nec
1099 1429 1268 1459 sumere
1309 1417 1431 1463 vole-

51 1479 153 1524 bant
180 1500 188 1525 :
214 1496 313 1525 nam
336 1481 413 1542 qui
437 1481 703 1526 manducant
725 1485 853 1526 talem
877 1497 1056 1542 panem,
1073 1499 1161 1528 non
1182 1484 1355 1545 litigant
1376 1488 1432 1534 ad

43 1551 254 1610 invicem3
293 1553 499 1613 quoniam
534 1568 649 1597 unus
682 1553 827 1613 panis,
864 1568 1001 1597 unum
1024 1569 1181 1614 corpus
1204 1557 1330 1602 multi
1354 1575 1430 1604 su-

43 1636 153 1666 mus.
182 1641 203 1664 «
228 1625 284 1667 Et
320 1638 397 1683 per
436 1624 555 1668 hunc
585 1624 690 1669 facit
720 1627 834 1669 Deus
864 1625 994 1668 unius
1018 1624 1136 1670 modi
1158 1627 1355 1674 habitare
1385 1632 1432 1675 in

46 1710 66 1734 »
101 1692 278 1738 domoss.
304 1711 323 1735 »

101 1764 197 1807 XV.
218 1763 349 1817 Quod
371 1773 515 1808 autem
539 1765 593 1809 ad
616 1764 801 1809 invicem
821 1764 1040 1824 litigantes
1065 1779 1295 1826 quaerunt,
1316 1787 1431 1832 quo-

43 1835 175 1880 modo
203 1838 337 1894 possit
358 1835 567 1879 Dominus
596 1851 772 1880 earnem
795 1850 918 1880 suam
948 1836 1052 1881 dare
1080 1837 1133 1881 ad
1156 1840 1430 1888 manducan-

43 1903 166 1961 dum,
187 1920 276 1951 non
299 1907 443 1951 statim
467 1907 652 1952 audiunt
667 1926 675 1952 :
691 1907 766 1951 sed
787 1908 931 1952 adhuc
955 1906 1014 1952 eis
1031 1907 1190 1953 dieitur
1209 1930 1218 1956 2
1239 1916 1427 1972 «Amen,

46 1995 66 2019 »
103 1991 230 2021 amen
252 1976 351 2022 dico
373 1977 519 2034 vobis,
549 1978 630 2023 nisi
652 1978 1017 2024 manducaveritis
1039 1996 1213 2026 carnem
1236 1983 1313 2028 filii
1347 1986 1429 2030 ho-

47 2065 66 2089 »
101 2047 229 2092 minis
246 2081 257 2102 ,
278 2057 321 2093 et
338 2048 534 2092 biberitis
555 2049 645 2109 ejus
663 2050 932 2108 sanguinem,
954 2065 1043 2094 non
1064 2051 1278 2098 habebitis
1295 2056 1429 2101 vitam

47 2136 67 2159 »
102 2119 144 2162 in
166 2118 314 2163 vobis4
336 2137 344 2164 ε
369 2137 389 2160 »
410 2120 642 2173 Quomodo
658 2119 836 2180 quidem
857 2120 1028 2176 edatur,
1049 2131 1092 2166 et
1115 2125 1312 2183 quisnam
1334 2143 1430 2173 mo-

44 2189 126 2234 dus
143 2190 197 2234 sit
217 2189 511 2235 manducandi
533 2191 664 2235 istum
682 2205 856 2250 panem,
883 2192 1088 2251 ignoratis
1104 2206 1431 2244 :verumtamen

49 2278 70 2302 (ι
103 2260 184 2305 nisi
205 2260 569 2305 manducaveritis
595 2276 771 2306 carnem
795 2262 872 2306 filii
909 2264 1120 2320 hominis,
1156 2276 1198 2310 et
1234 2268 1431 2315 biberitis

48 2349 68 2372 »
103 2332 194 2391 ejus
225 2332 481 2392 sanguinem
497 2367 507 2387 ‚
544 2348 633 2377 non
654 2332 872 2378 habebitis
893 2335 1028 2379 vitam
1055 2337 1100 2381 in
1123 2339 1256 2383 vobis.
1284 2359 1302 2381 »
1325 2344 1429 2387 Haec

45 2416 134 2446 non
157 2403 310 2463 utique
326 2402 623 2457 cadaveribus,
643 2402 718 2448 sed
736 2404 983 2450 viventibus
1004 2406 1281 2467 loquebatur.
1308 2413 1432 2457 Unde

46 2488 101 2517 ne
129 2473 254 2518 istam
274 2475 407 2519 vitam
434 2474 748 2534 intelligentes,
781 2484 825 2519 et
847 2475 901 2519 de
923 2477 1004 2522 hae
1029 2494 1074 2522 re
1096 2479 1338 2539 litigarent,
1365 2500 1431 2528 se-

95 2565 104 2583 ¹
126 2568 137 2589 ι
159 2559 230 2591 Cor.
252 2569 285 2600 x,
304 2569 355 2600 ις.
379 2575 415 2581 —-
434 2560 550 2591 ²Joan.
569 2571 617 2597 vr,
637 2558 691 2591 53.
713 2577 748 2582 —
781 2560 793 2582 3
815 2561 892 2592 Psal.
910 2573 1008 2604 mvn,
1031 2575 1060 2605 ζ.
1081 2581 1121 2586 -»
1148 2563 1267 2597 ·'⁴Joan.
1299 2579 1339 2608 vi,
1362 2569 1412 2609 ³3}-

1207 2622 1270 2658 20.
