1809 3173
406 197 486 235 332
833 213 866 240 s.
903 213 987 244 Aue
996 219 1131 245 usmm
1165 220 1344 248 Eluscom

460 275 538 318 XI.
570 293 589 316 «
610 276 819 322 Dicebant
835 295 934 338 ergo
952 317 961 335 ‚
990 284 1072 326 Ubi
1093 293 1155 327 est
1177 285 1277 329 ille?
1301 289 1355 329 Et
1376 303 1572 333 murmur
1595 292 1781 337 multum

404 360 424 383 »
459 341 513 386 de
532 360 582 388 eo
605 356 695 390 erat
714 348 756 391 in
780 350 903 394 turba
918 354 946 394 ¹.
969 370 987 392 »
1019 353 1141 396 Unde
1159 360 1387 399 murmur?
1409 357 1463 401 de
1485 363 1777 406 contentione.

400 415 509 467 Quae
534 415 617 460 fuit
640 421 923 466 contentio‘?«
949 424 1129 475 Quidam
1154 427 1266 470 enirn
1291 428 1495 473 dicebant
1518 432 1618 491 quia
1644 433 1783 477 bonus

402 503 422 526 »
459 495 549 544 θεῖς
580 487 650 531 alii
680 500 823 534 autem
843 527 853 545 ‚
881 495 974 536 Non
995 528 1004 546 ,
1032 494 1107 537 sed,
1132 496 1299 540 seducit
1322 500 1485 544 turbas.
1516 519 1534 541 »
1563 508 1617 544 lie
1639 505 1782 546 omni<-

398 554 478 599 bus
499 558 628 602 servis
647 560 737 618 ejus
757 560 1088 619 intelligendum
1109 583 1116 607 :
1138 565 1220 609 hoc
1243 566 1400 610 dicitur
1417 570 1563 614 modo.
1578 573 1783 624 Quicum-

397 641 484 684 que
508 628 622 670 enim
657 630 887 673 eminuerit
916 632 959 675 in
989 632 1129 691 aliqua
1169 637 1332 691 gratia2
1355 639 1560 696 spiritali,
1587 641 1781 700 profecto

399 696 469 740 alii
492 697 644 742 dicunt
661 735 670 752 ,
702 719 719 740 «
748 704 890 746 Bonus
914 712 1004 759 est3
1035 722 1053 744 »
1081 703 1170 759 alii,
1209 725 1226 748 «
1249 709 1344 750 Non
1361 743 1370 760 ‚
1396 709 1469 752 sed
1497 712 1662 755 seducit
1688 723 1780 757 tur-

399 785 419 808 »
457 768 546 811 bas.
577 788 595 809 »
619 770 743 813 Unde
760 772 841 815 hoc
857 775 905 813 Y«
928 774 1035 826 Quia
1053 776 1138 819 vita
1163 787 1307 822 nostra
1328 780 1578 826 abscondita
1601 794 1664 827 est
1681 801 1778 829 cum

399 856 419 879 »
456 840 628 884 Christo
650 842 693 884 in
720 845 806 886 Deo
826 845 886 888 3.»
904 844 1006 889 Ideo
1026 845 1124 890 licet
1150 848 1290 892 dicere
1314 851 1563 897 hominibus
1586 871 1662 914 per
1678 857 1781 913 hye-

397 923 510 951 mem
530 945 539 963 ,
559 921 728 955 mortua
749 923 810 956 est
832 915 909 958 ista
934 916 1060 960 arbor
1078 953 1087 971 ,
1114 919 1232 962 verbi
1258 922 1389 977 gratia
1408 957 1417 974 ‚
1446 924 1574 967 arbor
1596 926 1681 980 fici,
1710 943 1776 970 ar-

397 978 478 1021 bor
499 982 596 1038 pyri
617 1017 626 1034 ‚
655 992 697 1025 et
719 983 965 1042 hujusmodi
999 1003 1226 1045 pomorum
1246 1026 1257 1044 ,
1295 992 1439 1035 similis
1468 1003 1529 1037 est
1551 995 1680 1040 aridae
1703 1018 1713 1053 3
1738 1007 1780 1041 et

397 1051 592 1108 quandiu
617 1052 766 1108 hyems
790 1064 874 1109 est,
894 1072 980 1099 uon
1005 1069 1194 1116 apparet.
1210 1064 1349 1104 AEstas
1372 1063 1543 1120 probat,
1565 1066 1778 1123 judicium

396 1120 566 1178 probat.
596 1125 735 1167 AEstas
758 1135 902 1169 nostra
921 1162 931 1179 ,
971 1128 1173 1173 revelatio
1195 1132 1353 1175 Christi
1377 1143 1439 1177 est
1466 1153 1474 1177 z
1509 1154 1526 1175 «
1554 1139 1665 1180 Deus
1684 1153 1778 1181 ma-

398 1209 417 1231 »
454 1191 634 1236 nifestus
656 1196 825 1251 veniet,
865 1201 977 1241 Deus
998 1209 1143 1243 noster
1165 1211 1207 1245 et
1243 1218 1330 1245 non
1353 1204 1522 1259 silebit,
1548 1207 1656 1263 ignis
1678 1219 1778 1252 ante

397 1279 417 1302 »
453 1278 551 1306 eum
579 1265 774 1322 przeibit⁴
802 1286 809 1308 τ
842 1287 857 1307 »
884 1268 961 1311 iste
983 1269 1092 1326 ignis
1117 1271 1406 1317 inflammabit
1438 1275 1634 1321 inimicos
1656 1280 1774 1337 ejus3

394 1332 531 1377 aridas
554 1336 728 1379 arbores
752 1338 859 1394 ignis
883 1341 1237 1398 comprehendet.
1263 1346 1383 1388 Tunc
1406 1347 1519 1389 enim
1544 1348 1675 1391 aridae
1698 1366 1776 1408 ap—

392 1404 630 1460 parebunt,
656 1406 832 1464 quando
855 1409 914 1452 eis
936 1409 1105 1454 dicetur
1129 1431 1137 1456 :
1173 1432 1191 1454 ι(
1213 1415 1405 1468 Esurivi,
1427 1426 1469 1459 et
1490 1433 1578 1461 non
1600 1418 1776 1463 dedistis

395 1490 414 1512 »
450 1473 555 1516 mihi
578 1476 866 1521 manducare⁵
895 1498 902 1522 ;
928 1497 947 1519 »
969 1480 1014 1523 in
1037 1481 1117 1525 alia
1136 1498 1235 1527 vero
1263 1494 1401 1542 parte,
1422 1486 1504 1530 hoc
1527 1497 1590 1531 est
1611 1489 1655 1532 in
1678 1490 1775 1534 dex-

394 1551 506 1598 tera,
533 1546 758 1604 apparebit
780 1548 1042 1594 foecunditas
1072 1551 1316 1609 fructuum,
1342 1555 1618 1617 dignitasque
1647 1558 1775 1604 folio-

390 1630 485 1657 rum
516 1634 525 1660 :
545 1616 738 1661 viriditas
754 1654 764 1672 ‚
790 1621 1007 1664 aeternitas
1030 1623 1125 1666 erit.
1163 1623 1251 1668 lllis
1274 1641 1377 1683 ergo
1401 1636 1608 1687 tanquam
1646 1631 1773 1674 aridis

389 1684 558 1728 dicetur
580 1706 587 1730 :
614 1706 632 1728 «
660 1691 724 1731 Ite
759 1689 803 1732 in
832 1689 976 1748 ignem
1006 1696 1262 1738 aeternumss.
1287 1698 1399 1739 Ecce
1430 1699 1572 1753 enim,
1599 1700 1769 1760 inquit,

391 1773 411 1795 ›>
447 1758 604 1800 securis
627 1758 681 1802 ad
706 1760 893 1804 radicem
916 1764 1118 1806 arborum
1146 1765 1280 1822 posita
1303 1775 1380 1809 est.
1407 1768 1558 1812 Omnis
1575 1785 1678 1829 ergo
1701 1788 1771 1815 ar-

390 1844 409 1866 »
448 1826 527 1870 bor
544 1844 642 1886 quae
665 1844 753 1872 non
771 1830 874 1874 facit
892 1830 1084 1876 fructum
1104 1833 1269 1877 bonum
1284 1871 1294 1889 ,
1317 1836 1539 1882 excidetur
1554 1875 1564 1893 7
1586 1850 1628 1883 et
1650 1841 1694 1884 in
1712 1842 1773 1900 ig·

389 1914 409 1936 »
446 1912 543 1940 nem
567 1898 801 1942 mittetur7.
816 1921 831 1941 »
846 1901 999 1945 Dicant
1017 1917 1117 1959 ergo
1133 1903 1187 1946 de
1205 1914 1262 1958 te,
1277 1906 1309 1948 si
1325 1908 1495 1964 proficis
1519 1909 1562 1952 in
1579 1911 1766 1963 Christo,

386 1966 533 2010 dicant
552 1968 769 2024 homines,
799 1990 816 2011 «
847 1972 1020 2015 Seducit
1041 1974 1205 2018 turbas.
1226 1993 1245 2015 »
1262 1976 1451 2034 Deipso,
1479 1980 1533 2021 de
1558 1988 1648 2024 toto
1670 1997 1768 2025 cor-
1804 1975 1805 2049 ᾗ

386 2052 489 2094 pore
520 2039 678 2082 Christi
713 2041 794 2084 hoc
827 2039 997 2084 dicitur.
1025 2045 1175 2100 Cogita
1200 2060 1354 2103 corpus
1374 2048 1533 2091 Christi
1557 2049 1700 2095 adhuc
1721 2053 1767 2095 in
1804 2061 1805 2093 ξ

386 2108 550 2151 mundo
567 2143 577 2162 ,
604 2110 746 2168 cogita
766 2126 921 2169 corpus
943 2113 1100 2156 Christi
1124 2114 1266 2158 adhuc
1283 2117 1327 2159 in
1351 2132 1445 2161 area
1465 2153 1475 2171 ‚
1497 2119 1596 2162 vide
1617 2137 1767 2180 quem-

385 2179 621 2222 admodum
645 2181 970 2239 blasphemetur
993 2200 1014 2227 a
1034 2185 1170 2242 palea.
1200 2186 1335 2230 Simul
1356 2187 1533 2247 quidem
1558 2191 1765 2236 trituran-
1804 2225 1809 2233 ,

384 2257 478 2303 tur,
521 2249 593 2293 sed
627 2251 761 2309 paleae
784 2262 1094 2309 conteruntur,
1119 2255 1335 2301 frumenta
1360 2269 1613 2316 purgantur.
1636 2263 1763 2315 Quod
1803 2234 1809 2349 l

383 2318 546 2362 dictum
573 2330 636 2364 est
658 2337 757 2378 ergo
780 2321 834 2365 de
858 2324 1062 2379 Domino,
1087 2326 1202 2369 valet
1231 2326 1284 2370 ad
1314 2329 1653 2374 consolationem
1670 2367 1681 2388 ‚
1707 2333 1761 2377 de

382 2405 662 2450 quocumque
684 2392 766 2436 hoc
788 2392 952 2437 dictum
975 2394 1104 2439 fuerit
1127 2397 1387 2442 Christiano.
1803 2353 1809 2460 l

1804 2517 1809 2532 ι

430 2489 542 2518 ¹Joan.
569 2498 625 2528 vn,
648 2499 658 2519 1
671 2499 699 2529 1,
719 2497 769 2520 12.
790 2506 830 2511 —
852 2496 863 2511 2
882 2491 986 2523 Forte
1001 2496 1034 2523 et
1051 2493 1183 2534 spiritali
1200 2494 1357 2535 profectu.
1379 2512 1420 2518 -
1440 2494 1452 2517 3
1470 2497 1585 2528 ‹totos-s.
1605 2509 1647 2539 iu,
1669 2499 1699 2531 3.
1718 2517 1758 2522 -—
1805 2513 1809 2515 ·

381 2540 395 2566 ·'·
416 2542 492 2574 Psal.
520 2554 601 2584 xmx,
623 2543 653 2573 3.
673 2542 741 2566 ——5
760 2545 878 2576 Matth.
906 2547 1050 2587 πυρίῃ),
1080 2565 1109 2569 -
1133 2547 1246 2580 Γ’11)ἱι1.
1271 2549 1324 2590 [μ.
1348 2552 1482 2584 —71‹l.
1505 2565 1553 2589 ιιι,
1577 2565 1622 2585 xo.
1804 2536 1809 2611 J

1802 2616 1809 2696 lj
