1809 3173
373 220 454 258 182
751 224 783 252 S.
832 224 1062 252 AUGUSTIM
1096 224 1275 251 EPlscol’l

368 295 471 355 quia
493 291 786 351 eognovistis‘?
808 292 987 334 Certum
1026 298 1090 332 est
1120 287 1240 348 quod
1273 287 1385 342 dixi,
1409 295 1452 330 et
1473 284 1750 330 manifestum

367 363 568 409 omnibus
587 361 728 407 nohis.
746 361 916 405 Litterae
932 361 1046 403 fiunt
1061 359 1201 418 primo
1223 375 1245 402 a
1268 358 1398 402 eorde
1416 366 1579 411 nostro,
1596 356 1752 410 deinde

367 452 390 480 a
412 448 589 493 corpore
612 441 758 476 nostro
775 466 785 486 ,
823 445 975 474 manus
997 430 1125 496 seryit
1149 420 1377 487 imperanti
1407 426 1555 481 cordi,
1581 426 1753 470 easdem

366 506 529 549 litteras
560 502 663 547 facit
682 511 724 546 et
746 517 821 546 cor
846 511 889 544 et
927 515 1081 543 manus
1106 518 1114 542 :
1140 499 1358 558 numquid
1395 499 1497 542 alias
1520 514 1593 542 cor
1614 533 1624 552 ‚
1651 498 1752 542 alias

366 575 549 620 manus?
572 571 757 616 Easdem
779 569 957 629 quidem
980 568 1083 612 facit
1105 583 1258 612 manus
1275 604 1285 623 ,
1317 569 1392 612 sed
1414 585 1503 613 non
1525 568 1717 611 similiter
1740 587 1749 613 :

367 660 441 690 cor
469 644 583 687 enim
608 651 803 686 nostrum
826 638 929 683 facit
950 654 1020 682 eas
1045 638 1376 696 intelligibiliter
1392 674 1403 692 ,
1430 654 1584 682 manus
1607 647 1752 682 autem

367 714 604 761 visibiliter.
638 715 750 756 Ecce
777 710 1000 770 quomodo
1027 710 1140 752 fiunt
1155 710 1305 752 eadem
1327 709 1601 753 dissimiliter.
1629 709 1753 753 Unde

366 799 522 845 parum
544 783 627 826 fuit
649 781 833 825 Domino
856 780 999 823 dicere
1026 798 1035 823 ε
1066 798 1085 820 «
1113 785 1408 839 Quaecumque
1431 783 1556 823 Pater
1578 779 1749 834 fecerit,

369 874 390 897 »
425 856 519 899 haec
537 862 580 897 et
598 851 733 896 Filius
748 850 895 905 facit,»
908 850 989 894 nisi
1009 848 1203 904 adderet,
1225 869 1243 892 «
1259 853 1315 894 Et
1331 849 1539 894 similiter.
1555 849 1703 902 »Quid
1719 849 1753 892 si

368 926 482 969 enim
503 925 587 968 hoc
605 921 736 966 modo
759 920 1019 978 intelligeres
1035 919 1257 978 quomodo
1279 935 1569 980 quaecumque
1591 935 1664 964 cor
1683 919 1752 963 fa-

368 996 427 1041 cit
442 1031 452 1051 ,
477 996 570 1039 haee
593 1003 636 1038 et
661 1008 814 1037 manus
837 991 961 1046 facit,
993 991 1069 1035 sed
1090 1007 1178 1035 non
1201 991 1425 1035 similiter?
1450 991 1532 1035 Hic
1553 1005 1656 1035 vero
1675 991 1750 1035 ad-

369 1065 482 1110 didit
498 1100 508 1120 ,
538 1083 557 1107 «
579 1067 683 1108 Haec
707 1072 750 1107 et
772 1062 906 1106 Filius
928 1059 1124 1105 similiter
1147 1059 1262 1105 facit.
1290 1079 1309 1102 »
1325 1061 1366 1105 Si
1383 1070 1425 1105 et
1445 1061 1539 1105 haec
1561 1061 1686 1115 facit,
1710 1070 1754 1105 et

369 1136 564 1181 similiter
590 1134 691 1178 iacit
708 1169 719 1189 ,
754 1133 1048 1192 expergiscere
1063 1167 1074 1186 ,
1110 1132 1345 1190 stringatur
1372 1132 1551 1175 Judaeus
1572 1166 1583 1186 ,
1606 1130 1753 1175 credat

368 1205 639 1252 Christianus
655 1239 666 1259 ,
701 1203 986 1248 convincatur
1026 1202 1276 1256 haereticus,
1316 1201 1494 1261 aequalis
1536 1210 1600 1245 est
1636 1201 1753 1245 Patri

369 1276 520 1321 Filius.

430 1348 509 1390 IX.
526 1363 546 1387 «
563 1348 690 1388 Pater
711 1343 825 1386 enim
846 1341 985 1400 diligit
1004 1341 1179 1396 Filium,
1201 1350 1244 1385 et
1265 1342 1410 1386 omnia
1432 1340 1698 1386 demonstrat
1714 1342 1752 1384 ei

370 1434 391 1458 »
427 1430 526 1475 quae
544 1415 634 1473 ipse
657 1413 774 1457 facit.
795 1430 815 1454 »
834 1415 946 1456 Ecce
965 1421 1029 1456 est
1048 1410 1176 1465 illud,
1198 1429 1219 1453 «
1236 1411 1518 1456 demonstrat.
1545 1414 1752 1455 Demons-

371 1503 392 1527 »
428 1493 515 1528 trat
539 1502 558 1524 »
584 1483 707 1543 quasi
729 1483 829 1526 cui?
859 1483 1020 1541 Utique
1041 1481 1163 1541 quasi
1186 1480 1365 1525 videnti.
1392 1481 1599 1525 Redimus
1626 1481 1680 1525 ad
1707 1480 1751 1525 id

367 1543 720 1615 quod'explicare
742 1567 831 1596 non
854 1566 1079 1608 possumus
1096 1586 1106 1605 ,
1133 1551 1355 1610 quomodo
1377 1552 1570 1594 Verbum
1587 1551 1772 1595 videats

371 1628 484 1669 Ecce
500 1624 633 1667 homo
656 1622 795 1666 factus
816 1631 879 1665 est
894 1636 971 1680 per
992 1621 1187 1666 Verbum
1215 1640 1224 1665 ε
1253 1621 1328 1664 sed
1348 1622 1479 1665 homo
1492 1621 1626 1665 habet
1647 1636 1754 1665 ocu-

367 1694 455 1749 los,
479 1694 613 1737 habet
634 1707 757 1736 aures
773 1727 784 1747 ,
809 1692 943 1736 habet
964 1707 1117 1735 manus
1136 1725 1146 1746 ,
1177 1690 1343 1735 diversa
1364 1691 1560 1735 membra
1580 1691 1624 1734 in
1654 1706 1752 1736 cor-

368 1779 474 1824 pore
493 1783 502 1808 2
526 1779 604 1823 per
625 1762 774 1807 oculos
799 1771 941 1821 potest
969 1762 1116 1806 videre
1130 1795 1142 1815 ,
1167 1777 1244 1820 per
1266 1776 1389 1805 aures
1411 1770 1555 1820 potest
1573 1761 1723 1806 audire
1738 1797 1749 1816 ‚

366 1849 445 1894 per
459 1848 614 1877 manus
635 1831 800 1891 operari
821 1850 829 1876 :
854 1831 1022 1875 diversa
1040 1831 1253 1885 membra,
1271 1831 1438 1875 diversa
1456 1831 1752 1876 membrorum
1802 1867 1803 1884 i

370 1903 527 1948 officia.
552 1904 650 1947 Non
671 1909 813 1960 potest
833 1900 944 1943 illud
965 1900 1214 1943 membrum
1235 1901 1355 1959 quod
1371 1910 1512 1959 potest
1534 1900 1719 1944 alterum
1740 1920 1749 1946 ε

369 1982 517 2018 tamen
542 1980 720 2031 propter
750 1970 940 2029 corporis
971 1971 1208 2024 unitatem,
1241 1970 1377 2014 oculis
1404 1980 1447 2015 et
1479 1972 1558 2014 sibi
1596 1981 1640 2015 et
1660 1972 1753 2015 auri

368 2044 490 2088 videt
506 2077 517 2098 ,
543 2051 587 2085 et
608 2043 721 2085 auris
754 2041 833 2084 sibi
856 2049 898 2084 et
920 2039 1048 2084 oculo
1070 2040 1206 2084 audit.
1233 2041 1458 2101 Numquid
1480 2041 1566 2085 tale
1590 2041 1754 2101 aliquid
1806 2030 1809 2056 '³

370 2114 417 2157 in
438 2112 584 2157 Verbo
621 2111 922 2156 arbitrandum
958 2120 1021 2154 est
1044 2125 1133 2153 esse
1151 2145 1161 2164 ,
1188 2111 1393 2170 quoniam
1415 2112 1559 2155 omnia
1591 2127 1668 2171 per
1688 2114 1754 2170 ip-
1801 2162 1804 2173 Ι

371 2184 499 2227 sum?
521 2184 578 2226 Et
597 2181 706 2225 dixit
730 2182 949 2240 Scriptura
967 2181 1013 2223 in
1035 2180 1204 2225 Psalmo
1220 2216 1230 2235 ,
1262 2200 1281 2223 «
1306 2181 1539 2238 Intelligite
1558 2182 1635 2241 qui
1657 2182 1754 2237 insi·
1799 2235 1803 2247 1

374 2270 396 2294 »
431 2252 594 2312 pientes
616 2252 714 2295 estis
740 2251 786 2294 in
806 2250 996 2310 populo,
1023 2260 1066 2294 et
1087 2250 1208 2294 stulti
1225 2250 1461 2310 aliquando
1478 2251 1612 2310 sapite
1639 2252 1753 2304 :Qui
1798 2251 1803 2258 ”

372 2339 394 2364 n
428 2321 641 2380 plantavit
671 2336 840 2376 aurem,
876 2336 964 2365 non
986 2320 1157 2375 audiet,
1189 2330 1264 2365 aut
1287 2321 1361 2380 qui
1393 2321 1516 2365 finxit
1537 2321 1716 2365 oculum
1735 2356 1746 2377 ,
1798 2334 1802 2348 ·

370 2408 393 2433 »
426 2406 517 2435 non
538 2391 804 2434 considerat¹
821 2393 871 2434 P»
899 2391 941 2435 Si
957 2405 1057 2448 ergo
1074 2391 1201 2434 finxit
1222 2391 1399 2435 oculum
1419 2392 1630 2447 Verbum,
1648 2393 1750 2451 quia
1797 2383 1802 2431 ἶ

365 2460 513 2504 omnia
543 2475 619 2519 per
648 2460 872 2516 Verbum,
902 2461 936 2504 si
964 2459 1176 2519 plantavit
1214 2475 1363 2504 aurem
1392 2461 1609 2517 Verbum,
1646 2462 1749 2521 quia

421 2549 431 2566 ¹
452 2542 534 2574 Psal.
554 2553 638 2582 xciii,
657 2543 692 2583 8,
709 2554 743 2585 9.
