1825 3214
258 217 299 242 m
333 215 507 243 sommis
540 214 846 252 EVANGEMUM,
880 215 1026 242 Tutior.
1065 217 1221 243 xxviii.
1345 209 1427 244 :323

50 289 113 323 ter
139 299 148 325 ;
174 281 293 340 quod
318 281 504 335 latebat,
530 280 649 340 quod
682 295 726 324 se
749 289 955 339 tanquam
980 296 1034 324 ne
1060 282 1332 327 occideretur
1354 300 1430 328 oc-

49 349 243 394 cultabat
259 386 270 405 ,
298 351 379 396 hoc
397 350 615 395 indicabat
635 349 795 394 lactura
820 366 908 394 esse
931 352 1124 394 membra
1147 369 1239 406 sua,
1267 355 1309 396 in
1331 355 1433 413 qui-

52 421 130 465 bus
156 423 306 482 utique
339 423 542 466 membris
565 423 650 466 suis
669 423 756 481 ipse
785 431 889 465 erat.
918 424 1014 466 Non
1038 422 1152 465 enim
1171 425 1366 468 Christus
1389 426 1433 470 in

49 492 190 553 capite
226 502 269 536 et
291 508 377 537 non
402 493 447 536 in
473 508 676 552 corpore,
702 492 776 536 sed
813 492 1009 537 Christus
1027 501 1143 537 totus
1164 494 1206 536 iu
1231 496 1370 553 capite
1392 506 1434 540 et

52 563 93 606 in
116 578 310 622 corpore.
346 563 475 616 Quod
506 578 608 622 ergo
635 562 828 606 membra
853 563 943 622 ejus
960 597 971 617 ‚
996 563 1086 622 ipse
1111 582 1119 609 ι
1151 564 1271 623 quod
1291 575 1436 610 autem

50 633 139 693 ipse
158 669 170 688 ‚
191 650 279 678 non
301 635 511 678 continuo
539 633 732 678 membra
756 634 863 693 ejus.
890 636 998 678 Nam
1021 634 1054 678 si
1078 649 1167 678 non
1185 634 1275 694 ipse
1297 646 1437 681 essent

51 705 247 749 membra
276 707 368 764 ejus
385 739 396 760 ‚
429 720 518 749 non
540 704 704 748 diceret
720 738 732 758 ,
759 723 779 746 «
804 703 932 749 Saule
949 739 961 759 ,
986 704 1092 764 quid
1112 720 1180 748 me
1203 721 1438 767 perseque-

55 793 74 815 »
110 775 164 819 ris
184 777 222 816 ¹?
248 793 267 816 »
289 778 386 821 Non
408 775 526 818 enim
557 774 712 820 Saulus
740 775 883 834 ipsum
900 810 912 830 ,
937 775 1013 819 sed
1035 777 1229 821 membra
1253 779 1369 838 ejus,
1393 778 1439 822 id

51 855 114 890 est
131 881 142 901 ,
168 846 315 890 fideles
339 848 429 907 ejus
451 846 621 890 interra
646 846 1004 906 persequebatur.
1026 847 1175 892 Noluit
1202 857 1347 893 tamen
1368 849 1438 894 di-

51 932 148 961 cere
166 926 336 962 sanctos
358 932 475 961 meos
490 951 501 971 ‚
528 932 671 961 servos
701 932 818 961 meos
837 937 847 973 3
874 925 1090 976 postremo
1109 918 1406 965 honorabilius
1424 955 1435 976 ‚

52 990 204 1033 tratres
222 1004 339 1033 meos
362 1008 370 1034 ;
396 988 495 1044 sed,
521 1003 606 1043 me,
633 989 715 1034 hoe
730 997 794 1032 est
817 989 1013 1033 membra
1031 1004 1124 1032 mea
1139 1024 1150 1045 ‚
1177 991 1338 1049 quibus
1359 1007 1440 1051 ego

51 1076 148 1104 sum
167 1069 313 1120 caput.

112 1135 171 1176 ΙΙ.
207 1133 281 1176 His
304 1130 518 1191 praedictis
545 1140 651 1190 puto
673 1145 751 1175 nos
774 1131 817 1175 in
840 1131 924 1175 hoc
947 1130 1139 1190 capitulo
1159 1133 1279 1192 quod
1310 1134 1443 1179 modo

52 1201 215 1246 lectum
232 1212 317 1257 est,
344 1218 432 1246 non
450 1217 539 1246 esse
560 1200 833 1246 laboraturos
854 1219 862 1246 :
883 1217 997 1261 saepe
1019 1202 1134 1245 enim
1154 1203 1444 1260 significatum

54 1283 116 1318 est
135 1274 179 1317 in
201 1273 339 1333 capite
358 1308 368 1329 ,
389 1272 511 1332 quod
532 1273 733 1317 futurum
756 1281 849 1316 erat
871 1272 914 1316 in
937 1288 1134 1332 corpore.
1166 1293 1186 1315 «
1207 1277 1308 1318 Post
1330 1275 1441 1330 haec,

59 1363 77 1384 »
115 1345 257 1404 inquit
273 1380 283 1399 ,
312 1344 564 1389 ambulabat
592 1347 716 1389 Jesus
738 1344 784 1388 in
808 1342 1030 1388 Galilaeam
1051 1363 1060 1390 :
1087 1360 1176 1390 non
1193 1345 1307 1390 enim
1326 1345 1448 1391 vole-

59 1433 78 1455 »
114 1415 189 1459 bat
220 1415 264 1459 in
299 1414 497 1459 Judaeam
528 1414 780 1470 ambulare,
804 1414 906 1474 quia
942 1415 1198 1474 quaerebant
1231 1432 1333 1460 eum
1363 1419 1446 1460 Ju-

60 1505 78 1526 »
115 1485 200 1530 daei
220 1486 534 1531 interficere2.»
554 1489 646 1530 Hoc
669 1495 733 1530 est
756 1485 878 1546 quod
899 1484 1004 1540 dixi,
1025 1486 1266 1531 infirmitati
1286 1498 1446 1533 nostrae

59 1557 281 1614 praebebat
302 1557 567 1618 exemplum.
582 1560 680 1603 Non
702 1559 792 1617 ipse
815 1556 1063 1617 perdiderat
1086 1558 1448 1617 potestatem‚sed

59 1638 249 1672 nostram
278 1628 586 1673 consolabatur
622 1627 918 1687 fragilitatem.
944 1631 1161 1672 Futurum
1185 1630 1300 1673 enim
1324 1639 1445 1685 erat,

61 1709 109 1743 ut
130 1699 240 1755 dixi,
266 1709 314 1744 ut
337 1699 490 1759 aliquis
520 1698 659 1744 fidelis
681 1700 772 1759 ejus
790 1699 1075 1744 absconderet
1090 1715 1161 1755 se,
1184 1715 1238 1744 ne
1257 1717 1279 1745 a
1300 1717 1447 1760 perse-

60 1771 285 1816 cutoribus
316 1770 584 1814 inveniretur
613 1789 622 1815 :
648 1779 691 1814 et
713 1785 768 1813 ne
790 1769 853 1814 illi
876 1785 954 1829 pro
982 1770 1163 1815 crimine
1186 1771 1448 1831 objiceretur

60 1840 313 1894 latibulum,
339 1841 555 1901 praecessit
570 1840 616 1884 in
638 1841 780 1900 capite
796 1839 917 1901 quod
934 1840 980 1885 in
1002 1841 1200 1886 membro
1222 1843 1449 1887 confirma-

62 1921 195 1956 retur.
227 1913 295 1957 Sic.
319 1912 434 1956 enim
457 1911 623 1956 dictum
646 1921 710 1957 est
733 1931 742 1957 :
784 1930 804 1954 «
829 1911 1014 1958 Nolebat
1036 1912 1261 1958 ambulare
1291 1915 1337 1959 in
1365 1917 1448 1959 Ju-

66 2001 85 2024 »
122 1983 284 2037 daeam,
307 1982 408 2042 quia
441 1983 697 2042 quaerebant
724 1997 826 2026 eum
860 1982 1005 2026 Judaei
1029 1982 1226 2027 occidere
1251 2002 1260 2028 ε
1288 2005 1305 2026 »
1326 1986 1450 2045 quasi

64 2068 153 2097 non
186 2062 330 2112 posset
365 2053 562 2098 Christus
595 2062 638 2097 et
669 2052 894 2097 ambulare
922 2053 1035 2097 inter
1057 2053 1261 2109 Judaeos,
1296 2065 1339 2099 et
1361 2071 1451 2100 non

64 2123 203 2168 occidi
226 2139 250 2167 a
272 2126 293 2168 J
301 2123 450 2168 udaeis.
477 2126 598 2168 Hanc
614 2123 730 2168 enim
755 2125 993 2183 potentiam
1017 2124 1196 2183 quando
1218 2125 1358 2171 voluit
1374 2126 1453 2172 de-

66 2194 322 2238 monstravit
348 2213 356 2239 :
383 2209 483 2238 nam
507 2210 607 2238 cum
624 2209 726 2238 eum
744 2195 833 2254 jam
852 2210 1076 2254 passurum
1105 2205 1248 2240 tenere
1269 2196 1448 2253 vellent,

66 2265 124 2309 ait
157 2265 239 2309 illis
267 2284 277 2310 2
312 2284 332 2307 «
364 2267 503 2318 Quem
544 2265 769 2325 quaeritis?
801 2265 1167 2324 Responderunt,
1206 2270 1371 2312 Jesum.
1400 2272 1454 2314 Et

70 2354 89 2375 »
123 2335 221 2389 ille,
248 2339 339 2393 Ego
367 2339 487 2379 sum³
519 2355 528 2380 2
553 2355 571 2377 »
600 2352 687 2379 non
711 2351 755 2379 se
778 2336 1001 2380 occultans
1020 2371 1030 2391 ,
1056 2337 1130 2380 sed
1157 2338 1450 2383 manifestans.

69 2407 135 2450 Ad
153 2423 248 2451 eain
270 2418 413 2451 tamen
440 2406 828 2451 manifestationem
852 2406 915 2450 illi
933 2424 1021 2451 nou
1044 2408 1357 2462 substiterunt,
1377 2409 1453 2454 sed

69 2475 299 2546 rgdeuntes
322 2487 436 2521 retro
472 2478 739 2522 ceciderunt.
774 2481 830 2522 Et
852 2487 996 2522 tamen
1016 2479 1116 2539 quia
1144 2480 1230 2540 pati
1253 2490 1449 2535 venerat,

119 2564 212 2594 Ἀοι-
230 2573 274 2602 ix,
294 2561 325 2603 4.
348 2579 389 2585 -
410 2568 422 2584 ²
442 2563 533 2594 Joan.
553 2573 609 2606 vn,
627 2574 654 2595 1.
677 2578 719 2585 ·—-
742 2559 755 2585 ³
781 2562 826 2595 Id.
849 2573 870 2601 i,
890 2561 946 2604 85,
967 2568 1032 2596 etc.

1212 2617 1280 2657 21.
