1809 3173
364 189 447 228 476
801 201 833 230 s.
870 202 1097 233 Aneus‘rim
1121 207 1299 234 13121500121

363 266 600 325 Evangelio
630 280 1014 315 commemoratum
1038 272 1210 332 poenale
1232 272 1444 333 judicium
1463 308 1473 328 ,
1499 292 1519 316 «
1546 274 1627 328 Qui
1652 289 1740 318 non

369 360 385 379 »
420 339 583 394 eredit,
614 341 702 399 jam
731 341 949 400 judicatus
983 346 1107 387 est1:
1137 362 1156 384 »
1190 353 1233 388 et
1264 344 1346 389 alio
1382 345 1508 400 loeo,
1539 364 1559 387 «
1586 345 1741 389 Veniet

365 428 385 451 »
420 411 525 454 hora
549 411 725 471 quando
743 412 771 455 ii
790 414 864 472 qui
886 423 987 458 sunt
1010 416 1052 457 in
1073 416 1362 460 monumentis
1384 416 1562 459 audient
1588 431 1741 460 vocem

367 500 383 521 >1
421 482 510 541 ejus
528 517 538 536 ,
564 491 606 525 et
624 484 859 542 procedent
875 485 950 543 qui
969 484 1080 527 bene
1102 483 1298 528 fecerunt
1321 486 1364 529 in
1382 486 1741 530 resurrectionem

365 569 384 592 >1
421 552 519 595 vitre
537 587 547 607 7
573 553 648 612 qui
674 553 783 596 male
806 563 989 612 egerunt
1022 555 1066 597 in
1106 556 1464 599 resurrectionem
1495 557 1693 615 judicii2.
1719 575 1737 596 »

363 621 516 666 Videte
533 622 901 682 quemadmodum
916 624 1128 683 judicium
1147 641 1225 684 pro
1246 626 1523 670 damnatione
1546 635 1589 669 et
1614 641 1743 685 poena

362 693 520 751 posuit.
549 696 604 736 Et
627 702 769 736 tamen
803 694 833 736 si
855 710 1021 753 semper
1036 695 1248 754 judicium
1276 712 1353 754 pro
1374 697 1651 740 damnatione
1673 712 1745 740 ac—

363 763 604 821 ciperetur,
632 763 847 823 numquid
881 765 1128 809 audiremus
1160 767 1203 808 in
1228 767 1398 811 Psalmo
1420 786 1427 810 ε
1458 785 1477 807 ‹<
1502 766 1655 810 Judica
1676 782 1744 810 me

367 853 386 874 η
423 836 586 877 Deus³P
604 853 622 875 η
642 835 705 877 Ibi
720 835 930 894 judicium
951 837 1193 880 seeundum
1211 837 1506 892 afflictionem,
1532 838 1604 881 hic
1620 837 1743 897 judi-

363 906 476 949 cium
505 906 746 949 secundum
776 906 1077 951 discretionem
1103 907 1290 965 positum
1315 917 1392 951 est.
1423 907 1654 960 Quomodo
1676 924 1744 952 se-

362 974 556 1020 cundum
590 974 923 1021 discretionem?
952 978 1180 1029 Quomodo
1209 979 1385 1036 exponit
1417 980 1506 1036 ipse
1539 978 1614 1038 qui
1648 978 1706 1021 ait
1732 997 1741 1022 z

368 1065 386 1088 «
413 1044 566 1090 Judiea
595 1061 663 1090 me
701 1050 825 1091 Deus.
858 1067 877 1088 »
906 1052 1020 1106 Lege
1042 1049 1157 1091 enim
1181 1057 1223 1091 et
1256 1047 1354 1091 vide
1387 1048 1492 1107 quid
1531 1049 1742 1107 sequitur.

364 1118 480 1171 Quid
503 1127 586 1170 est,
618 1136 635 1157 «
657 1117 810 1162 ¹ludica
833 1134 901 1162 me
926 1121 1069 1162 Deus?
1100 1122 1153 1162 Et
1172 1119 1366 1162 discerne
1384 1135 1557 1162 causam
1580 1135 1743 1173 meam,

368 1206 387 1229 n
423 1189 592 1247 inquit,
620 1188 674 1231 de
693 1199 819 1247 gente
845 1206 932 1233 non
956 1199 1115 1233 saneta.
1147 1208 1165 1230 »
1192 1189 1321 1242 Quod
1339 1205 1441 1248 ergo
1463 1190 1630 1234 dictum
1653 1198 1716 1233 est
1733 1225 1744 1245 ‚

370 1277 386 1298 <‹
424 1259 576 1302 Judica
603 1274 671 1302 me
706 1263 844 1314 Deus,
877 1270 919 1303 et
954 1260 1146 1303 discerne
1172 1275 1343 1303 causam
1379 1275 1519 1303 meam
1542 1261 1596 1303 de
1621 1269 1748 1318 gente

369 1347 388 1369 »
425 1344 512 1372 non
536 1338 681 1372 saneta
701 1365 710 1383 ‚
732 1349 749 1369 »
774 1329 1013 1373 secundum
1033 1331 1115 1373 hoc
1142 1330 1199 1373 ait
1217 1329 1348 1373 modo
1371 1330 1578 1374 Dominus
1600 1330 1748 1374 Chris·

308 1412 314 1416 “
366 1408 435 1443 tus
458 1419 467 1444 2
496 1418 515 1440 «
537 1402 630 1459 Ego
661 1416 748 1443 non
771 1416 919 1460 quaero
943 1399 1121 1459 gloriam
1141 1415 1279 1444 meam
1298 1436 1308 1455 ,
1336 1409 1399 1444 est
1417 1402 1491 1461 qui
1516 1410 1683 1461 quaerat
1705 1409 1748 1444 et

369 1489 389 1511 »
419 1471 602 1530 judicet.
633 1490 651 1512 »
679 1472 910 1523 Quomodo
936 1490 955 1513 «
983 1481 1046 1515 est
1068 1471 1144 1531 qui
1166 1481 1332 1532 quaerat
1348 1481 1388 1516 et
1410 1471 1609 1532 judicet?
1628 1491 1645 1513 η
1672 1474 1748 1516 Est

367 1545 494 1585 Pater
515 1542 590 1601 qui
608 1542 784 1599 gloriam
804 1558 943 1585 meam
968 1558 990 1586 a
1012 1552 1148 1586 vestra
1173 1542 1304 1601 gloria
1325 1542 1540 1586 discernat
1561 1552 1604 1586 et
1625 1558 1749 1601 sepa-

367 1621 445 1655 ret.
472 1614 558 1656 Vos
580 1613 694 1656 enim
731 1613 971 1657 secundum
1005 1614 1088 1657 hoc
1119 1613 1323 1657 saeculum
1363 1613 1603 1672 gloriamini
1633 1632 1641 1657 ;
1668 1628 1748 1671 ego

367 1698 455 1726 non
477 1683 719 1727 secundum
738 1684 820 1727 hoe
843 1684 1051 1728 saeculum
1072 1683 1246 1741 glorior,
1267 1685 1343 1744 qui
1362 1685 1475 1728 Patri
1497 1683 1594 1728 dico
1612 1703 1620 1728 ε
1641 1702 1658 1725 «
1672 1687 1750 1727 Pa-

371 1772 390 1795 »
426 1763 491 1798 ter
506 1789 516 1808 ,
543 1753 732 1812 glorifica
757 1770 824 1797 me
842 1770 889 1798 ea
914 1754 1047 1813 gloria
1064 1790 1074 1809 ,
1100 1771 1230 1815 quam
1253 1755 1387 1798 habui
1406 1754 1522 1814 apud
1546 1764 1603 1808 te,
1626 1763 1749 1798 ante-

371 1843 390 1866 »
427 1840 558 1884 quam
579 1825 770 1867 mundus
790 1833 898 1868 esset
912 1826 943 1867 4.
959 1843 978 1865 »
992 1824 1106 1876 Quid
1129 1834 1206 1879 est,
1230 1840 1277 1868 ea
1297 1824 1464 1883 gloria?
1482 1825 1536 1868 ab
1560 1825 1750 1868 humana

368 1895 590 1939 inflatione
605 1894 801 1938 discreta.
817 1893 1066 1938 Secundum
1087 1895 1170 1938 hoc
1187 1895 1353 1953 judicat
1371 1899 1509 1938 Pater.
1536 1894 1651 1947 Quid
1669 1904 1746 1948 est,

364 1966 563 2026 judicat?
585 1965 802 2009 discernit.
816 1966 931 2018 Quid
952 1965 1190 2009 discernit?
1208 1965 1385 2023 gloriam
1405 1965 1502 2009 Filii
1527 1966 1591 2009 sui
1610 1982 1632 2009 a
1657 1965 1752 2025 glo*-

370 2038 430 2081 ria
465 2038 715 2090 hominum,
750 2037 850 2097 quia.
880 2037 977 2080 ideo
1010 2036 1174 2079 dictum
1211 2044 1273 2078 est
1299 2055 1307 2080 :
1338 2055 1357 2077 «
1388 2037 1518 2079 Unxit
1547 2045 1587 2079 te
1607 2039 1746 2091 Deus,

372 2125 392 2148 »
429 2111 542 2151 Deus
564 2116 665 2151 tuus
688 2106 783 2151 oleo
808 2105 1082 2150 exultationis
1101 2121 1190 2164 prae
1208 2106 1442 2164 particibus
1466 2106 1589 2149 tuis⁵.
1611 2124 1630 2146 »
1653 2109 1749 2150 Non

369 2178 484 2221 enim
515 2177 615 2236 quia
637 2178 769 2221 homo
800 2175 940 2220 factus
963 2185 1025 2219 est
1041 2212 1052 2228 .,
1072 2178 1161 2235 jam
1183 2175 1500 2234 comparandus
1524 2185 1585 2219 est
1607 2177 1745 2220 nobis.

369 2254 454 2295 Nos
471 2250 668 2293 homines
690 2265 789 2293 cum
812 2258 1005 2307 peccato,
1022 2247 1092 2291 ille
1114 2249 1204 2291 sine
1222 2256 1395 2306 peccato
1423 2266 1430 2291 :
1454 2263 1531 2290 nos
1557 2247 1751 2290 homines

372 2321 590 2364 trahentes
608 2317 661 2362 de
685 2318 821 2363 Adam
841 2327 882 2362 et
905 2327 1086 2362 mortem
1111 2328 1152 2363 et
1172 2318 1376 2361 delictum
1391 2338 1401 2375 3
1416 2316 1488 2360 ille
1511 2316 1564 2360 de
1583 2317 1748 2374 virgine

373 2407 545 2436 carnem
569 2390 794 2434 mortalem
813 2426 823 2445 ,
854 2389 1017 2434 nullam
1040 2390 1328 2450 iniquitatem.
1355 2389 1550 2448 Denique
1571 2403 1648 2431 nos
1671 2403 1750 2432 nec

421 2495 430 2512 ¹
451 2490 542 2520 Joan.
563 2499 608 2527 111,
632 2488 682 2521 18.
712 2504 752 2509 --
775 2494 786 2510 ²
808 2487 853 2519 Id.
877 2498 911 2527 v,
937 2488 990 2519 28.
1010 2503 1052 2509 -—-
1075 2485 1182 2519 ³Psal.
1202 2496 1282 2528 xm,
1306 2497 1333 2518 1.
1359 2501 1385 2508 ψ
1416 2484 1431 2514 4
1449 2488 1538 2517 Joan.
1562 2495 1637 2527 xvn,
1657 2485 1686 2517 5.
1709 2501 1750 2507 —-

377 2542 390 2565 5
408 2544 492 2577 Psal.
513 2555 602 2586 κων,
625 2546 655 2575 8.
