1809 3173
355 197 434 235 ’184
757 206 787 233 S.
827 206 1054 233 Auotiszrtm
1089 207 1266 232 eviscovi

352 288 481 316 nosce
498 280 718 315 auctorem
737 272 826 330 ejus
844 273 872 314 ¹.
897 269 1005 313 Vide
1028 269 1397 328 quemadmodum
1421 285 1570 313 omnes
1587 285 1733 329 eorpo-

352 344 406 386 ris
430 357 576 385 sensus
593 340 711 385 cordi
735 343 850 385 intro
872 340 1078 383 nuntient
1100 338 1207 398 quid
1231 338 1439 383 senserint
1475 337 1576 382 foris
1602 359 1610 383 2
1638 340 1734 383 vide

350 428 480 472 quam
504 411 672 456 multos
686 412 904 455 ministros
926 410 1083 454 habeat
1101 424 1214 452 unus
1234 409 1412 453 interior
1426 410 1673 468 imperator,
1692 419 1735 454 et

349 481 454 543 quid
485 482 601 541 apud
623 497 666 525 se
698 483 826 524 etiam
859 481 948 523 sine
981 480 1045 522 his
1076 479 1278 522 ministris
1307 489 1419 536 agat.
1465 481 1735 524 Renuntiant

349 552 465 597 oculi
498 551 617 597 cordi
646 551 743 595 alba
775 560 817 594 et
850 551 997 606 nigra·⁷
1017 549 1267 592 renuntiant
1291 565 1414 592 aures
1438 549 1577 591 eidem
1615 550 1734 593 cordi

349 609 505 667 eanora
544 632 586 665 et
616 622 815 676 disson'a3
849 619 1100 662 renuntiant
1130 634 1252 661 nares
1289 619 1428 661 eidem
1458 619 1578 662 cordi
1600 618 1734 662 odora

348 703 390 737 et
413 692 636 752 putentia3
663 690 882 733 renuntiat
911 698 1059 745 gustus
1084 687 1225 730 eidem
1259 688 1377 732 cordi
1404 703 1546 732 amara
1573 698 1613 732 et
1635 688 1735 732 dul-

346 764 410 807 cia
435 783 441 807 ;
464 762 683 805 renuntiat
703 770 839 803 taetus
857 759 998 801 eidem
1019 758 1140 801 cordi
1167 757 1281 801 lenia
1310 767 1353 801 et
1370 773 1516 817 aspera
1541 778 1548 801 :
1577 774 1734 802 renun-

350 835 426 879 tiat
459 842 501 875 et
534 832 614 875 sibi
638 833 777 890 ipsum
801 844 875 873 eor
898 830 1012 887 justa
1036 838 1078 872 et
1100 829 1273 888 injusta.
1301 831 1386 873 Cor
1411 838 1532 872 tuum
1554 837 1596 872 et
1616 829 1735 872 videt

349 913 392 947 et
415 902 559 955 audit,
586 909 627 943 et
651 909 804 944 caetera
828 897 1041 942 sensibilia
1072 898 1313 957 dijudicat3
1339 909 1382 942 et
1403 915 1491 959 quo
1515 915 1601 942 non
1625 900 1735 957 aspi-

349 982 446 1016 rant
474 971 664 1029 eorporis
695 984 866 1018 sensus,
887 970 1003 1027 justa
1026 977 1068 1011 et
1096 969 1275 1027 injusta,
1303 968 1414 1012 mala
1438 978 1481 1012 et
1509 969 1623 1012 bona
1647 970 1735 1013 dis-

347 1043 499 1087 cernit.
522 1040 714 1084 Ostende
743 1039 846 1082 mihi
870 1037 1018 1082 oculos
1035 1073 1045 1092 ,
1073 1054 1195 1081 aures
1212 1073 1223 1092 ‚
1249 1054 1372 1082 nares
1394 1039 1533 1082 cordis
1556 1039 1635 1082 tui.
1659 1039 1734 1081 Di-

347 1129 465 1158 versa
494 1121 592 1154 suut
626 1126 725 1169 quae
759 1110 813 1153 ad
842 1125 915 1153 eor
940 1118 1064 1152 tuum
1090 1109 1366 1162 referuntur,
1395 1119 1438 1152 et
1472 1109 1641 1152 diversa
1674 1109 1735 1152 ibi

347 1183 541 1228 membra
560 1181 857 1224 inveniuntur.
873 1183 922 1223 In.
941 1195 1069 1224 earne
1087 1189 1158 1222 tua
1179 1179 1280 1222 alibi
1304 1179 1440 1233 audis,
1464 1179 1565 1222 alibi
1587 1179 1704 1223 vides
1724 1199 1732 1224 :

350 1255 396 1297 in
419 1252 548 1296 corde
571 1261 648 1294 tuo
670 1250 730 1293 ibi
755 1250 875 1293 audis
895 1285 904 1304 ,
929 1249 1006 1292 ubi
1029 1249 1163 1292 vides.
1194 1250 1235 1292 Si
1258 1250 1341 1292 hoc
1374 1250 1514 1305 imago
1535 1284 1545 1302 ,
1571 1258 1735 1308 quanto

351 1323 572 1382 potentius
593 1320 665 1364 ille
681 1322 802 1379 eujus
825 1321 999 1376 imago?
1022 1323 1137 1376 Ergo
1161 1328 1204 1362 et
1226 1318 1345 1362 audit
1371 1319 1505 1362 Filius
1522 1354 1532 1373 ,
1556 1329 1599 1362 et
1619 1319 1737 1362 videt

353 1393 513 1446 Filius,
541 1401 582 1434 et
602 1392 691 1449 ipsa
708 1391 814 1433 visio
833 1400 875 1434 et
894 1389 1056 1432 auditio
1076 1389 1210 1432 Filius
1236 1409 1245 1433 ε
1265 1399 1307 1433 et
1325 1390 1409 1433 hoc
1427 1398 1490 1433 est
1511 1388 1571 1432 illi
1590 1388 1737 1432 audire

353 1462 474 1522 quod
497 1477 586 1505 esse
603 1496 613 1515 ,
639 1470 682 1504 et
703 1461 786 1504 hoe
813 1470 876 1504 est
900 1459 959 1502 illi
982 1459 1129 1503 videre
1151 1459 1271 1518 quod
1293 1475 1396 1503 esse.
1425 1460 1521 1502 Tibi
1545 1475 1633 1503 non
1654 1460 1737 1503 hoe

354 1542 417 1576 est
439 1532 586 1576 videre
608 1531 727 1590 quod
745 1545 834 1573 esse
857 1550 864 1574 :
890 1530 991 1589 quia
1010 1539 1053 1572 et
1075 1530 1107 1572 si
1127 1529 1278 1588 perdas
1301 1531 1457 1583 visum,
1484 1539 1604 1588 potes
1623 1545 1734 1586 esse3

356 1614 398 1648 et
420 1604 452 1645 si
474 1601 627 1662 perdas
650 1601 870 1655 auditum,
896 1610 1018 1659 ‘potes
1043 1615 1147 1643 esse.

414 1676 493 1716 XI.
537 1676 827 1716 Putamus-ne
850 1671 1145 1730 pulsavimus?
1177 1673 1383 1714 Erectum
1420 1680 1483 1715 est
1502 1670 1667 1730 aliquid
1693 1672 1739 1714 in

356 1743 483 1786 nobis
516 1757 603 1800 quo
630 1740 700 1784 vel
734 1741 922 1784 tenuiter
950 1741 1241 1799 suspicemur,
1273 1743 1387 1784 unde
1419 1741 1569 1784 lumen
1596 1741 1740 1785 veniat
1804 1760 1809 1796 3

356 1813 481 1857 nobis
499 1814 515 1852 ἱ)
539 1815 673 1865 Puto,
694 1811 868 1865 fratres,
885 1812 987 1870 quia
1009 1826 1106 1854 cum
1126 1811 1348 1870 loquimur
1363 1812 1459 1865 ista,
1479 1821 1521 1855 et
1543 1827 1643 1855 eum
1657 1826 1740 1855 me·
1804 1812 1806 1830 ÷

358 1883 546 1926 ditamur
562 1917 572 1935 ‚
594 1896 841 1924 exercemus
864 1896 956 1924 nos.
984 1883 1040 1923 Et
1061 1895 1160 1922 cum
1184 1896 1432 1924 exercemus
1454 1896 1531 1924 nos
1549 1881 1593 1923 in
1615 1881 1737 1939 ipsis,

361 1961 402 1995 et
432 1967 579 1995 rursus
608 1952 729 2010 quasi
762 1950 1022 1994 reflectimur
1055 1949 1248 2008 pondere
1277 1959 1424 1993 nostro
1446 1949 1501 1993 ad
1521 1950 1601 1993 ista
1634 1965 1741 1994 con—

359 2031 497 2075 sueta,
523 2021 627 2065 tales
650 2035 798 2064 sumus
816 2019 963 2079 quales
986 2019 1228 2078 lippientes,
1248 2033 1348 2062 cum
1366 2019 1670 2078 producuntur
1685 2019 1742 2063 ad

361 2092 599 2136 videndum
623 2092 772 2135 lumen
789 2126 799 2145 ‚
833 2091 866 2134 si
899 2090 1011 2134 forte
1033 2099 1158 2133 antea
1181 2090 1319 2132 visum
1345 2091 1523 2134 omnino
1546 2106 1634 2134 non
1660 2091 1741 2135 ha-

362 2162 524 2205 bebant
546 2196 556 2216 ,
575 2171 618 2204 et
639 2161 852 2219 incipiunt
874 2159 1076 2203 eumdem
1099 2160 1238 2203 visum
1258 2174 1334 2218 per
1356 2156 1624 2218 diligentiam
1647 2174 1741 2203 me-

360 2232 555 2276 dicorum
576 2241 815 2290 utcumque
837 2245 1049 2288 reparare.
1076 2233 1131 2272 Et
1159 2245 1259 2273 eum
1280 2230 1461 2287 probare
1484 2229 1579 2273 vult
1600 2229 1741 2273 medi-

360 2318 434 2346 cus
468 2311 682 2361 quantum
720 2302 868 2345 salutis
896 2301 954 2343 eis
977 2301 1225 2354 accesserit,
1252 2309 1390 2345 tentat
1425 2300 1483 2343 eis
1517 2299 1741 2344 ostendere

357 2372 476 2432 quod
499 2373 644 2415 videre
669 2371 973 2415 desiderabant
989 2407 998 2424 ‚
1031 2381 1073 2415 et
1093 2387 1179 2414 non
1202 2379 1402 2430 poterant
1419 2386 1518 2414 eum
1537 2371 1639 2415 eaeci
1672 2387 1741 2415 es-

360 2451 454 2486 sent
479 2461 487 2486 :
508 2451 551 2485 et
573 2441 782 2485 redeunte
806 2443 896 2500 jam
918 2451 1156 2501 utcumque
1179 2441 1268 2486 acie
1290 2440 1515 2485 oculorum
1534 2475 1545 2495 ,
1570 2441 1739 2499 produ-

415 2533 420 2547 ¹
445 2525 558 2566 pres.
578 2537 627 2566 111,
652 2525 700 2556 16.
