1809 3173
371 205 452 243 298
802 217 835 244 a.
872 214 1103 245 Avensa-mr
1136 217 1320 246 Emscom

370 295 466 325 care
481 314 492 335 ‚
527 279 562 323 si
590 294 678 324 non
707 280 770 325 vis
792 295 945 325 errare.
970 281 1109 326 Semel
1126 283 1272 342 accipe
1288 316 1298 335 ‚
1325 289 1367 325 et
1389 280 1583 340 intellige
1606 300 1615 327 :
1634 283 1750 327 Non-

369 350 474 393 dum
503 350 712 395 traheris?
732 367 804 395 ora
827 360 876 395 ut
895 352 1087 395 traharis.
1110 353 1220 404 Quid
1241 353 1311 396 hic
1333 352 1516 395 dicimus
1533 387 1543 406 ‚
1569 351 1749 398 fratres?

371 422 413 465 Si
449 421 658 464 trahimur
687 420 739 464 ad
772 422 991 466 Christum
1013 457 1023 476 ‚
1071 437 1170 479 ergo
1214 422 1337 467 inviti
1370 423 1612 480 credimus3
1651 438 1750 482 ergo

368 490 574 535 violentia
619 491 851 535 adhibetur
875 527 884 546 ‚
936 507 1024 534 non
1065 491 1265 535 voluntas
1309 494 1531 536 excitatur.
1585 496 1750 538 Intrare

369 561 596 621 quisquam
620 561 851 605 Ecclesiam
875 570 1014 619 potest
1036 561 1201 615 nolens,
1228 562 1432 605 accedere
1451 563 1504 606 ad
1521 562 1653 607 altare
1674 579 1754 623 po-

370 643 452 677 test
468 632 617 677 nolens
636 668 647 687 ,
674 633 867 691 accipere
886 642 1200 676 sacramentum
1221 641 1363 692 potest
1381 632 1532 677 nolens
1551 653 1559 677 ι
1581 633 1754 678 credere

369 720 457 748 non
484 713 624 763 potest
657 703 736 746 nisi
768 702 932 746 volens.
974 703 1015 747 Si
1050 719 1230 762 corpore
1261 704 1534 757 crederetur,
1562 704 1683 748 fieret
1709 705 1754 748 in

369 774 619 819 nolentibus
646 794 654 818 ;
679 773 754 817 sed
779 790 866 818 non
889 789 1068 832 corpore
1091 775 1296 818 creditur.
1336 772 1594 833 Apostolum
1623 774 1751 819 audi:

374 864 393 887 «
422 845 557 889 Corde
585 845 776 889 creditur
803 844 856 887 ad
879 845 1090 904 justitiam
1113 847 1143 887 ¹.
1174 863 1193 886 »
1220 848 1276 889 Et
1299 845 1404 904 quid
1429 846 1650 904 sequitur?
1671 847 1755 889 Ore

371 924 515 959 autem
547 913 756 958 confessio
787 916 835 958 fit
871 914 923 958 ad
957 914 1153 958 salutem.
1189 918 1249 959 De
1277 915 1419 958 radice
1452 914 1592 958 cordis
1619 915 1756 973 surgit

369 987 446 1030 ista
470 985 696 1030 confessio.
722 984 969 1045 Aliquando
992 985 1115 1029 audis
1130 986 1409 1030 confitentem
1424 1020 1435 1039 ‚
1456 994 1499 1029 et
1517 986 1651 1029 nescis
1669 1001 1755 1029 cre-

370 1057 560 1101 dentem.
590 1055 672 1100 Sed
694 1071 773 1099 nec
801 1055 930 1099 debes
953 1071 1106 1100 vocare
1140 1057 1421 1100 confitentem
1438 1091 1448 1110 ,
1474 1071 1603 1115 quem
1633 1056 1755 1116 judi-

371 1142 440 1171 cas
464 1143 552 1170 non
582 1126 846 1170 credentem.
884 1128 976 1170 Hoc
998 1134 1060 1169 est
1083 1126 1196 1169 enim
1220 1127 1415 1170 confiteri
1430 1161 1440 1180 ‚
1477 1125 1619 1169 dicere
1639 1125 1756 1186 quod

374 1198 509 1242 habes
531 1199 574 1241 in
597 1197 727 1241 corde
753 1217 761 1241 :
788 1197 820 1240 si
846 1207 989 1241 autem
1009 1196 1128 1241 aliud
1154 1198 1197 1240 in
1220 1198 1349 1241 corde
1369 1197 1522 1251 habes,
1550 1197 1667 1240 aliud
1687 1196 1757 1240 di-

372 1270 431 1313 cis
448 1290 458 1325 3
484 1268 672 1328 loqueris
688 1304 698 1322 ,
725 1284 814 1312 non
834 1268 1066 1312 confiteris.
1087 1270 1197 1312 Cum
1217 1284 1319 1326 ergo
1337 1269 1381 1311 in
1398 1269 1616 1311 Christum
1628 1267 1758 1312 corde

372 1339 598 1393 credatur,
637 1338 755 1398 quod
792 1354 919 1382 nemo
948 1338 1101 1397 utique
1134 1337 1236 1382 facit
1268 1340 1454 1391 invitus,
1498 1338 1573 1398 qui
1611 1348 1755 1382 autem

374 1411 559 1454 trahitur
577 1445 587 1463 ‚
620 1418 828 1469 tanquam
853 1410 1012 1453 invitus
1047 1409 1142 1467 cogi
1171 1409 1366 1466 videtur3
1390 1409 1612 1469 quomodo
1636 1409 1757 1452 istam

356 1480 577 1524 'solvimus
596 1481 897 1539 quaestionem,
926 1498 941 1518 «
964 1482 1100 1523 Nemo
1117 1480 1236 1524 venit
1254 1479 1307 1522 ad
1330 1494 1415 1534 me,
1438 1479 1518 1522 nisi
1540 1482 1664 1523 Pater
1685 1481 1760 1539 qui

379 1572 396 1593 »
423 1550 536 1594 misit
559 1566 626 1595 me
643 1585 653 1604 ‚
679 1549 856 1593 traxerit
878 1550 1009 1592 eum?
1041 1569 1057 1590 »

455 1624 535 1664 ΙΙΙ.
575 1622 616 1665 Si
643 1621 827 1663 trahitur
844 1655 855 1674 ,
881 1620 938 1663 ait
964 1617 1145 1678 aliquis,
1182 1619 1343 1663 invitus
1374 1618 1507 1663 venit.
1536 1618 1579 1663 Si
1600 1618 1761 1662 invitus

375 1691 514 1745 Venit,
548 1706 627 1735 nec
657 1691 820 1747 credit3
844 1690 878 1733 si
900 1705 988 1733 non
1006 1688 1144 1733 credit
1159 1724 1170 1744 ‚
1203 1704 1281 1733 nec
1300 1689 1432 1733 venit.
1456 1691 1552 1733 Non
1573 1689 1686 1732 enim
1705 1690 1760 1732 ad

375 1762 595 1807 Christum
620 1761 887 1805 ambulando
904 1760 1115 1804 currimus
1135 1794 1145 1814 ‚
1172 1759 1246 1803 sed
1269 1759 1486 1803 credendo
1508 1777 1516 1803 ε
1538 1774 1617 1802 nee
1634 1768 1758 1802 motu

376 1833 564 1892 corporis
580 1868 590 1886 ,
618 1833 692 1875 sed
711 1831 934 1875 voluntate
948 1830 1088 1875 cordis
1104 1830 1363 1874 accedimus.
1392 1829 1495 1873 Ideo
1512 1828 1584 1873 illa
1604 1828 1759 1872 mulier

376 1921 474 1964 quae
492 1904 705 1946 fimbriam
722 1903 884 1961 tetigit,
911 1901 1044 1960 magis
1068 1901 1208 1958 tetigit
1230 1917 1360 1960 quam
1380 1901 1508 1943 turba
1526 1916 1622 1959 quae
1644 1915 1758 1958 pres-

377 1977 444 2020 sit.
473 1974 576 2018 Idco
606 1974 811 2018 Dominus
846 1972 983 2016 dixit:
1015 1991 1033 2012 «
1058 1971 1162 2023 Quis
1184 1988 1252 2015 me
1274 1972 1447 2029 tetigit?
1481 1973 1536 2014 Et
1557 1971 1758 2015 mirantes

380 2065 399 2087 »
435 2043 659 2104 discipuli,
696 2043 923 2095 dixerunt,
954 2042 1108 2085 Turbae
1141 2051 1182 2085 te
1206 2043 1525 2100 comprimunt,
1554 2049 1595 2083 et
1622 2040 1727 2085 dicis
1746 2076 1755 2091 ,

380 2135 399 2157 »
435 2117 536 2168 Quis
553 2131 622 2159 me
639 2115 808 2173 tetigit?
828 2117 883 2158 Et
899 2113 972 2157 ille
994 2113 1207 2172 repetivit,
1228 2131 1245 2153 «
1265 2113 1423 2170 Tetigit
1438 2127 1505 2155 me
1523 2111 1677 2172 aliquis
1692 2116 1722 2155 ²,
1736 2130 1754 2154 η

379 2187 456 2231 Illa
482 2187 644 2244 tangit,
679 2186 806 2229 turba
834 2186 1004 2244 premit.
1031 2183 1145 2237 Quid
1168 2193 1230 2227 est
1248 2184 1416 2241 tetigit,
1442 2183 1521 2225 nisi
1543 2181 1758 2228 credidit?

380 2256 504 2302 Unde
526 2266 569 2300 et
596 2255 765 2299 mulieri
792 2254 852 2298 illi
883 2264 977 2314 post
1010 2254 1366 2298 resurrectionem
1392 2253 1499 2297 dixit
1531 2253 1693 2297 volenti
1715 2268 1758 2297 se

379 2329 548 2372 mittere
566 2327 618 2370 ad
640 2327 769 2385 pedes
787 2328 876 2385 ejus
901 2345 909 2370 :
940 2345 958 2367 «
985 2325 1081 2370 Noli
1098 2341 1168 2368 me
1194 2334 1390 2384 tangere,
1424 2324 1619 2368 nondum
1643 2324 1758 2367 enim
1808 2369 1809 2373 ,

383 2418 402 2439 »
439 2397 609 2442 ascendi
631 2397 685 2440 ad
709 2400 875 2439 Patrem
893 2397 923 2439 3.
953 2415 972 2436 n
1000 2394 1126 2448 Quod
1145 2394 1261 2439 vides
1276 2429 1286 2449 ‚
1317 2395 1400 2438 hoc
1417 2393 1554 2438 solum
1577 2408 1646 2437 me
1669 2409 1757 2438 csse

381 2478 527 2528 putem,
553 2466 642 2511 noli
661 2481 729 2509 me
753 2475 944 2523 tangere.
964 2464 1079 2517 Quid
1099 2466 1188 2508 est?
1210 2466 1301 2508 Hoc
1323 2464 1462 2508 solum
1484 2479 1552 2507 me
1571 2479 1658 2507 esse
1674 2479 1759 2523 pu-

432 2560 439 2575 ¹
463 2555 551 2584 Rom.
573 2562 606 2592 x,
630 2562 677 2582 10.
694 2568 734 2573 ——
755 2558 767 2573 ²
788 2553 865 2582 Luc.
884 2561 953 2591 vui,
973 2548 1030 2589 45,
1048 2553 1113 2581 etc.
1137 2565 1178 2571 —
1195 2546 1207 2571 3
1225 2550 1316 2580 Joan.
1338 2559 1392 2588 xx,
1415 2559 1464 2589 17.
