1809 3173
335 147 418 185 406
758 165 789 188 s.
827 164 1054 194 Aucus‘mm
1087 167 1266 196 EpiscoPl

335 222 496 266 eisdem
517 223 659 267 verbis
680 227 904 285 Evangelii
927 230 1240 290 disputavimus
1255 267 1265 287 ‚
1297 242 1339 277 ct
1368 249 1486 280 nunc
1505 236 1714 282 admone-

334 309 456 348 mus,
482 310 570 337 non
600 295 682 340 hoc
710 296 807 342 ideo
825 298 990 345 dictum
1007 336 1018 356 ‚
1043 303 1144 361 quia
1169 307 1293 348 Pater
1310 321 1398 349 non
1419 307 1498 350 erit
1516 323 1617 352 cum
1638 310 1713 353 Fi-

334 363 393 407 lio
410 364 636 423 judicante
653 387 664 424 3
684 367 759 412 sed
776 370 981 429 quoniam
1009 371 1134 416 bonis
1156 382 1199 417 et
1216 375 1337 420 malis
1355 376 1398 419 in
1412 376 1578 435 judicio
1600 381 1715 426 solus

335 434 470 479 Filius
493 437 719 495 apparebit
740 440 785 483 in
813 456 861 484 ea
884 442 1023 486 forma
1045 443 1089 486 in
1111 460 1197 503 qua
1219 461 1365 504 passus
1395 458 1481 503 est,
1508 459 1551 494 et
1574 466 1712 496 resur-

332 506 441 550 rexit
459 541 470 561 ,
491 515 534 550 et
550 508 743 553 ascendit
763 510 808 553 in
826 511 1001 555 coelum.
1026 513 1252 572 Discipulis
1272 518 1434 576 quippe
1456 527 1561 564 tunc
1584 536 1712 566 cons-

329 576 590 635 picientibus
615 579 921 625 ascendentem
939 617 950 636 ‚
976 597 1058 626 vox
1084 584 1279 642 angelica
1308 589 1479 643 sonuit,
1507 607 1522 627 «
1553 590 1621 635 Sic
1642 607 1711 636 ve-

333 666 352 688 »
388 648 478 692 niet
498 648 868 707 quemadmodum
887 652 1051 697 vidistis
1068 669 1167 698 eum
1187 665 1362 701 euntem
1385 658 1429 701 in
1447 659 1610 704 eoelum
1630 663 1642 688 1
1664 682 1672 707 :
1690 683 1708 704 »

327 716 373 761 id
393 727 456 761 est
472 753 482 772 ,
514 718 559 761 in
579 717 718 762 forma
742 720 928 765 hominis
949 722 995 766 in
1025 739 1109 783 qua
1126 725 1346 784 judicatus
1367 737 1430 773 est
1459 729 1676 788 judicabit
1696 767 1708 787 ‚

324 796 376 831 ut
411 788 540 831 etiam
576 787 687 832 illud
719 792 1023 850 propheticum
1059 795 1316 854 impleatur,
1356 817 1375 839 «
1407 799 1632 846 Videbunt
1665 802 1710 846 in

329 878 347 900 >›
383 873 515 917 quem
539 870 821 918 pupugerunt
833 866 865 905 ².
894 883 911 905 »
947 865 1060 908 Cum
1081 880 1184 910 vero
1206 867 1408 912 euntibus
1430 869 1555 928 justis
1573 871 1619 914 in
1640 872 1708 916 vi-

323 937 411 972 tam
435 937 642 972 aeternam
659 965 669 985 ‚
705 930 951 978 videbimus
988 949 1087 979 eum
1117 937 1242 980 sicuti
1264 947 1353 995 est3
1380 954 1468 983 non
1490 940 1570 984 erit
1597 940 1709 986 iliud

315 997 531 1059 judicium
548 999 745 1044 vivorum
770 1011 814 1046 et
834 1013 1108 1049 mortuorum
1125 1041 1136 1062 ,
1161 1006 1236 1051 sed
1260 1009 1488 1067 praemium
1509 1019 1707 1071 tantum-

322 1068 455 1113 modo
473 1069 686 1114 vivorum.

378 1142 505 1184 XIII.
524 1144 632 1185 Item
652 1158 706 1186 ne
728 1154 900 1189 moveat
916 1146 1036 1205 quod
1058 1147 1142 1192 ait:
1163 1167 1180 1188 «
1203 1151 1254 1192 In
1277 1152 1391 1208 Lege
1414 1160 1552 1196 vestra
1574 1153 1723 1215 scrip->

328 1231 347 1254 »
383 1220 477 1254 tum
506 1221 596 1266 est,
627 1216 729 1273 quia
755 1214 943 1260 duorum
973 1218 1198 1262 hominum
1229 1221 1527 1265 testimonium
1554 1238 1707 1269 verum

328 1300 346 1322 »
383 1290 468 1336 est,
493 1302 507 1322 ›>
536 1292 579 1326 et
596 1283 694 1328 ideo
717 1286 948 1346 quisquam
968 1288 1180 1333 existimet
1212 1306 1300 1334 non
1323 1290 1454 1335 fuisse
1482 1291 1599 1336 illam
1625 1297 1708 1337 Le-

283 1407 290 1412 ·
324 1366 421 1409 gem
446 1352 550 1402 Dei,
590 1354 692 1413 quia
724 1371 813 1399 non
847 1357 1012 1400 dictum
1047 1368 1136 1413 est,
1164 1362 1214 1403 In
1238 1363 1350 1419 Lege
1375 1362 1450 1405 Dei
1479 1381 1488 1407 :
1513 1363 1619 1408 sciat
1646 1364 1705 1409 ita

324 1421 489 1466 dictum
510 1438 599 1467 esse
614 1459 626 1479 ,
653 1444 669 1464 «
690 1428 740 1469 In
757 1429 870 1486 Lege
889 1438 1041 1484 vestra,
1064 1449 1081 1470 »
1107 1439 1315 1491 tanquam
1333 1432 1510 1488 diceret,
1531 1434 1576 1478 in
1592 1438 1706 1494 Lege

322 1509 422 1552 quae
444 1495 567 1538 vohis
590 1505 651 1540 est
684 1496 784 1542 data
806 1518 815 1544 :
842 1515 865 1544 a
892 1516 982 1561 quo
1014 1502 1093 1546 nisi
1128 1518 1151 1546 a
1180 1506 1300 1548 Deo?
1333 1504 1451 1549 Sicut
1487 1506 1670 1551 dicimus
1693 1527 1702 1552 z

325 1583 344 1605 «
380 1567 542 1609 Panem
558 1576 755 1612 nostrum
773 1570 1078 1629 quotidianum
1097 1591 1106 1619 ε
1128 1583 1200 1618 »et
1217 1583 1362 1619 tamen
1376 1576 1560 1621 dicimus
1582 1596 1590 1622 z
1611 1581 1705 1623 «Da

327 1655 346 1678 »
382 1636 507 1681 nobis
530 1637 707 1683 h¹0die3.
737 1660 756 1682 »

370 1751 380 1768 ¹
396 1747 468 1779 Act.
485 1757 508 1789 1,
527 1758 576 1780 11.
598 1764 639 1771 —
658 1755 670 1771 ²
688 1750 783 1783 Zach.
806 1762 861 1792 xn,
884 1763 935 1794 ιο,
955 1755 1093 1787 etJoan.
1117 1765 1182 1796 xlx,
1203 1755 1255 1798 37.
1273 1773 1314 1779 -
1335 1755 1484 1789 3Matth.
1510 1769 1559 1800 vx,
1581 1769 1631 1790 11.
