<?xml version="1.0" encoding="UTF-8"?>
<!DOCTYPE html PUBLIC "-//W3C//DTD XHTML 1.0 Transitional//EN"
    "http://www.w3.org/TR/xhtml1/DTD/xhtml1-transitional.dtd">
<html xmlns="http://www.w3.org/1999/xhtml" xml:lang="en" lang="en">
 <head>
  <title>
</title>
<meta http-equiv="Content-Type" content="text/html;charset=utf-8" />
  <meta name='ocr-system' content='tesseract 3.04.00' />
  <meta name='ocr-capabilities' content='ocr_page ocr_carea ocr_par ocr_line ocrx_word'/>
</head>
<body>
  <div class='ocr_page' id='page_1' title='image "./operaomniaaccura15auguuoft_0129.png"; bbox 0 0 1825 3214; ppageno 0'>
   <div class='ocr_carea' id='block_1_1' title="bbox 66 242 1447 522">
    <p class='ocr_par' dir='ltr' id='par_1_1' title="bbox 66 242 1447 522">
     <span class='ocr_line' id='line_1_1' title="bbox 306 242 1442 290; baseline -0.004 -8"><span class='ocrx_word' id='word_1_1' title='bbox 306 258 346 282; x_wconf 62' lang='lat' dir='ltr'>ix</span> <span class='ocrx_word' id='word_1_2' title='bbox 381 255 553 282; x_wconf 65' lang='lat' dir='ltr'>ioannis</span> <span class='ocrx_word' id='word_1_3' title='bbox 585 253 897 290; x_wconf 76' lang='lat' dir='ltr'>EVANGELUJM,</span> <span class='ocrx_word' id='word_1_4' title='bbox 931 252 1078 280; x_wconf 75' lang='grc' dir='ltr'><strong>ΤῐιΑετ.</strong></span> <span class='ocrx_word' id='word_1_5' title='bbox 1117 254 1205 279; x_wconf 79' lang='lat' dir='ltr'>xiv.</span> <span class='ocrx_word' id='word_1_6' title='bbox 1363 242 1442 279; x_wconf 82' lang='lat'>117</span> 
     </span>
     <span class='ocr_line' id='line_1_2' title="bbox 67 319 1441 378; baseline -0.001 -14"><span class='ocrx_word' id='word_1_7' title='bbox 67 343 86 365; x_wconf 97' lang='lat'>»</span> <span class='ocrx_word' id='word_1_8' title='bbox 123 326 236 367; x_wconf 84' lang='lat' dir='ltr'>Deus</span> <span class='ocrx_word' id='word_1_9' title='bbox 262 323 376 366; x_wconf 87' lang='lat' dir='ltr'>enim</span> <span class='ocrx_word' id='word_1_10' title='bbox 403 321 482 365; x_wconf 90' lang='lat' dir='ltr'>illis</span> <span class='ocrx_word' id='word_1_11' title='bbox 511 320 820 364; x_wconf 65' lang='lat' dir='ltr'>manifestavit.</span> <span class='ocrx_word' id='word_1_12' title='bbox 854 323 913 362; x_wconf 84' lang='lat' dir='ltr'>De</span> <span class='ocrx_word' id='word_1_13' title='bbox 946 319 1209 378; x_wconf 82' lang='lat' dir='ltr'>quibusdam</span> <span class='ocrx_word' id='word_1_14' title='bbox 1242 319 1441 375; x_wconf 85' lang='lat' dir='ltr'>ingratis,</span> 
     </span>
     <span class='ocr_line' id='line_1_3' title="bbox 66 388 1443 452; baseline -0.001 -18"><span class='ocrx_word' id='word_1_15' title='bbox 66 413 85 435; x_wconf 95' lang='lat'>»</span> <span class='ocrx_word' id='word_1_16' title='bbox 122 394 282 452; x_wconf 81' lang='lat' dir='ltr'>impiis,</span> <span class='ocrx_word' id='word_1_17' title='bbox 308 393 453 436; x_wconf 87' lang='lat' dir='ltr'>audite</span> <span class='ocrx_word' id='word_1_18' title='bbox 477 391 584 451; x_wconf 85' lang='lat' dir='ltr'>quid</span> <span class='ocrx_word' id='word_1_19' title='bbox 610 390 739 434; x_wconf 86' lang='lat' dir='ltr'>dicat.</span> <span class='ocrx_word' id='word_1_20' title='bbox 766 393 876 433; x_wconf 84' lang='lat' dir='ltr'>Deus</span> <span class='ocrx_word' id='word_1_21' title='bbox 900 389 1013 432; x_wconf 90' lang='lat' dir='ltr'>enirn</span> <span class='ocrx_word' id='word_1_22' title='bbox 1036 388 1117 431; x_wconf 88' lang='lat' dir='ltr'>illis</span> <span class='ocrx_word' id='word_1_23' title='bbox 1140 388 1443 434; x_wconf 70' lang='lat' dir='ltr'>manifestavit.</span> 
     </span>
     <span class='ocr_line' id='line_1_4' title="bbox 66 459 1447 522; baseline 0 -17"><span class='ocrx_word' id='word_1_24' title='bbox 66 483 85 506; x_wconf 95' lang='lat'>»</span> <span class='ocrx_word' id='word_1_25' title='bbox 123 463 358 508; x_wconf 77' lang='lat' dir='ltr'>Invisibilia</span> <span class='ocrx_word' id='word_1_26' title='bbox 378 463 490 506; x_wconf 83' lang='lat' dir='ltr'>enini</span> <span class='ocrx_word' id='word_1_27' title='bbox 511 465 600 522; x_wconf 80' lang='lat' dir='ltr'>ejus</span> <span class='ocrx_word' id='word_1_28' title='bbox 623 479 644 506; x_wconf 88' lang='lat' dir='ltr'>a</span> <span class='ocrx_word' id='word_1_29' title='bbox 661 471 855 506; x_wconf 84' lang='lat' dir='ltr'>creatura</span> <span class='ocrx_word' id='word_1_30' title='bbox 873 461 1024 504; x_wconf 88' lang='lat' dir='ltr'>mundi</span> <span class='ocrx_word' id='word_1_31' title='bbox 1045 474 1120 519; x_wconf 87' lang='lat' dir='ltr'>per</span> <span class='ocrx_word' id='word_1_32' title='bbox 1144 475 1191 503; x_wconf 88' lang='lat' dir='ltr'>ca</span> <span class='ocrx_word' id='word_1_33' title='bbox 1218 475 1316 518; x_wconf 80' lang='lat' dir='ltr'>quae</span> <span class='ocrx_word' id='word_1_34' title='bbox 1339 459 1447 505; x_wconf 83' lang='lat' dir='ltr'>faeta</span> 
     </span>
    </p>
   </div>
   <div class='ocr_carea' id='block_1_2' title="bbox 0 531 1448 665">
    <p class='ocr_par' dir='ltr' id='par_1_2' title="bbox 0 531 1448 665">
     <span class='ocr_line' id='line_1_5' title="bbox 0 531 1447 592; baseline -0.003 -13"><span class='ocrx_word' id='word_1_35' title='bbox 0 566 1 579; x_wconf 59' lang='lat'>2</span> <span class='ocrx_word' id='word_1_36' title='bbox 64 555 85 578; x_wconf 92' lang='lat'>»</span> <span class='ocrx_word' id='word_1_37' title='bbox 121 544 222 579; x_wconf 91' lang='lat' dir='ltr'>sunt</span> <span class='ocrx_word' id='word_1_38' title='bbox 240 534 457 578; x_wconf 80' lang='lat' dir='ltr'>intellecta</span> <span class='ocrx_word' id='word_1_39' title='bbox 475 534 804 592; x_wconf 77' lang='lat' dir='ltr'>conspiciuntur</span> <span class='ocrx_word' id='word_1_40' title='bbox 819 567 829 587; x_wconf 87' lang='lat'><strong>‚</strong></span> <span class='ocrx_word' id='word_1_41' title='bbox 846 533 1105 590; x_wconf 87' lang='lat' dir='ltr'>sempiterna</span> <span class='ocrx_word' id='word_1_42' title='bbox 1119 546 1296 590; x_wconf 86' lang='lat' dir='ltr'>quoque</span> <span class='ocrx_word' id='word_1_43' title='bbox 1312 531 1447 575; x_wconf 85' lang='lat' dir='ltr'>virtus</span> 
     </span>
     <span class='ocr_line' id='line_1_6' title="bbox 0 601 1448 665; baseline -0.002 -18"><span class='ocrx_word' id='word_1_44' title='bbox 0 626 2 653; x_wconf 65' lang='grc' dir='ltr'><strong><em>ς</em></strong></span> <span class='ocrx_word' id='word_1_45' title='bbox 65 625 85 647; x_wconf 95' lang='lat'>»</span> <span class='ocrx_word' id='word_1_46' title='bbox 120 608 210 665; x_wconf 84' lang='lat' dir='ltr'>ejus</span> <span class='ocrx_word' id='word_1_47' title='bbox 233 621 281 649; x_wconf 88' lang='lat' dir='ltr'>ae</span> <span class='ocrx_word' id='word_1_48' title='bbox 307 606 506 649; x_wconf 80' lang='lat' dir='ltr'>divinitas</span> <span class='ocrx_word' id='word_1_49' title='bbox 524 640 534 659; x_wconf 88' lang='lat'>,</span> <span class='ocrx_word' id='word_1_50' title='bbox 567 613 615 648; x_wconf 90' lang='lat' dir='ltr'>ut</span> <span class='ocrx_word' id='word_1_51' title='bbox 636 604 720 648; x_wconf 91' lang='lat' dir='ltr'>sint</span> <span class='ocrx_word' id='word_1_52' title='bbox 744 603 822 662; x_wconf 90' lang='lat' dir='ltr'>ipsi</span> <span class='ocrx_word' id='word_1_53' title='bbox 845 601 1175 646; x_wconf 75' lang='lat' dir='ltr'>inexcusabiles.</span> <span class='ocrx_word' id='word_1_54' title='bbox 1207 604 1351 653; x_wconf 86' lang='lat' dir='ltr'>Quare</span> <span class='ocrx_word' id='word_1_55' title='bbox 1378 602 1448 645; x_wconf 88' lang='lat' dir='ltr'>in-</span> 
     </span>
    </p>
   </div>
   <div class='ocr_carea' id='block_1_3' title="bbox 57 670 1451 2574">
    <p class='ocr_par' dir='ltr' id='par_1_3' title="bbox 57 670 1451 1581">
     <span class='ocr_line' id='line_1_7' title="bbox 65 670 1449 733; baseline -0.001 -17"><span class='ocrx_word' id='word_1_56' title='bbox 65 695 84 717; x_wconf 88' lang='lat'>»</span> <span class='ocrx_word' id='word_1_57' title='bbox 119 675 382 720; x_wconf 78' lang='lat' dir='ltr'>excusabiles</span> <span class='ocrx_word' id='word_1_58' title='bbox 398 678 415 718; x_wconf 70' lang='lat'>?</span> <span class='ocrx_word' id='word_1_59' title='bbox 430 675 540 727; x_wconf 86' lang='lat' dir='ltr'>Quia</span> <span class='ocrx_word' id='word_1_60' title='bbox 554 682 863 733; x_wconf 77' lang='lat' dir='ltr'>cognoscentes</span> <span class='ocrx_word' id='word_1_61' title='bbox 883 676 1018 716; x_wconf 90' lang='lat' dir='ltr'>Deum</span> <span class='ocrx_word' id='word_1_62' title='bbox 1037 707 1047 726; x_wconf 86' lang='lat'>,</span> <span class='ocrx_word' id='word_1_63' title='bbox 1069 674 1185 729; x_wconf 88' lang='lat' dir='ltr'>(non</span> <span class='ocrx_word' id='word_1_64' title='bbox 1198 670 1332 725; x_wconf 84' lang='lat' dir='ltr'>dixit,</span> <span class='ocrx_word' id='word_1_65' title='bbox 1349 672 1449 731; x_wconf 85' lang='lat' dir='ltr'>quia</span> 
     </span>
     <span class='ocr_line' id='line_1_8' title="bbox 65 742 1451 805; baseline -0.001 -18"><span class='ocrx_word' id='word_1_66' title='bbox 65 765 84 787; x_wconf 97' lang='lat'>»</span> <span class='ocrx_word' id='word_1_67' title='bbox 121 762 208 790; x_wconf 87' lang='lat' dir='ltr'>non</span> <span class='ocrx_word' id='word_1_68' title='bbox 248 755 547 805; x_wconf 77' lang='lat' dir='ltr'>cognoverunt</span> <span class='ocrx_word' id='word_1_69' title='bbox 568 781 578 799; x_wconf 89' lang='lat'>,</span> <span class='ocrx_word' id='word_1_70' title='bbox 603 748 621 802; x_wconf 91' lang='lat'>)</span> <span class='ocrx_word' id='word_1_71' title='bbox 657 752 964 802; x_wconf 85' lang='lat' dir='ltr'>cognoscentes</span> <span class='ocrx_word' id='word_1_72' title='bbox 1001 746 1137 787; x_wconf 87' lang='lat' dir='ltr'>Deum</span> <span class='ocrx_word' id='word_1_73' title='bbox 1162 777 1172 797; x_wconf 93' lang='lat'>,</span> <span class='ocrx_word' id='word_1_74' title='bbox 1208 757 1300 786; x_wconf 92' lang='lat' dir='ltr'>non</span> <span class='ocrx_word' id='word_1_75' title='bbox 1341 742 1451 786; x_wconf 89' lang='lat' dir='ltr'>sicut</span> 
     </span>
     <span class='ocr_line' id='line_1_9' title="bbox 65 813 1449 874; baseline 0.001 -18"><span class='ocrx_word' id='word_1_76' title='bbox 65 834 84 857; x_wconf 94' lang='lat'>»</span> <span class='ocrx_word' id='word_1_77' title='bbox 124 820 287 870; x_wconf 82' lang='lat' dir='ltr'>Deum,</span> <span class='ocrx_word' id='word_1_78' title='bbox 320 817 669 874; x_wconf 74' lang='lat' dir='ltr'>glorificaverunt</span> <span class='ocrx_word' id='word_1_79' title='bbox 702 823 776 859; x_wconf 89' lang='lat' dir='ltr'>aut</span> <span class='ocrx_word' id='word_1_80' title='bbox 805 815 960 873; x_wconf 85' lang='lat' dir='ltr'>gratias</span> <span class='ocrx_word' id='word_1_81' title='bbox 995 822 1200 872; x_wconf 86' lang='lat' dir='ltr'>egerunt,</span> <span class='ocrx_word' id='word_1_82' title='bbox 1231 813 1308 858; x_wconf 87' lang='lat' dir='ltr'>sed</span> <span class='ocrx_word' id='word_1_83' title='bbox 1349 828 1449 858; x_wconf 85' lang='lat' dir='ltr'>eva-</span> 
     </span>
     <span class='ocr_line' id='line_1_10' title="bbox 66 884 1447 943; baseline 0.002 -16"><span class='ocrx_word' id='word_1_84' title='bbox 66 906 84 928; x_wconf 94' lang='lat'>»</span> <span class='ocrx_word' id='word_1_85' title='bbox 121 897 311 931; x_wconf 74' lang='lat' dir='ltr'>nuci-unt</span> <span class='ocrx_word' id='word_1_86' title='bbox 346 888 389 930; x_wconf 90' lang='lat' dir='ltr'>in</span> <span class='ocrx_word' id='word_1_87' title='bbox 418 886 753 943; x_wconf 83' lang='lat' dir='ltr'>cogitationibus</span> <span class='ocrx_word' id='word_1_88' title='bbox 774 885 861 930; x_wconf 89' lang='lat' dir='ltr'>suis</span> <span class='ocrx_word' id='word_1_89' title='bbox 877 920 887 940; x_wconf 92' lang='lat'>‚</span> <span class='ocrx_word' id='word_1_90' title='bbox 919 894 962 929; x_wconf 89' lang='lat' dir='ltr'>et</span> <span class='ocrx_word' id='word_1_91' title='bbox 986 884 1267 930; x_wconf 87' lang='lat' dir='ltr'>obscuratum</span> <span class='ocrx_word' id='word_1_92' title='bbox 1289 894 1354 929; x_wconf 89' lang='lat' dir='ltr'>est</span> <span class='ocrx_word' id='word_1_93' title='bbox 1379 886 1447 930; x_wconf 92' lang='lat' dir='ltr'>in-</span> 
     </span>
     <span class='ocr_line' id='line_1_11' title="bbox 64 957 1445 1018; baseline 0.001 -19"><span class='ocrx_word' id='word_1_94' title='bbox 64 977 84 999; x_wconf 89' lang='lat'>»</span> <span class='ocrx_word' id='word_1_95' title='bbox 119 959 277 1018; x_wconf 89' lang='lat' dir='ltr'>sipiens</span> <span class='ocrx_word' id='word_1_96' title='bbox 314 974 388 1002; x_wconf 85' lang='lat' dir='ltr'>eor</span> <span class='ocrx_word' id='word_1_97' title='bbox 422 973 573 1002; x_wconf 84' lang='lat' dir='ltr'>eorum</span> <span class='ocrx_word' id='word_1_98' title='bbox 604 978 612 1002; x_wconf 76' lang='lat'>2</span> <span class='ocrx_word' id='word_1_99' title='bbox 649 958 840 1002; x_wconf 89' lang='lat' dir='ltr'>dieentes</span> <span class='ocrx_word' id='word_1_100' title='bbox 877 957 993 1000; x_wconf 90' lang='lat' dir='ltr'>enim</span> <span class='ocrx_word' id='word_1_101' title='bbox 1020 971 1064 1000; x_wconf 93' lang='lat' dir='ltr'>se</span> <span class='ocrx_word' id='word_1_102' title='bbox 1093 971 1182 1000; x_wconf 89' lang='lat' dir='ltr'>esse</span> <span class='ocrx_word' id='word_1_103' title='bbox 1205 957 1445 1016; x_wconf 85' lang='lat' dir='ltr'>sapientes,</span> 
     </span>
     <span class='ocr_line' id='line_1_12' title="bbox 67 1027 1449 1085; baseline -0.001 -12"><span class='ocrx_word' id='word_1_104' title='bbox 67 1049 84 1069; x_wconf 81' lang='lat'>»</span> <span class='ocrx_word' id='word_1_105' title='bbox 119 1029 240 1073; x_wconf 86' lang='lat' dir='ltr'>stulti</span> <span class='ocrx_word' id='word_1_106' title='bbox 268 1029 368 1073; x_wconf 84' lang='lat' dir='ltr'>facti</span> <span class='ocrx_word' id='word_1_107' title='bbox 391 1031 534 1072; x_wconf 89' lang='lat' dir='ltr'>sunt¹.</span> <span class='ocrx_word' id='word_1_108' title='bbox 566 1047 584 1069; x_wconf 68' lang='grc' dir='ltr'><strong>η</strong></span> <span class='ocrx_word' id='word_1_109' title='bbox 614 1027 657 1072; x_wconf 85' lang='lat' dir='ltr'>Si</span> <span class='ocrx_word' id='word_1_110' title='bbox 680 1028 797 1072; x_wconf 90' lang='lat' dir='ltr'>enim</span> <span class='ocrx_word' id='word_1_111' title='bbox 819 1030 959 1071; x_wconf 79' lang='lat' dir='ltr'>Deum</span> <span class='ocrx_word' id='word_1_112' title='bbox 974 1036 1292 1085; x_wconf 85' lang='lat' dir='ltr'>cognoverant,</span> <span class='ocrx_word' id='word_1_113' title='bbox 1320 1028 1449 1072; x_wconf 93' lang='lat' dir='ltr'>simul</span> 
     </span>
     <span class='ocr_line' id='line_1_13' title="bbox 61 1098 1444 1159; baseline -0.001 -15"><span class='ocrx_word' id='word_1_114' title='bbox 61 1109 354 1158; x_wconf 82' lang='lat' dir='ltr'>cognoverant</span> <span class='ocrx_word' id='word_1_115' title='bbox 384 1100 493 1159; x_wconf 79' lang='lat' dir='ltr'>&#39;quia</span> <span class='ocrx_word' id='word_1_116' title='bbox 527 1113 616 1142; x_wconf 90' lang='lat' dir='ltr'>non</span> <span class='ocrx_word' id='word_1_117' title='bbox 652 1113 723 1143; x_wconf 90' lang='lat' dir='ltr'>eos</span> <span class='ocrx_word' id='word_1_118' title='bbox 757 1098 920 1142; x_wconf 84' lang='lat' dir='ltr'>fecerat</span> <span class='ocrx_word' id='word_1_119' title='bbox 944 1099 1158 1157; x_wconf 88' lang='lat' dir='ltr'>sapientes</span> <span class='ocrx_word' id='word_1_120' title='bbox 1195 1098 1275 1142; x_wconf 85' lang='lat' dir='ltr'>nisi</span> <span class='ocrx_word' id='word_1_121' title='bbox 1314 1102 1444 1143; x_wconf 89' lang='lat' dir='ltr'>Deus.</span> 
     </span>
     <span class='ocr_line' id='line_1_14' title="bbox 66 1167 1450 1228; baseline -0.001 -14"><span class='ocrx_word' id='word_1_122' title='bbox 66 1172 161 1215; x_wconf 91' lang='lat' dir='ltr'>Non</span> <span class='ocrx_word' id='word_1_123' title='bbox 195 1184 295 1228; x_wconf 86' lang='lat' dir='ltr'>ergo</span> <span class='ocrx_word' id='word_1_124' title='bbox 314 1169 393 1213; x_wconf 91' lang='lat' dir='ltr'>sibi</span> <span class='ocrx_word' id='word_1_125' title='bbox 425 1169 665 1213; x_wconf 88' lang='lat' dir='ltr'>tribuerent</span> <span class='ocrx_word' id='word_1_126' title='bbox 698 1167 820 1228; x_wconf 84' lang='lat' dir='ltr'>quod</span> <span class='ocrx_word' id='word_1_127' title='bbox 851 1183 874 1211; x_wconf 87' lang='lat' dir='ltr'>a</span> <span class='ocrx_word' id='word_1_128' title='bbox 903 1183 947 1212; x_wconf 90' lang='lat' dir='ltr'>se</span> <span class='ocrx_word' id='word_1_129' title='bbox 983 1183 1074 1212; x_wconf 92' lang='lat' dir='ltr'>non</span> <span class='ocrx_word' id='word_1_130' title='bbox 1096 1167 1346 1221; x_wconf 87' lang='lat' dir='ltr'>habebant,</span> <span class='ocrx_word' id='word_1_131' title='bbox 1375 1170 1450 1214; x_wconf 89' lang='lat' dir='ltr'>sed</span> 
     </span>
     <span class='ocr_line' id='line_1_15' title="bbox 62 1237 1450 1300; baseline 0.001 -17"><span class='ocrx_word' id='word_1_132' title='bbox 62 1241 100 1284; x_wconf 87' lang='lat' dir='ltr'>ei</span> <span class='ocrx_word' id='word_1_133' title='bbox 135 1255 157 1284; x_wconf 89' lang='lat' dir='ltr'>a</span> <span class='ocrx_word' id='word_1_134' title='bbox 196 1255 285 1300; x_wconf 85' lang='lat' dir='ltr'>quo</span> <span class='ocrx_word' id='word_1_135' title='bbox 329 1248 598 1298; x_wconf 81' lang='lat' dir='ltr'>acceperant.</span> <span class='ocrx_word' id='word_1_136' title='bbox 634 1242 731 1284; x_wconf 92' lang='lat' dir='ltr'>Non</span> <span class='ocrx_word' id='word_1_137' title='bbox 765 1247 910 1283; x_wconf 89' lang='lat' dir='ltr'>autem</span> <span class='ocrx_word' id='word_1_138' title='bbox 944 1237 1114 1297; x_wconf 87' lang='lat' dir='ltr'>agendo</span> <span class='ocrx_word' id='word_1_139' title='bbox 1149 1240 1304 1297; x_wconf 84' lang='lat' dir='ltr'>gratias</span> <span class='ocrx_word' id='word_1_140' title='bbox 1343 1240 1450 1284; x_wconf 87' lang='lat' dir='ltr'>insi-</span> 
     </span>
     <span class='ocr_line' id='line_1_16' title="bbox 60 1309 1451 1370; baseline 0.002 -17"><span class='ocrx_word' id='word_1_141' title='bbox 60 1311 228 1370; x_wconf 86' lang='lat' dir='ltr'>pientes</span> <span class='ocrx_word' id='word_1_142' title='bbox 259 1311 359 1355; x_wconf 82' lang='lat' dir='ltr'>faeti</span> <span class='ocrx_word' id='word_1_143' title='bbox 391 1320 507 1355; x_wconf 90' lang='lat' dir='ltr'>sunt.</span> <span class='ocrx_word' id='word_1_144' title='bbox 534 1313 649 1369; x_wconf 86' lang='lat' dir='ltr'>Ergo</span> <span class='ocrx_word' id='word_1_145' title='bbox 673 1313 786 1354; x_wconf 89' lang='lat' dir='ltr'>Deus</span> <span class='ocrx_word' id='word_1_146' title='bbox 809 1309 931 1370; x_wconf 89' lang='lat' dir='ltr'>quod</span> <span class='ocrx_word' id='word_1_147' title='bbox 960 1309 1141 1354; x_wconf 84' lang='lat' dir='ltr'>dederat</span> <span class='ocrx_word' id='word_1_148' title='bbox 1163 1311 1292 1369; x_wconf 85' lang='lat' dir='ltr'>gratis</span> <span class='ocrx_word' id='word_1_149' title='bbox 1311 1346 1321 1366; x_wconf 87' lang='lat'>,</span> <span class='ocrx_word' id='word_1_150' title='bbox 1348 1311 1451 1357; x_wconf 87' lang='lat' dir='ltr'>tulit</span> 
     </span>
     <span class='ocr_line' id='line_1_17' title="bbox 59 1380 1450 1440; baseline 0.002 -16"><span class='ocrx_word' id='word_1_151' title='bbox 59 1382 250 1440; x_wconf 84' lang='lat' dir='ltr'>ingratis.</span> <span class='ocrx_word' id='word_1_152' title='bbox 276 1381 421 1426; x_wconf 88' lang='lat' dir='ltr'>Noluit</span> <span class='ocrx_word' id='word_1_153' title='bbox 443 1396 531 1425; x_wconf 87' lang='lat' dir='ltr'>esse</span> <span class='ocrx_word' id='word_1_154' title='bbox 552 1382 635 1425; x_wconf 85' lang='lat' dir='ltr'>hoe</span> <span class='ocrx_word' id='word_1_155' title='bbox 653 1383 856 1436; x_wconf 88' lang='lat' dir='ltr'>Joannes,</span> <span class='ocrx_word' id='word_1_156' title='bbox 873 1389 1019 1439; x_wconf 86' lang='lat' dir='ltr'>gratus</span> <span class='ocrx_word' id='word_1_157' title='bbox 1041 1395 1131 1425; x_wconf 90' lang='lat' dir='ltr'>esse</span> <span class='ocrx_word' id='word_1_158' title='bbox 1148 1380 1316 1428; x_wconf 86' lang='lat' dir='ltr'>voluit:</span> <span class='ocrx_word' id='word_1_159' title='bbox 1340 1398 1450 1428; x_wconf 88' lang='lat' dir='ltr'>con-</span> 
     </span>
     <span class='ocr_line' id='line_1_18' title="bbox 59 1450 1449 1511; baseline 0.002 -17"><span class='ocrx_word' id='word_1_160' title='bbox 59 1450 193 1495; x_wconf 84' lang='lat' dir='ltr'>fessus</span> <span class='ocrx_word' id='word_1_161' title='bbox 217 1460 279 1495; x_wconf 87' lang='lat' dir='ltr'>est</span> <span class='ocrx_word' id='word_1_162' title='bbox 301 1452 513 1511; x_wconf 85' lang='lat' dir='ltr'>accepisse</span> <span class='ocrx_word' id='word_1_163' title='bbox 535 1467 578 1495; x_wconf 89' lang='lat' dir='ltr'>se</span> <span class='ocrx_word' id='word_1_164' title='bbox 594 1487 603 1505; x_wconf 76' lang='lat'><strong><em>‚</em></strong></span> <span class='ocrx_word' id='word_1_165' title='bbox 627 1461 670 1496; x_wconf 84' lang='lat' dir='ltr'>et</span> <span class='ocrx_word' id='word_1_166' title='bbox 693 1450 881 1510; x_wconf 85' lang='lat' dir='ltr'>gaudere</span> <span class='ocrx_word' id='word_1_167' title='bbox 902 1465 946 1495; x_wconf 89' lang='lat' dir='ltr'>se</span> <span class='ocrx_word' id='word_1_168' title='bbox 965 1451 1074 1496; x_wconf 81' lang='lat' dir='ltr'>dixit</span> <span class='ocrx_word' id='word_1_169' title='bbox 1097 1461 1449 1511; x_wconf 86' lang='lat' dir='ltr'>proptervocem</span> 
     </span>
     <span class='ocr_line' id='line_1_19' title="bbox 57 1520 1446 1581; baseline -0.001 -16"><span class='ocrx_word' id='word_1_170' title='bbox 57 1522 218 1580; x_wconf 88' lang='lat' dir='ltr'>sponsi,</span> <span class='ocrx_word' id='word_1_171' title='bbox 244 1531 287 1566; x_wconf 90' lang='lat' dir='ltr'>et</span> <span class='ocrx_word' id='word_1_172' title='bbox 309 1523 364 1565; x_wconf 92' lang='lat' dir='ltr'>ait</span> <span class='ocrx_word' id='word_1_173' title='bbox 384 1542 391 1566; x_wconf 89' lang='lat'>:</span> <span class='ocrx_word' id='word_1_174' title='bbox 417 1542 436 1564; x_wconf 89' lang='lat'>«</span> <span class='ocrx_word' id='word_1_175' title='bbox 450 1524 542 1566; x_wconf 84' lang='lat' dir='ltr'>Hoc</span> <span class='ocrx_word' id='word_1_176' title='bbox 566 1537 667 1580; x_wconf 86' lang='lat' dir='ltr'>ergo</span> <span class='ocrx_word' id='word_1_177' title='bbox 690 1520 898 1581; x_wconf 86' lang='lat' dir='ltr'>gaudium</span> <span class='ocrx_word' id='word_1_178' title='bbox 923 1536 1072 1566; x_wconf 90' lang='lat' dir='ltr'>meum</span> <span class='ocrx_word' id='word_1_179' title='bbox 1088 1521 1319 1581; x_wconf 89' lang='lat' dir='ltr'>impletum</span> <span class='ocrx_word' id='word_1_180' title='bbox 1337 1533 1446 1567; x_wconf 89' lang='lat' dir='ltr'>est.»</span> 
     </span>
    </p>

    <p class='ocr_par' dir='ltr' id='par_1_4' title="bbox 58 1593 1449 2574">
     <span class='ocr_line' id='line_1_20' title="bbox 120 1593 1449 1652; baseline 0.003 -16"><span class='ocrx_word' id='word_1_181' title='bbox 120 1595 192 1636; x_wconf 80' lang='lat' dir='ltr'>tv.</span> <span class='ocrx_word' id='word_1_182' title='bbox 216 1612 235 1634; x_wconf 88' lang='lat'>«</span> <span class='ocrx_word' id='word_1_183' title='bbox 258 1593 387 1637; x_wconf 79' lang='lat' dir='ltr'>Illum</span> <span class='ocrx_word' id='word_1_184' title='bbox 410 1602 582 1652; x_wconf 86' lang='lat' dir='ltr'>oportet</span> <span class='ocrx_word' id='word_1_185' title='bbox 603 1609 810 1648; x_wconf 86' lang='lat' dir='ltr'>erescere,</span> <span class='ocrx_word' id='word_1_186' title='bbox 831 1608 902 1637; x_wconf 90' lang='lat' dir='ltr'>me</span> <span class='ocrx_word' id='word_1_187' title='bbox 923 1602 1068 1637; x_wconf 87' lang='lat' dir='ltr'>autem</span> <span class='ocrx_word' id='word_1_188' title='bbox 1091 1594 1230 1637; x_wconf 89' lang='lat' dir='ltr'>minui</span> <span class='ocrx_word' id='word_1_189' title='bbox 1243 1597 1276 1638; x_wconf 74' lang='lat'>¹².</span> <span class='ocrx_word' id='word_1_190' title='bbox 1296 1595 1449 1648; x_wconf 86' lang='lat' dir='ltr'>»Quid</span> 
     </span>
     <span class='ocr_line' id='line_1_21' title="bbox 58 1663 1449 1722; baseline 0.002 -16"><span class='ocrx_word' id='word_1_191' title='bbox 58 1672 122 1707; x_wconf 83' lang='lat' dir='ltr'>est</span> <span class='ocrx_word' id='word_1_192' title='bbox 144 1664 259 1708; x_wconf 79' lang='lat' dir='ltr'>hoc?</span> <span class='ocrx_word' id='word_1_193' title='bbox 279 1663 407 1707; x_wconf 81' lang='lat' dir='ltr'>Illum</span> <span class='ocrx_word' id='word_1_194' title='bbox 430 1673 603 1722; x_wconf 80' lang='lat' dir='ltr'>oportet</span> <span class='ocrx_word' id='word_1_195' title='bbox 617 1664 810 1719; x_wconf 84' lang='lat' dir='ltr'>exaltari,</span> <span class='ocrx_word' id='word_1_196' title='bbox 832 1679 902 1707; x_wconf 91' lang='lat' dir='ltr'>me</span> <span class='ocrx_word' id='word_1_197' title='bbox 919 1673 1064 1708; x_wconf 87' lang='lat' dir='ltr'>autem</span> <span class='ocrx_word' id='word_1_198' title='bbox 1077 1664 1312 1708; x_wconf 88' lang='lat' dir='ltr'>humiliari.</span> <span class='ocrx_word' id='word_1_199' title='bbox 1328 1668 1449 1718; x_wconf 88' lang='lat' dir='ltr'>Quo-</span> 
     </span>
     <span class='ocr_line' id='line_1_22' title="bbox 60 1733 1449 1794; baseline 0.004 -17"><span class='ocrx_word' id='word_1_200' title='bbox 60 1733 190 1778; x_wconf 88' lang='lat' dir='ltr'>modo</span> <span class='ocrx_word' id='word_1_201' title='bbox 223 1735 376 1778; x_wconf 90' lang='lat' dir='ltr'>erescit</span> <span class='ocrx_word' id='word_1_202' title='bbox 414 1737 569 1778; x_wconf 72' lang='lat' dir='ltr'>Jesus?</span> <span class='ocrx_word' id='word_1_203' title='bbox 601 1735 824 1794; x_wconf 85' lang='lat' dir='ltr'>quomodo</span> <span class='ocrx_word' id='word_1_204' title='bbox 866 1735 1019 1780; x_wconf 87' lang='lat' dir='ltr'>erescit</span> <span class='ocrx_word' id='word_1_205' title='bbox 1048 1737 1193 1779; x_wconf 75' lang='lat' dir='ltr'>Deus?</span> <span class='ocrx_word' id='word_1_206' title='bbox 1226 1734 1449 1782; x_wconf 88' lang='lat' dir='ltr'>Perfectus</span> 
     </span>
     <span class='ocr_line' id='line_1_23' title="bbox 58 1805 1448 1861; baseline 0.003 -13"><span class='ocrx_word' id='word_1_207' title='bbox 58 1820 146 1848; x_wconf 89' lang='lat' dir='ltr'>non</span> <span class='ocrx_word' id='word_1_208' title='bbox 165 1805 333 1850; x_wconf 84' lang='lat' dir='ltr'>crescit.</span> <span class='ocrx_word' id='word_1_209' title='bbox 355 1808 467 1848; x_wconf 89' lang='lat' dir='ltr'>Deus</span> <span class='ocrx_word' id='word_1_210' title='bbox 485 1814 629 1849; x_wconf 85' lang='lat' dir='ltr'>autem</span> <span class='ocrx_word' id='word_1_211' title='bbox 648 1820 726 1849; x_wconf 87' lang='lat' dir='ltr'>nee</span> <span class='ocrx_word' id='word_1_212' title='bbox 742 1806 911 1861; x_wconf 90' lang='lat' dir='ltr'>crescit,</span> <span class='ocrx_word' id='word_1_213' title='bbox 929 1820 1010 1849; x_wconf 88' lang='lat' dir='ltr'>nec</span> <span class='ocrx_word' id='word_1_214' title='bbox 1025 1805 1252 1850; x_wconf 90' lang='lat' dir='ltr'>minuitur.</span> <span class='ocrx_word' id='word_1_215' title='bbox 1267 1808 1309 1852; x_wconf 92' lang='lat' dir='ltr'>Si</span> <span class='ocrx_word' id='word_1_216' title='bbox 1332 1809 1448 1852; x_wconf 86' lang='lat' dir='ltr'>enim</span> 
     </span>
     <span class='ocr_line' id='line_1_24' title="bbox 58 1875 1447 1934; baseline 0.004 -16"><span class='ocrx_word' id='word_1_217' title='bbox 58 1876 209 1919; x_wconf 87' lang='lat' dir='ltr'>crescit</span> <span class='ocrx_word' id='word_1_218' title='bbox 226 1910 236 1929; x_wconf 89' lang='lat'>,</span> <span class='ocrx_word' id='word_1_219' title='bbox 256 1875 473 1934; x_wconf 84' lang='lat' dir='ltr'>perfectus</span> <span class='ocrx_word' id='word_1_220' title='bbox 497 1891 585 1919; x_wconf 92' lang='lat' dir='ltr'>non</span> <span class='ocrx_word' id='word_1_221' title='bbox 608 1884 692 1920; x_wconf 89' lang='lat' dir='ltr'>est:</span> <span class='ocrx_word' id='word_1_222' title='bbox 718 1876 751 1919; x_wconf 92' lang='lat' dir='ltr'>si</span> <span class='ocrx_word' id='word_1_223' title='bbox 771 1875 1001 1930; x_wconf 87' lang='lat' dir='ltr'>minuitur,</span> <span class='ocrx_word' id='word_1_224' title='bbox 1025 1879 1139 1922; x_wconf 90' lang='lat' dir='ltr'>Deus</span> <span class='ocrx_word' id='word_1_225' title='bbox 1161 1892 1251 1922; x_wconf 91' lang='lat' dir='ltr'>non</span> <span class='ocrx_word' id='word_1_226' title='bbox 1267 1887 1345 1923; x_wconf 89' lang='lat' dir='ltr'>est.</span> <span class='ocrx_word' id='word_1_227' title='bbox 1371 1882 1447 1923; x_wconf 89' lang='lat' dir='ltr'>Je-</span> 
     </span>
     <span class='ocr_line' id='line_1_25' title="bbox 58 1946 1447 2010; baseline 0.003 -20"><span class='ocrx_word' id='word_1_228' title='bbox 58 1961 128 1990; x_wconf 87' lang='lat' dir='ltr'>sus</span> <span class='ocrx_word' id='word_1_229' title='bbox 145 1956 289 1991; x_wconf 89' lang='lat' dir='ltr'>autem</span> <span class='ocrx_word' id='word_1_230' title='bbox 305 1950 417 1991; x_wconf 88' lang='lat' dir='ltr'>Deus</span> <span class='ocrx_word' id='word_1_231' title='bbox 439 1946 662 2007; x_wconf 86' lang='lat' dir='ltr'>quomodo</span> <span class='ocrx_word' id='word_1_232' title='bbox 685 1947 869 1992; x_wconf 82' lang='lat' dir='ltr'>crescit?</span> <span class='ocrx_word' id='word_1_233' title='bbox 886 1947 929 1992; x_wconf 91' lang='lat' dir='ltr'>Si</span> <span class='ocrx_word' id='word_1_234' title='bbox 947 1946 1001 1992; x_wconf 90' lang='lat' dir='ltr'>ad</span> <span class='ocrx_word' id='word_1_235' title='bbox 1014 1957 1204 2005; x_wconf 78' lang='lat' dir='ltr'>aetatem,</span> <span class='ocrx_word' id='word_1_236' title='bbox 1223 1951 1326 2010; x_wconf 88' lang='lat' dir='ltr'>quia</span> <span class='ocrx_word' id='word_1_237' title='bbox 1348 1950 1447 2010; x_wconf 85' lang='lat' dir='ltr'>dig-</span> 
     </span>
     <span class='ocr_line' id='line_1_26' title="bbox 58 2017 1443 2077; baseline 0.004 -17"><span class='ocrx_word' id='word_1_238' title='bbox 58 2027 183 2061; x_wconf 84' lang='lat' dir='ltr'>natus</span> <span class='ocrx_word' id='word_1_239' title='bbox 203 2026 266 2062; x_wconf 91' lang='lat' dir='ltr'>est</span> <span class='ocrx_word' id='word_1_240' title='bbox 289 2033 378 2061; x_wconf 88' lang='lat' dir='ltr'>esse</span> <span class='ocrx_word' id='word_1_241' title='bbox 400 2018 549 2071; x_wconf 85' lang='lat' dir='ltr'>homo,</span> <span class='ocrx_word' id='word_1_242' title='bbox 565 2027 607 2061; x_wconf 88' lang='lat' dir='ltr'>et</span> <span class='ocrx_word' id='word_1_243' title='bbox 625 2017 709 2061; x_wconf 85' lang='lat' dir='ltr'>fuit</span> <span class='ocrx_word' id='word_1_244' title='bbox 731 2032 840 2076; x_wconf 89' lang='lat' dir='ltr'>puer</span> <span class='ocrx_word' id='word_1_245' title='bbox 857 2026 924 2074; x_wconf 83' lang='lat' dir='ltr'>;et</span> <span class='ocrx_word' id='word_1_246' title='bbox 946 2033 1048 2062; x_wconf 88' lang='lat' dir='ltr'>cum</span> <span class='ocrx_word' id='word_1_247' title='bbox 1068 2019 1122 2063; x_wconf 89' lang='lat' dir='ltr'>sit</span> <span class='ocrx_word' id='word_1_248' title='bbox 1136 2020 1332 2064; x_wconf 88' lang='lat' dir='ltr'>Verbum</span> <span class='ocrx_word' id='word_1_249' title='bbox 1352 2024 1443 2077; x_wconf 90' lang='lat' dir='ltr'>Dei,</span> 
     </span>
     <span class='ocr_line' id='line_1_27' title="bbox 58 2087 1446 2148; baseline 0.004 -17"><span class='ocrx_word' id='word_1_250' title='bbox 58 2088 201 2132; x_wconf 81' lang='lat' dir='ltr'>infans</span> <span class='ocrx_word' id='word_1_251' title='bbox 230 2089 274 2131; x_wconf 85' lang='lat' dir='ltr'>in</span> <span class='ocrx_word' id='word_1_252' title='bbox 300 2089 483 2148; x_wconf 85' lang='lat' dir='ltr'>praesepi</span> <span class='ocrx_word' id='word_1_253' title='bbox 502 2088 663 2148; x_wconf 77' lang='lat' dir='ltr'>jacuit,</span> <span class='ocrx_word' id='word_1_254' title='bbox 690 2096 733 2132; x_wconf 89' lang='lat' dir='ltr'>et</span> <span class='ocrx_word' id='word_1_255' title='bbox 755 2102 856 2132; x_wconf 90' lang='lat' dir='ltr'>cum</span> <span class='ocrx_word' id='word_1_256' title='bbox 878 2087 970 2147; x_wconf 89' lang='lat' dir='ltr'>ipse</span> <span class='ocrx_word' id='word_1_257' title='bbox 990 2097 1174 2133; x_wconf 86' lang='lat' dir='ltr'>matrem</span> <span class='ocrx_word' id='word_1_258' title='bbox 1199 2105 1321 2135; x_wconf 89' lang='lat' dir='ltr'>suam</span> <span class='ocrx_word' id='word_1_259' title='bbox 1338 2107 1446 2138; x_wconf 89' lang='lat' dir='ltr'>eon-</span> 
     </span>
     <span class='ocr_line' id='line_1_28' title="bbox 59 2157 1448 2221; baseline 0.005 -20"><span class='ocrx_word' id='word_1_260' title='bbox 59 2157 240 2212; x_wconf 88' lang='lat' dir='ltr'>diderit,</span> <span class='ocrx_word' id='word_1_261' title='bbox 268 2158 333 2202; x_wconf 85' lang='lat' dir='ltr'>lae</span> <span class='ocrx_word' id='word_1_262' title='bbox 357 2158 553 2202; x_wconf 73' lang='lat' dir='ltr'>infantiae</span> <span class='ocrx_word' id='word_1_263' title='bbox 576 2158 630 2202; x_wconf 87' lang='lat' dir='ltr'>de</span> <span class='ocrx_word' id='word_1_264' title='bbox 653 2167 790 2202; x_wconf 86' lang='lat' dir='ltr'>matre</span> <span class='ocrx_word' id='word_1_265' title='bbox 813 2158 952 2203; x_wconf 84' lang='lat' dir='ltr'>suxit:</span> <span class='ocrx_word' id='word_1_266' title='bbox 979 2160 1080 2219; x_wconf 88' lang='lat' dir='ltr'>quia</span> <span class='ocrx_word' id='word_1_267' title='bbox 1103 2161 1239 2206; x_wconf 87' lang='lat' dir='ltr'>crevit</span> <span class='ocrx_word' id='word_1_268' title='bbox 1255 2177 1364 2221; x_wconf 84' lang='lat' dir='ltr'>ergo·</span> <span class='ocrx_word' id='word_1_269' title='bbox 1379 2167 1448 2209; x_wconf 86' lang='lat' dir='ltr'>Je-</span> 
     </span>
     <span class='ocr_line' id='line_1_29' title="bbox 59 2227 1447 2293; baseline 0.005 -21"><span class='ocrx_word' id='word_1_270' title='bbox 59 2243 130 2272; x_wconf 88' lang='lat' dir='ltr'>sus</span> <span class='ocrx_word' id='word_1_271' title='bbox 153 2237 280 2272; x_wconf 83' lang='lat' dir='ltr'>aetate</span> <span class='ocrx_word' id='word_1_272' title='bbox 301 2229 462 2283; x_wconf 87' lang='lat' dir='ltr'>carnis,</span> <span class='ocrx_word' id='word_1_273' title='bbox 491 2228 589 2273; x_wconf 90' lang='lat' dir='ltr'>ideo</span> <span class='ocrx_word' id='word_1_274' title='bbox 624 2227 736 2272; x_wconf 82' lang='lat' dir='ltr'>forte</span> <span class='ocrx_word' id='word_1_275' title='bbox 757 2228 924 2273; x_wconf 89' lang='lat' dir='ltr'>dictum</span> <span class='ocrx_word' id='word_1_276' title='bbox 946 2238 1008 2274; x_wconf 87' lang='lat' dir='ltr'>est</span> <span class='ocrx_word' id='word_1_277' title='bbox 1036 2249 1045 2275; x_wconf 91' lang='lat'>:</span> <span class='ocrx_word' id='word_1_278' title='bbox 1075 2249 1095 2273; x_wconf 93' lang='lat'>«</span> <span class='ocrx_word' id='word_1_279' title='bbox 1122 2231 1253 2276; x_wconf 91' lang='lat' dir='ltr'>Illum</span> <span class='ocrx_word' id='word_1_280' title='bbox 1276 2243 1447 2293; x_wconf 86' lang='lat' dir='ltr'>oportet</span> 
     </span>
     <span class='ocr_line' id='line_1_30' title="bbox 61 2300 1445 2362; baseline 0.008 -22"><span class='ocrx_word' id='word_1_281' title='bbox 61 2318 81 2340; x_wconf 91' lang='lat'>»</span> <span class='ocrx_word' id='word_1_282' title='bbox 117 2315 307 2345; x_wconf 87' lang='lat' dir='ltr'>crescere</span> <span class='ocrx_word' id='word_1_283' title='bbox 322 2335 333 2356; x_wconf 88' lang='lat'>,</span> <span class='ocrx_word' id='word_1_284' title='bbox 359 2314 428 2345; x_wconf 89' lang='lat' dir='ltr'>me</span> <span class='ocrx_word' id='word_1_285' title='bbox 448 2309 594 2344; x_wconf 87' lang='lat' dir='ltr'>autem</span> <span class='ocrx_word' id='word_1_286' title='bbox 620 2300 773 2344; x_wconf 89' lang='lat' dir='ltr'>minui.</span> <span class='ocrx_word' id='word_1_287' title='bbox 802 2318 821 2341; x_wconf 90' lang='lat'>»</span> <span class='ocrx_word' id='word_1_288' title='bbox 851 2302 936 2346; x_wconf 92' lang='lat' dir='ltr'>Sed</span> <span class='ocrx_word' id='word_1_289' title='bbox 956 2317 1091 2362; x_wconf 88' lang='lat' dir='ltr'>quare</span> <span class='ocrx_word' id='word_1_290' title='bbox 1108 2312 1152 2347; x_wconf 86' lang='lat' dir='ltr'>et</span> <span class='ocrx_word' id='word_1_291' title='bbox 1171 2304 1286 2349; x_wconf 84' lang='lat' dir='ltr'>hoe?</span> <span class='ocrx_word' id='word_1_292' title='bbox 1309 2309 1445 2351; x_wconf 82' lang='lat' dir='ltr'>Joan-</span> 
     </span>
     <span class='ocr_line' id='line_1_31' title="bbox 58 2371 1446 2431; baseline 0.006 -17"><span class='ocrx_word' id='word_1_293' title='bbox 58 2385 132 2414; x_wconf 87' lang='lat' dir='ltr'>nes</span> <span class='ocrx_word' id='word_1_294' title='bbox 149 2380 192 2414; x_wconf 90' lang='lat' dir='ltr'>et</span> <span class='ocrx_word' id='word_1_295' title='bbox 208 2373 332 2415; x_wconf 89' lang='lat' dir='ltr'>Jesus</span> <span class='ocrx_word' id='word_1_296' title='bbox 346 2406 358 2426; x_wconf 89' lang='lat'>,</span> <span class='ocrx_word' id='word_1_297' title='bbox 380 2371 500 2431; x_wconf 87' lang='lat' dir='ltr'>quod</span> <span class='ocrx_word' id='word_1_298' title='bbox 518 2372 572 2415; x_wconf 90' lang='lat' dir='ltr'>ad</span> <span class='ocrx_word' id='word_1_299' title='bbox 595 2386 770 2415; x_wconf 88' lang='lat' dir='ltr'>carnem</span> <span class='ocrx_word' id='word_1_300' title='bbox 791 2373 980 2431; x_wconf 88' lang='lat' dir='ltr'>pertinet</span> <span class='ocrx_word' id='word_1_301' title='bbox 996 2408 1007 2429; x_wconf 80' lang='lat'>,</span> <span class='ocrx_word' id='word_1_302' title='bbox 1031 2376 1166 2420; x_wconf 88' lang='lat' dir='ltr'>coaevi</span> <span class='ocrx_word' id='word_1_303' title='bbox 1193 2387 1314 2422; x_wconf 87' lang='lat' dir='ltr'>erant</span> <span class='ocrx_word' id='word_1_304' title='bbox 1339 2396 1348 2421; x_wconf 90' lang='lat'>:</span> <span class='ocrx_word' id='word_1_305' title='bbox 1374 2393 1446 2421; x_wconf 81' lang='lat' dir='ltr'>sex</span> 
     </span>
     <span class='ocr_line' id='line_1_32' title="bbox 59 2442 1445 2502; baseline 0.006 -17"><span class='ocrx_word' id='word_1_306' title='bbox 59 2456 224 2486; x_wconf 86' lang='lat' dir='ltr'>meuses</span> <span class='ocrx_word' id='word_1_307' title='bbox 242 2442 355 2487; x_wconf 87' lang='lat' dir='ltr'>inter</span> <span class='ocrx_word' id='word_1_308' title='bbox 371 2457 414 2486; x_wconf 91' lang='lat' dir='ltr'>se</span> <span class='ocrx_word' id='word_1_309' title='bbox 430 2443 671 2497; x_wconf 89' lang='lat' dir='ltr'>habebant,</span> <span class='ocrx_word' id='word_1_310' title='bbox 690 2442 851 2502; x_wconf 90' lang='lat' dir='ltr'>pariter</span> <span class='ocrx_word' id='word_1_311' title='bbox 864 2455 1090 2491; x_wconf 85' lang='lat' dir='ltr'>creverant</span> <span class='ocrx_word' id='word_1_312' title='bbox 1104 2448 1119 2472; x_wconf 78' lang='lat'>3</span> <span class='ocrx_word' id='word_1_313' title='bbox 1142 2466 1150 2492; x_wconf 82' lang='lat' dir='ltr'>z</span> <span class='ocrx_word' id='word_1_314' title='bbox 1171 2456 1215 2492; x_wconf 92' lang='lat' dir='ltr'>et</span> <span class='ocrx_word' id='word_1_315' title='bbox 1230 2448 1265 2493; x_wconf 90' lang='lat' dir='ltr'>si</span> <span class='ocrx_word' id='word_1_316' title='bbox 1282 2448 1445 2493; x_wconf 88' lang='lat' dir='ltr'>diutius</span> 
     </span>
     <span class='ocr_line' id='line_1_33' title="bbox 59 2514 1439 2574; baseline 0.004 -18"><span class='ocrx_word' id='word_1_317' title='bbox 59 2522 159 2557; x_wconf 85' lang='lat' dir='ltr'>ante</span> <span class='ocrx_word' id='word_1_318' title='bbox 180 2522 366 2558; x_wconf 89' lang='lat' dir='ltr'>mortem</span> <span class='ocrx_word' id='word_1_319' title='bbox 376 2514 587 2558; x_wconf 89' lang='lat' dir='ltr'>Dominus</span> <span class='ocrx_word' id='word_1_320' title='bbox 601 2523 746 2558; x_wconf 87' lang='lat' dir='ltr'>noster</span> <span class='ocrx_word' id='word_1_321' title='bbox 763 2516 1088 2562; x_wconf 86' lang='lat' dir='ltr'>JesusChristus</span> <span class='ocrx_word' id='word_1_322' title='bbox 1105 2517 1234 2563; x_wconf 89' lang='lat' dir='ltr'>vellet</span> <span class='ocrx_word' id='word_1_323' title='bbox 1250 2518 1319 2562; x_wconf 89' lang='lat' dir='ltr'>hic</span> <span class='ocrx_word' id='word_1_324' title='bbox 1332 2533 1439 2574; x_wconf 88' lang='lat' dir='ltr'>esse,</span> 
     </span>
    </p>
   </div>
   <div class='ocr_carea' id='block_1_4' title="bbox 108 2597 1114 2643">
    <p class='ocr_par' dir='ltr' id='par_1_5' title="bbox 108 2597 1114 2643">
     <span class='ocr_line' id='line_1_34' title="bbox 108 2597 1114 2643; baseline 0.006 -14"><span class='ocrx_word' id='word_1_325' title='bbox 108 2603 116 2619; x_wconf 96' lang='lat'>¹</span> <span class='ocrx_word' id='word_1_326' title='bbox 140 2599 229 2629; x_wconf 83' lang='lat' dir='ltr'>Rom.</span> <span class='ocrx_word' id='word_1_327' title='bbox 249 2609 272 2639; x_wconf 83' lang='lat' dir='ltr'>i,</span> <span class='ocrx_word' id='word_1_328' title='bbox 295 2608 346 2639; x_wconf 80' lang='lat'>¹9&gt;</span> <span class='ocrx_word' id='word_1_329' title='bbox 366 2602 430 2630; x_wconf 82' lang='lat' dir='ltr'>etc.</span> <span class='ocrx_word' id='word_1_330' title='bbox 456 2615 498 2621; x_wconf 90' lang='lat'><em>-</em></span> <span class='ocrx_word' id='word_1_331' title='bbox 518 2605 530 2621; x_wconf 86' lang='lat'>²</span> <span class='ocrx_word' id='word_1_332' title='bbox 553 2600 644 2631; x_wconf 87' lang='lat' dir='ltr'>Joan.</span> <span class='ocrx_word' id='word_1_333' title='bbox 672 2609 719 2639; x_wconf 85' lang='lat'>111,</span> <span class='ocrx_word' id='word_1_334' title='bbox 742 2597 795 2632; x_wconf 83' lang='lat'>30.</span> <span class='ocrx_word' id='word_1_335' title='bbox 815 2615 857 2624; x_wconf 84' lang='lat'><em>-</em></span> <span class='ocrx_word' id='word_1_336' title='bbox 882 2598 895 2623; x_wconf 85' lang='lat'>3</span> <span class='ocrx_word' id='word_1_337' title='bbox 914 2601 993 2633; x_wconf 84' lang='lat' dir='ltr'>Luc.</span> <span class='ocrx_word' id='word_1_338' title='bbox 1015 2612 1040 2643; x_wconf 86' lang='lat'>1,</span> <span class='ocrx_word' id='word_1_339' title='bbox 1061 2600 1114 2635; x_wconf 87' lang='lat'>36.</span> 
     </span>
    </p>
   </div>
  </div>
 </body>
</html>
