1809 3173
379 196 460 234 218
486 194 491 211 ¹
801 204 835 235 s.
870 205 1100 236 Atreus-rim
1131 209 1314 238 muscom

376 272 505 316 liter?
547 271 670 317 Facit
704 273 870 317 animus
892 275 1071 318 verbum
1094 275 1211 335 apud
1238 290 1298 331 se,
1330 275 1460 336 jubet
1489 275 1675 334 linguae,
1716 287 1759 322 et

377 343 544 402 profert
566 343 748 388 verbum
762 345 882 404 quod
899 343 1002 389 feeit
1024 346 1193 390 animus
1216 365 1225 391 :
1253 346 1357 390 feeit
1376 346 1569 402 animus,
1595 346 1698 392 fecit
1714 357 1758 392 et

376 414 549 472 lingua3
586 412 687 458 feeit
717 414 918 459 dominus
946 417 1153 475 corporis,
1191 415 1292 460 fecit
1320 426 1363 460 et
1393 432 1540 461 servus
1566 436 1575 461 z
1601 416 1677 461 sed
1709 427 1760 462 ut

376 483 537 528 faceret
558 499 726 539 servus,
747 500 770 528 a
796 487 974 530 domino
997 487 1162 545 aceepit
1179 487 1300 546 quod
1318 486 1492 542 faceret,
1514 496 1557 531 et
1574 487 1761 546 jubente

377 555 555 599 domino
577 553 694 598 feeit.
715 558 807 599 Hoc
828 555 940 599 idem
962 557 1015 599 ab
1038 566 1225 616 utroque
1248 555 1411 600 factum
1432 566 1495 600 est
1514 575 1523 601 2
1544 557 1618 600 sed
1631 573 1763 601 num-

377 625 487 685 quid
511 624 736 669 similiter?
759 626 991 678 Quomodo
1014 642 1102 669 non
1126 626 1337 680 similiter,
1361 627 1419 669 ait
1441 625 1630 686 aliquis?
1648 630 1759 672 Ecce

376 697 558 741 verbum
594 697 713 756 quod
745 696 848 742 fecit
876 697 1044 741 animus
1071 713 1208 751 meus,
1255 706 1402 741 manet
1431 697 1476 740 in
1512 713 1580 741 me
1607 717 1615 742 :
1642 697 1762 757 quod

378 766 481 811 fecit
500 766 650 826 lingua
673 783 783 821 mea,
807 783 1009 827 percusso
1030 771 1126 811 aere
1148 768 1332 822 transiit,
1361 777 1404 811 et
1427 783 1516 811 non
1539 777 1617 812 est.
1650 771 1762 813 Cum

378 836 532 881 dixeris
554 837 736 881 verbum
758 839 803 881 in
838 840 982 883 animo
1019 848 1120 894 tuo,
1164 849 1207 883 et
1239 839 1432 883 sonuerit
1470 854 1547 897 per
1567 839 1761 898 linguam

378 916 515 963 tuam,
540 906 631 950 redi
655 907 709 951 ad
731 908 924 952 animum
945 918 1070 952 tuum
1084 945 1094 965 ,
1116 918 1158 953 et
1176 909 1274 954 vide
1289 910 1390 970 quia
1409 909 1480 958 ibi,
1493 918 1557 953 est
1577 911 1761 954 verbum

378 979 498 1040 quod
520 978 674 1023 fecisti.
693 980 919 1040 Numquid
943 981 1054 1025 sicut
1072 982 1228 1026 mansit
1250 981 1293 1025 in
1317 982 1461 1025 animo
1490 990 1582 1035 tuo,
1608 982 1764 1026 mansit

378 1050 425 1093 in
444 1049 595 1108 lingua
614 1059 686 1094 tua
703 1051 720 1094 P
739 1051 868 1104 Quod
891 1052 1038 1096 sonuit
1058 1067 1135 1111 per
1156 1051 1352 1111 linguam
1380 1061 1517 1108 tuam,
1549 1050 1654 1096 fecit
1676 1051 1764 1095 lin-

380 1135 463 1180 gua
490 1135 664 1175 sonans,
688 1118 789 1164 fecit
814 1121 984 1166 animus
1023 1123 1215 1180 cogitans
1236 1138 1244 1163 :
1267 1122 1340 1166 sed
1364 1122 1483 1183 quod
1504 1123 1651 1167 sonuit
1676 1121 1764 1166 lin-

380 1206 485 1250 gua,
510 1191 703 1249 transiit3
734 1201 777 1236 et
806 1191 926 1252 quod
948 1193 1152 1250 cogitavit
1179 1193 1370 1248 animus,
1402 1202 1641 1254 permanet.
1672 1195 1765 1238 Hoc

380 1276 484 1320 ergo
506 1260 607 1305 feeit
626 1277 799 1321 corpus,
825 1263 944 1322 quod
973 1262 1075 1306 fecit
1104 1263 1290 1318 animus,
1317 1263 1393 1307 sed
1425 1278 1516 1308 non
1551 1261 1762 1307 similiter.

382 1334 504 1378 Fecit
525 1335 639 1378 enim
664 1333 831 1377 animus
853 1334 974 1393 quod
993 1342 1139 1378 teneat
1161 1335 1329 1378 animus
1358 1353 1366 1378 :
1392 1333 1495 1378 fecit
1515 1343 1660 1378 autem
1681 1333 1782 1378 lin„

383 1420 467 1464 gua
486 1403 606 1464 quod
623 1413 762 1458 sonat,
789 1413 831 1448 et
851 1419 925 1463 per
957 1407 1099 1448 aerem
1127 1419 1277 1448 aurem
1303 1404 1518 1449 verberat.
1541 1403 1767 1463 Numquid

382 1476 573 1535 sequeris
594 1473 798 1532 syllabas,
819 1483 862 1518 et
879 1474 982 1519 facis
1001 1484 1052 1518 ut
1074 1476 1305 1518 maneant?
1322 1476 1417 1519 Non
1436 1490 1539 1533 ergo
1559 1474 1619 1518 sic
1642 1477 1768 1518 Pater

383 1555 426 1590 et
442 1546 576 1591 Filius
604 1564 611 1590 :
638 1546 712 1589 sed
737 1545 829 1589 haec
850 1545 999 1588 eadem
1022 1544 1142 1600 facit,
1167 1554 1209 1589 et
1234 1544 1430 1588 similiter
1456 1544 1573 1588 facit.
1598 1545 1639 1589 Si
1664 1542 1770 1588 fecit

384 1621 498 1663 Deus
522 1616 683 1662 coelum
707 1618 828 1677 ‹iluod
860 1625 1032 1662 manet:
1057 1617 1141 1661 hoc
1175 1616 1279 1660 fecit
1303 1617 1439 1660 Filius
1464 1615 1627 1660 eoelum
1649 1614 1770 1674 quod

383 1697 544 1732 manet.
573 1689 615 1733 Si
630 1688 734 1732 feeit
759 1691 872 1731 Deus
902 1691 1027 1731 Pater
1056 1687 1279 1731 hominem
1310 1687 1387 1746 qui
1418 1686 1617 1739 moritur,
1643 1700 1770 1729 eum-

386 1757 485 1802 dem
509 1758 645 1802 Filius
668 1758 889 1801 hominem
911 1757 1015 1801 fecit
1032 1757 1107 1816 qui
1137 1757 1332 1801 moritur.
1355 1759 1653 1816 Quaeeumque
1668 1753 1771 1799 fecit
1808 1766 1809 1811 ξ

387 1832 513 1872 Pater
536 1828 708 1881 stantia,
725 1828 817 1870 haec
835 1826 937 1870 feeit
958 1836 1001 1870 et
1019 1826 1154 1870 Filius
1174 1828 1352 1883 stantia3
1376 1825 1687 1886 quiausimiliter
1709 1823 1771 1868 fe*
1807 1816 1809 1873 J

388 1900 447 1944 cit
472 1918 480 1943 :
508 1908 550 1942 et
573 1913 863 1958 quoecumque
897 1896 1000 1941 fecit
1037 1901 1161 1941 Pater
1189 1897 1465 1956 temporalia,
1493 1897 1585 1940 haec
1618 1895 1771 1940 eadem
1806 1895 1809 1945 ἱ

389 1969 493 2013 fecit
520 1968 653 2012 Filius
676 1967 952 2027 temporalia3
983 1967 1084 2027 quia
1107 1982 1195 2010 non
1217 1966 1357 2010 solum
1375 1967 1464 2025 ipsa
1482 1964 1601 2020 fecit,
1627 1964 1770 2023 sedzet
1804 1978 1809 1995 ¹

389 2039 584 2084 similiter
598 2038 714 2082 fecit.
734 2042 859 2082 Pater
881 2037 996 2081 enim
1009 2036 1113 2081 fecit
1134 2053 1210 2096 per
1233 2035 1410 2090 Filium,
1436 2036 1539 2096 quia
1560 2050 1637 2094 per
1660 2037 1770 2078 Ver·
1806 2050 1809 2096 ξ

388 2111 495 2153 bum
515 2110 618 2154 fecit
634 2113 761 2153 Pater
782 2108 943 2152 omnia.
1538 2129 1542 2134 ·
1805 2122 1809 2173 4

445 2184 526 2226 XI.
562 2181 738 2234 Quaere
730 2195 775 2223 in
793 2182 918 2223 Patre
941 2188 984 2222 et
998 2178 1108 2222 Filio
1122 2177 1453 2255 separationem,
1473 2192 1562 2221 non
1577 2175 1769 2221 invenis:

389 2251 464 2297 sed
491 2253 523 2296 si
557 2251 842 2305 assurrexisti,
881 2258 987 2293 tune
1014 2264 1103 2293 non
1138 2248 1304 2292 invenis
1339 2267 1348 2291 ε
1384 2249 1417 2291 si
1447 2247 1610 2307 aliquid
1644 2261 1774 2305 supra
1805 2274 1809 2296 1

390 2332 579 2367 mentem
616 2331 734 2365 tuam
758 2321 961 2378 tetigisti,
998 2328 1103 2362 tune
1128 2334 1216 2362 non
1239 2318 1419 2361 invenis.
1443 2320 1552 2362 Nam
1579 2317 1614 2360 si
1636 2317 1681 2359 in
1702 2317 1772 2361 his
1802 2298 1809 2360 l

389 2395 590 2448 versaris
618 2409 715 2453 quae
746 2393 824 2436 sibi
857 2406 1002 2435 errans
1031 2392 1199 2434 animus
1229 2387 1360 2446 facit·
1390 2403 1490 2432 cum
1511 2387 1809 2445 imaginibus
1801 2370 1809 2429 i

388 2467 474 2510 tuis
504 2463 719 2524 loqueris,
745 2478 835 2507 non
858 2477 958 2506 cum
980 2461 1125 2505 Verbo
1148 2461 1224 2504 Dei
1253 2478 1261 2504 z
1300 2458 1459 2502 fallunt
1486 2467 1528 2502 te
1562 2458 1772 2516 imagines
1796 2449 1809 2531 i

388 2546 492 2580 tuae.
515 2534 784 2578 Transcende
809 2541 851 2576 et
871 2547 1044 2589 eorpus,
1070 2539 1112 2574 et
1134 2545 1233 2588 sape
1260 2529 1488 2572 animum
1515 2526 1774 2572 transcende
1801 2541 1809 2589 ᾗ
