1809 3173
366 209 445 245 15⁶2
811 215 840 243 3.
880 217 1106 244 Aucus'rmi
1141 217 1317 243 erscm‘l

363 284 600 341 mysteria:
639 297 689 325 eo
722 283 810 326 viso
847 283 1099 327 Samaritani
1135 292 1178 326 ct
1214 283 1362 326 audito
1399 281 1677 326 crediderunt
1699 282 1741 325 in

362 369 462 398 eum
477 362 653 414 propter
670 352 853 397 verbum
871 352 1079 407 mulieris,
1093 361 1135 396 et
1148 353 1313 396 firmius
1327 351 1606 396 crediderunt
1619 368 1745 412 prop-

360 437 425 471 ter
447 425 630 471 verbum
653 425 759 484 ejus,
796 433 838 468 et
860 424 1004 483 plures
1027 423 1322 478 crediderunt,
1348 425 1406 468 sic
1429 424 1637 483 scriptum
1662 432 1740 467 est.

361 496 430 541 Ibi
451 495 568 539 facto
593 493 746 549 biduo,
772 498 784 547 (
805 509 894 553 quo
917 509 1099 537 numero
1129 493 1299 536 dierum
1320 495 1500 551 mystice
1523 508 1745 537 commen-

359 567 485 611 datus
507 573 567 609 est
586 564 774 609 duorum
794 578 1000 607 numerus
1024 573 1358 622 praeceptorum,
1382 565 1427 607 in
1449 564 1607 623 quibus
1636 562 1746 608 duo-

359 639 441 681 bus
464 636 689 696 praeceptis
719 644 809 679 tota
844 638 931 678 Lex
965 634 1126 693 pendet
1148 644 1191 678 et
1225 635 1470 693 Prophetae,
1504 636 1616 679 sicut
1645 635 1746 679 lies-

359 718 483 751 terno
516 705 586 749 die
628 721 706 749 nos
749 704 1071 748 commendasse
1114 704 1368 748 meministis
1384 706 1396 729 ¹
1436 723 1444 748 ε
1484 707 1500 762 )
1529 705 1668 763 pergit
1700 706 1745 748 in

360 778 598 832 Galilaeam,
634 796 653 819 «
679 780 736 821 Et
758 777 876 820 venit
913 776 957 819 in
992 776 1211 820 civitatem
1233 777 1396 820 canam
1431 774 1635 830 Galilaeae,
1670 776 1744 819 ubi

362 867 382 890 »
419 863 577 908 aquam
609 848 761 891 vinum
797 845 899 889 fecit
916 848 947 888 ².
983 864 1002 886 »
1029 846 1097 889 Ibi
1131 854 1276 889 autem
1310 846 1487 905 quando
1518 861 1671 905 aquam
1701 846 1746 888 in

359 920 511 963 vinum
529 919 758 969 convertit,
789 918 900 961 sicut
923 916 1073 960 scribit
1100 917 1190 975 ipse
1227 919 1431 971 Joannes,
1468 916 1748 960 crediderunt

359 991 404 1033 in
426 1005 525 1033 cum
546 988 751 1048 Discipuli
775 989 889 1048 ejus3
909 1007 917 1032 ;
939 997 981 1032 et
1002 988 1155 1048 utique
1177 988 1305 1047 plena
1323 997 1415 1032 erat
1430 987 1586 1032 domus
1612 988 1747 1031 turbis

357 1061 699 1106 convivantium.
726 1062 911 1103 Factum
949 1069 1013 1104 est
1047 1068 1137 1103 tam
1158 1073 1365 1116 magnum
1395 1058 1671 1113 miraculum,
1705 1067 1746 1102 et

359 1146 449 1176 non
470 1131 517 1173 in
539 1146 641 1173 eum
673 1128 955 1173 crediderunt
982 1129 1062 1173 nisi
1084 1129 1293 1188 Discipuli
1316 1130 1421 1188 ejus.
1450 1131 1572 1173 Hanc
1595 1128 1746 1172 civita·

360 1211 448 1245 etm
472 1199 662 1244 Galilaeae
683 1198 816 1243 modo
840 1199 1053 1258 repetivit.
1085 1218 1104 1240 «
1124 1201 1180 1243 Et
1203 1214 1302 1243 ecce
1327 1198 1506 1259 quidam
1535 1198 1745 1256 Regulus,

364 1290 384 1313 »
420 1271 542 1330 cujus
564 1269 678 1314 filius
699 1269 1017 1323 infirmabatur,
1042 1270 1162 1313 venit
1182 1270 1237 1313 ad
1255 1284 1371 1324 eum,
1392 1279 1435 1313 et
1450 1285 1600 1328 rogare
1615 1269 1750 1328 coepit

363 1361 382 1384 »
419 1351 467 1385 ut
490 1341 788 1395 descenderet,
815 1359 835 1381 »
858 1340 913 1384 ad.
944 1340 1063 1383 illam
1086 1340 1305 1384 civitatem
1327 1340 1397 1385 vel
1423 1339 1620 1395 domum,
1651 1359 1670 1381 «
1693 1342 1750 1384 Et

363 1432 382 1455 »
419 1421 589 1457 sanaret
606 1411 744 1455 filium
770 1413 875 1470 ejus,
896 1411 1129 1470 incipiebat
1151 1412 1266 1454 enim
1288 1412 1397 1455 mori
1414 1412 1444 1453 4.
1470 1429 1490 1453 »
1518 1412 1599 1463 Qui
1622 1425 1749 1469 roga-

362 1485 449 1537 bat,
491 1498 580 1526 non
607 1481 840 1524 credebat?
869 1482 991 1533 Quid¹
1015 1498 1037 1524 a
1059 1496 1128 1524 me
1162 1491 1358 1540 expectas
1389 1481 1569 1525 audire?
1599 1481 1750 1525 Domi-

359 1567 467 1597 num
501 1551 719 1608 interroga
738 1571 748 1606 3
769 1549 876 1610 quid
899 1550 953 1594 de
974 1550 1050 1594 illo
1073 1552 1267 1595 senserit.
1288 1554 1482 1609 Rogatus
1505 1551 1621 1594 enim
1651 1551 1749 1596 talia

363 1621 608 1681 respondit,
652 1641 668 1660 «
701 1621 790 1665 Nisi
830 1621 947 1678 signa
981 1629 1024 1663 et
1052 1621 1247 1680 prodigia
1281 1622 1490 1677 videritis,
1529 1637 1617 1665 non
1640 1628 1751 1667 vcre-—
1808 1650 1809 1655 =

368 1712 386 1734 »
426 1692 567 1736 ditis5.
607 1709 627 1732 »
660 1692 817 1749 Arguit
848 1691 1070 1735 hominem
1111 1693 1156 1735 in
1187 1691 1273 1735 fide
1308 1691 1527 1751 tepidum,
1570 1702 1646 1736 aut
1673 1693 1750 1737 fri-

366 1763 544 1822 gidum,
575 1771 650 1805 aut
686 1763 865 1806 omnino
897 1761 1060 1806 nullius
1090 1761 1193 1806 fidei
1220 1782 1228 1807 :
1255 1762 1330 1807 sed
1368 1773 1534 1808 tentare
1570 1764 1751 1823 cupien-

368 1843 453 1877 tem
479 1832 533 1876 de
557 1831 738 1876 sanitate
759 1831 837 1875 filii
859 1832 940 1886 sui,
965 1831 1105 1891 qualis
1127 1842 1236 1876 esset
1268 1833 1480 1888 Christus,
1506 1833 1602 1892 quis
1623 1842 1749 1890 esset,

363 1911 578 1963 quantum
618 1909 774 1960 posset.
817 1901 961 1945 Verba
992 1901 1107 1944 enim
1146 1902 1336 1960 rogantis
1374 1903 1640 1958 audivimus,
1677 1918 1751 1948 cor

364 1972 602 2025 diffidentis
636 1987 727 2016 non
757 1971 956 2016 videmus
988 1990 997 2016 z
1026 1971 1101 2015 sed
1135 1971 1208 2015 ille
1245 1973 1572 2032 pronuntiavit,
1598 1974 1676 2033 qui
1708 1983 1751 2018 et

364 2045 496 2088 verba
518 2041 684 2087 audivit
705 2051 746 2086 et
770 2057 843 2086 eor
864 2041 1065 2101 inspexit.
1094 2042 1290 2102 Denique
1308 2052 1351 2087 et
1368 2044 1457 2102 ipse
1475 2043 1751 2102 Evangelista

368 2113 616 2157 testimonio
636 2112 893 2157 narrationis
916 2127 1004 2156 suae
1026 2111 1243 2168 ostendit,
1269 2113 1370 2172 quia
1393 2113 1589 2157 nondum
1608 2113 1750 2157 credi-

365 2183 502 2238 derat,
531 2184 607 2243 qui
629 2183 775 2227 venire
813 2182 868 2226 ad
888 2181 1068 2227 domum
1093 2198 1214 2226 suam
1251 2184 1486 2228 Dominum
1519 2184 1746 2243 cupiebat,

365 2253 419 2299 ad
442 2253 684 2297 sanandum
706 2252 843 2297 filium
867 2254 973 2312 ejus.
996 2255 1102 2298 Nam
1124 2262 1270 2313 postea
1290 2267 1422 2313 quam
1444 2254 1482 2297 ei
1499 2253 1748 2298 nuntiatum

362 2334 425 2368 est
447 2340 597 2368 sanum
628 2339 717 2368 esse
752 2324 891 2367 filium
913 2325 1019 2382 ejus,
1045 2334 1087 2368 et
1128 2325 1293 2368 invenit
1315 2339 1363 2368 ea
1384 2325 1491 2368 hora
1527 2333 1744 2379 sanatum,

363 2411 450 2455 qua
483 2396 589 2439 hora
620 2394 829 2438 Dominus
859 2393 1040 2448 dixerat,
1065 2414 1084 2436 «
1112 2394 1230 2438 Vade
1262 2394 1376 2439 filius
1403 2404 1504 2439 tuus
1530 2395 1654 2439 vivit.
1693 2397 1749 2439 Et

412 2499 420 2514 ¹
442 2493 561 2524 Matth.
584 2503 660 2533 xxii,
677 2492 729 2534 40.
749 2509 788 2515 --
808 2499 819 2515 ²
838 2495 931 2525 Joan.
948 2503 993 2526 iv.
1009 2491 1062 2533 46.
1085 2508 1124 2515 -
1147 2490 1223 2524 31d.
1249 2502 1285 2533 ιι,
1308 2503 1359 2525 11.
1380 2490 1511 2524 -41‹1.
1532 2503 1577 2532 lv,
1598 2491 1656 2531 46,
1676 2496 1740 2523 etc.

367 2565 406 2569 —
428 2547 441 2568 r.
460 2548 539 2579 timi.
564 2547 618 2588 48.
