1809 3173
405 221 486 261 514
836 229 868 257 s.
906 230 1133 258 Auem-‚nm
1168 231 1346 257 EPISCOPI

457 299 532 341 VI.
555 296 714 340 Audite
743 305 910 352 autem,
939 296 1039 356 quia
1061 304 1105 339 et
1125 296 1377 340 mercenarii
1412 295 1638 339 necessarii
1659 304 1776 340 sunt.

397 366 526 413 Multi
562 366 724 427 quippe
762 366 809 408 in
845 365 1043 426 Ecclesia
1083 365 1312 409 commoda
1346 374 1515 408 terrena
1552 374 1778 418 sectantes,

397 437 620 483 Christum
642 429 790 479 tamen
817 435 1077 495 praedicant,
1102 442 1148 477 et
1168 449 1244 493 per
1271 449 1342 479 eos
1363 450 1445 480 vox
1465 434 1626 492 Christi
1655 433 1781 478 audi-

394 517 466 552 tur
508 526 516 552 :
555 514 799 566 sequuntur
836 520 937 550 oves
956 539 967 560 ,
1006 519 1097 548 non
1134 505 1472 560 mercenarium,
1512 504 1588 549 sed
1630 518 1781 548 vocem

392 576 574 638 pastoris
591 592 669 637 per
687 574 1020 620 mercenarium.
1037 573 1198 619 Audite
1213 574 1500 620 mercenarios
1515 575 1569 618 ab
1581 574 1675 634 ipso
1689 576 1779 618 Do-

391 649 511 693 mino
538 647 886 693 demonstratos:
916 645 1102 701 Scribae,
1131 646 1295 705 inquit,
1327 654 1371 689 et
1405 644 1608 689 Pharisaei
1627 644 1778 689 cathe-

393 720 515 763 dram
559 716 700 775 Moysi
742 713 916 769 sedent3
938 720 1063 776 “quae
1107 714 1259 759 dicunt
1297 714 1427 760 facite
1442 748 1454 771 ,
1494 730 1594 775 quae
1633 723 1779 759 autem

387 785 582 844 faciunt,
602 788 745 832 facere
767 787 943 831 nolite1.
966 784 1083 839 Quid
1105 783 1227 829 aliud
1249 784 1380 841 dixit,
1412 785 1492 830 nisi
1506 819 1518 841 ,
1554 788 1635 830 Per
1660 799 1776 828 mer-

389 859 583 904 cenarios
602 873 756 904 vocem
771 858 950 917 pastoris
970 854 1147 900 audite?
1171 853 1374 901 Sedendo
1394 856 1510 900 enim
1527 854 1777 914 cathedram

387 929 528 987 Moysi
546 932 707 988 Legem
729 928 807 972 Dei
830 924 990 971 docent
1015 943 1025 970 z
1045 941 1148 984 ergo
1171 941 1247 985 per
1264 925 1360 970 illos
1382 929 1495 970 Deus
1524 924 1667 970 docet.
1685 926 1777 971 rSua

385 1015 488 1044 vero
524 999 587 1044 illi
622 1000 657 1040 si
688 996 825 1041 velint
846 995 1029 1052 docere,
1056 996 1192 1041 nolite
1221 996 1400 1052 audire,
1437 996 1572 1041 nolite
1610 995 1770 1042 facere.

387 1071 515 1115 Certe
536 1067 653 1111 enim
674 1066 781 1111 tales
814 1081 891 1111 sua
921 1076 1158 1127 quaerunt,
1192 1082 1283 1112 non
1304 1082 1404 1126 quae
1438 1070 1544 1112 Jesu
1575 1065 1735 1113 Christi
1762 1083 1774 1112 ς

382 1137 532 1183 nullus
548 1146 697 1181 tamen
714 1137 1005 1181 mercenarius
1022 1151 1151 1181 ausus
1169 1145 1233 1189 est
1247 1136 1394 1181 dicere
1412 1137 1576 1197 populo
1595 1134 1772 1190 Christi,

383 1211 477 1252 Tua
498 1222 646 1267 quaere
661 1240 672 1261 ,
687 1222 777 1251 non
789 1222 888 1267 quae
909 1209 1013 1250 Jesu
1036 1206 1212 1252 Christi.
1230 1207 1360 1259 Quod
1381 1207 1498 1250 enim
1520 1204 1626 1250 facit
1640 1203 1772 1258 male,

380 1295 471 1324 non
492 1277 702 1338 praedicat
722 1277 777 1321 de
795 1277 1002 1321 cathedra
1024 1276 1185 1322 Christi
1212 1295 1221 1320 :
1245 1275 1348 1320 inde
1376 1276 1498 1320 laedit
1520 1274 1638 1319 unde
1660 1274 1775 1318 mala

376 1349 509 1404 facit,
540 1363 632 1392 nou
653 1347 773 1391 unde
798 1348 915 1390 hona
931 1347 1051 1390 dicit.
1077 1349 1259 1391 Botrum
1277 1361 1429 1406 carpe,
1454 1347 1619 1406 spinam
1651 1358 1769 1389 cave.

381 1422 521 1474 Bene,
542 1419 646 1478 quia
678 1416 971 1472 intellexistis,
995 1416 1072 1460 sed
1091 1425 1270 1475 propter
1291 1417 1499 1461 tardiores
1526 1415 1668 1461 dicam
1689 1415 1773 1458 hoc

380 1489 496 1533 idem
519 1488 707 1548 planius.
729 1487 962 1540 Quomodo
976 1486 1080 1542 dixi,
1099 1489 1281 1532 Botrum
1295 1502 1439 1546 carpe,
1455 1486 1623 1547 spinam
1639 1486 1773 1530 cave?

381 1576 485 1606 cum
507 1560 716 1605 Dominus
730 1557 848 1603 dicat
865 1578 875 1604 2
895 1577 916 1601 «
935 1558 1160 1619 Numquid
1178 1558 1392 1618 colligunt
1408 1557 1464 1602 de
1478 1558 1610 1618 spinis
1622 1571 1769 1611 uvam,

374 1649 405 1674 =>›
440 1640 515 1676 aut
535 1630 590 1675 de
610 1630 782 1674 tribulis
803 1630 939 1674 ficum
956 1632 988 1672 2.
1015 1647 1036 1671 )›
1063 1630 1227 1673 Verum
1247 1637 1312 1673 est
1333 1629 1536 1684 omnino,
1563 1636 1606 1672 et
1627 1636 1774 1672 tamen

379 1703 513 1748 etiam
533 1716 687 1747 verum
705 1716 787 1760 ego
808 1700 896 1744 dixi
912 1734 924 1755 ,
942 1701 1126 1744 Botrum
1144 1714 1273 1759 carpe
1288 1733 1300 1756 ,
1325 1700 1494 1759 spinam
1517 1713 1635 1744 cave.
1661 1697 1773 1751 Quia

381 1775 535 1819 botrus
557 1771 793 1832 aliquando
815 1771 871 1815 de
893 1769 1037 1815 radice
1059 1771 1157 1816 vitis
1176 1779 1374 1826 exortUS‚
1401 1770 1564 1830 pendet
1586 1770 1632 1813 in
1648 1783 1770 1827 sepe,

381 1843 534 1889 crescit
560 1842 746 1901 palmes,
770 1841 973 1885 inseritur
1001 1840 1158 1900 spinis,
1183 1849 1226 1884 et
1254 1849 1399 1899 portat
1421 1839 1618 1883 fructum
1652 1837 1776 1897 spina

381 1931 472 1961 non
493 1929 635 1958 suum.
653 1915 752 1958 Non
768 1912 885 1955 enim
909 1911 1079 1969 spinam
1107 1910 1205 1955 vitis
1228 1910 1376 1955 attulit
1392 1945 1403 1966 ,
1429 1910 1504 1955 sed
1526 1909 1659 1969 spinis
1678 1907 1775 1967 pal-

383 2002 473 2031 mes
500 1983 719 2030 incubuit.
745 1982 845 2027 Noli
866 1982 1133 2040 inter-rogare
1161 1981 1245 2025 nisi
1268 1981 1445 2026 radices.
1472 1984 1625 2034 Quaere
1656 1977 1775 2023 radi-

384 2071 479 2102 cem
509 2055 669 2115 spinae,
695 2057 813 2097 extra
836 2051 1004 2097 invenis
1026 2067 1051 2095 a
1072 2052 1159 2096 vite
1186 2070 1207 2096 :-
1226 2066 1374 2110 quaere
1404 2050 1617 2110 originem
1644 2064 1741 2100 uvae
1760 2082 1772 2105 ,

382 2129 481 2174 vitis
506 2129 619 2172 hanc
650 2123 838 2185 protulit
857 2139 908 2168 ex
934 2122 1093 2168 radice.
1119 2123 1338 2169 Cathedra
1367 2137 1470 2182 ergo
1504 2121 1646 2179 Moysi
1663 2120 1774 2165 vitis

386 2209 479 2244 erat
503 2219 512 2244 ε
539 2197 855 2243 Pharisaeorum
870 2209 1012 2239 mores
1028 2194 1165 2253 spinae
1186 2203 1326 2238 erant.
1355 2193 1561 2238 Doctrina
1577 2207 1679 2237 vera
1698 2205 1776 2250 per

387 2272 523 2316 malos
540 2306 551 2326 ,
573 2269 736 2330 palmes
753 2268 799 2312 in
820 2282 944 2326 sepe,
979 2266 1131 2311 botrus
1152 2265 1267 2310 inter
1306 2265 1465 2324 spinas.
1492 2266 1629 2310 Caute
1651 2262 1746 2321 lege
1760 2296 1772 2317 ,

386 2359 442 2388 ne
463 2344 570 2386 dum
594 2341 753 2401 quaeris
788 2339 981 2385 fructum
995 2373 1006 2394 ,
1029 2338 1188 2382 laceres
1209 2352 1393 2382 manum
1421 2353 1434 2381 .·
1453 2344 1497 2381 et
1518 2350 1619 2380 curn
1651 2332 1775 2379 audis

384 2415 500 2459 bona
530 2412 748 2457 dicentem
763 2445 774 2466 ,
796 2425 852 2454 ne
874 2409 1051 2454 imiteris
1079 2408 1194 2453 mala
1213 2408 1464 2453 facientem.
1486 2409 1594 2460 Quae
1615 2406 1771 2450 dicunt
1787 2399 1800 2466 ‘h

384 2485 538 2539 facite,
573 2483 702 2542 legite
722 2496 828 2528 uvas
861 2500 872 2528 ι
901 2496 1002 2541 quae
1037 2489 1184 2526 autem
1218 2478 1410 2535 faciunt,
1446 2476 1587 2523 facere
1619 2475 1771 2532 nolite,

433 2576 443 2593 ¹
465 2570 580 2602 Matth.
598 2578 694 2609 xx111,
715 2567 745 2599 3.
771 2579 809 2590 ...-
838 2573 851 2590 ²
874 2566 921 2598 Id.
944 2576 1002 2607 vn,
1025 2565 1075 2597 16.
