1825 3214
286 234 328 260 ιΝ
362 232 535 259 JOANNIS
569 229 874 266 ΕνΑΝοΕιιυΜ,
909 229 1054 255 ΤιιΛετ.
1092 230 1181 256 xiv.
1355 219 1427 256 127

106 301 206 344 ΧΠ.
233 301 430 358 Namque
455 306 656 357 putantes
679 294 822 340 adhuc
845 293 1067 353 discipuli,
1087 295 1188 354 quia
1213 297 1336 338 Ριίιρι
1356 295 1434 338 ali-

48 367 157 430 quid
176 369 315 429 majus
353 377 417 413 est
440 382 573 428 quam
597 366 754 420 Filius,
776 363 972 410 videntes
993 379 1167 408 cainem
1188 373 1231 408 et
1253 380 1342 409 non
1365 366 1434 410 in-

52 440 290 500 telligentes
312 439 612 493 divinitatem,
646 437 850 483 dixerunt
870 436 943 481 ei:
974 454 994 478 «
1022 436 1231 492 Domine,
1257 437 1436 482 ostende

52 530 73 553 »
107 511 233 557 nobis
251 514 440 567 Patrem,
460 519 503 555 et
524 510 685 555 sufficit
707 507 833 554 nobis
853 509 883 551 ¹.
913 525 932 549 »
962 508 1187 567 Tanquam
1203 471 1434 553 dicerent:

49 584 147 627 Jam
182 581 382 627 novimus
416 591 484 636 te,
510 590 554 625 et
581 578 880 625 benedicimus
910 587 974 633 te,
1001 578 1103 638 quia
1131 577 1330 623 novimus
1358 587 1400 623 tc
1425 594 1433 620 :

5 686 12 696 .
38 652 206 713 ‘gratias
225 652 342 697 enim
364 651 443 697 tibi
461 652 644 711 agimus,
669 649 772 710 quia
791 647 1017 694 ostendisti
1040 658 1081 694 te
1097 649 1239 705 nobis,
1266 650 1342 694 sed
1361 653 1439 694 Pa·

51 733 159 769 trem
180 723 381 769 nondum
401 723 602 768 novimus
629 742 638 768 :
663 730 893 782 propterea
915 736 990 766 cor
1010 730 1208 766 nostrum
1236 719 1375 777 ardet,
1396 730 1440 767 et

50 795 206 854 satagit
226 794 579 855 concupiscentia
611 792 801 854 quadam
829 801 977 838 sancta
1003 790 1184 837 videndi
1218 792 1354 838 Patris
1376 792 1441 838 tui

49 866 127 928 qui
157 875 201 911 te
229 867 373 911 misit:
394 867 535 927 ipsum
565 866 688 911 nobis
709 863 911 920 ostende,
937 873 980 909 et
1006 864 1117 909 nihil
1144 864 1330 924 amplius
1351 881 1374 910 a
1400 874 1439 909 te

49 935 419 982 desiderabimus:
440 936 600 981 sufficit
616 936 732 980 enim
748 936 871 980 nobis
889 936 989 980 cum
1004 934 1076 980 ille
1094 933 1226 980 fuerit
1244 936 1439 982 demons-

51 1017 190 1054 tratus
202 1042 214 1064 ,
234 1023 324 1069 quo
346 1008 485 1068 major
501 1022 592 1052 esse
608 1021 737 1052 nemo
755 1015 910 1065 potest.
928 1009 1048 1052 Bona
1070 1007 1436 1066 concupiscentia,

49 1079 218 1125 bonum
263 1077 528 1123 desiderium
559 1097 568 1123 :
599 1076 676 1122 sed
707 1092 866 1136 parvus
899 1077 1160 1122 intellectus.
1200 1076 1441 1123 Attendens

48 1149 164 1195 enim
195 1149 287 1209 ipse
318 1149 532 1194 Dominus
553 1150 704 1203 Jesus,
729 1162 883 1207 parvos
913 1162 1070 1206 magna
1099 1157 1343 1207 quaerentes
1361 1183 1371 1203 ,
1398 1157 1441 1192 et

48 1235 95 1266 se
114 1220 258 1280 ipsum
281 1234 489 1278 magnum
509 1219 623 1263 inter
650 1233 804 1278 parvos
819 1252 830 1274 ,
861 1227 904 1263 et
922 1233 1104 1278 parvum
1126 1219 1239 1264 inter
1258 1234 1411 1279 parvos
1427 1254 1437 1274 ,

30 1291 109 1336 »ait
143 1290 345 1350 Philippo
377 1290 454 1350 qui
481 1290 565 1334 hoc
595 1288 782 1344 dixerat,
807 1288 886 1333 uni
911 1304 961 1333 ex
991 1289 1237 1349 discipulis,
1262 1309 1280 1332 «
1303 1293 1440 1336 Tanto

53 1379 74 1403 »
110 1370 305 1420 tempore
327 1360 553 1406 vobiscum
574 1375 700 1414 sum,
733 1368 776 1403 et
807 1374 897 1404 non
924 1360 1185 1419 cognovistis
1213 1377 1307 1417 me,
1340 1362 1442 1406 Phi-

52 1450 73 1474 »
107 1431 259 1492 lippe?
278 1450 298 1474 »
320 1435 469 1478 Posset
490 1432 561 1477 hic
585 1430 810 1491 Philippus
838 1431 1120 1491 respondere,
1147 1434 1441 1491 Cognovimus

50 1512 92 1549 te
112 1523 122 1549 ε
140 1503 217 1549 sed
238 1503 456 1564 numquid
482 1504 670 1548 diximus
690 1503 796 1559 tibi,
822 1503 1002 1548 ostende
1019 1504 1145 1549 nobis
1161 1507 1234 1549 te?
1258 1508 1316 1550 Te
1334 1521 1440 1565 cog-

49 1574 273 1628 novimus,
303 1574 379 1619 sed
407 1578 580 1618 Patrem
609 1574 859 1634 quaerimus.
895 1573 1087 1634 Subjecit
1113 1576 1257 1620 statim
1274 1610 1285 1631 ,
1315 1595 1334 1618 «
1360 1577 1441 1631 Qui

53 1663 74 1688 »
107 1661 178 1691 me
199 1644 330 1701 vidit,
351 1644 460 1690 vidit
479 1654 523 1689 et
541 1649 727 1690 Patrem.
747 1648 764 1671 ²
781 1663 800 1686 »
824 1645 867 1689 Si
883 1660 985 1704 ergo
1007 1646 1186 1706 aequalis
1206 1647 1322 1692 Patri
1346 1648 1441 1692 mis-

50 1731 120 1762 sus
152 1726 243 1771 est,
275 1731 365 1761 non
395 1726 505 1760 eum'
525 1716 788 1760 aestimemus
817 1730 868 1760 ex
893 1715 1145 1762 infirmitate
1176 1719 1341 1774 carnis,
1366 1717 1442 1763 sed

49 1787 291 1845 cogitemus
330 1786 599 1845 majestatem
637 1784 837 1830 indutam
874 1801 1004 1830 carne
1021 1821 1032 1842 ,
1064 1803 1155 1832 non
1194 1804 1441 1848 oppressam

49 1872 193 1902 carne.
223 1860 406 1902 Manens
435 1857 550 1901 enim
583 1859 697 1900 Deus
729 1855 846 1916 apud
878 1859 1072 1913 Patrem,
1101 1858 1219 1918 apud
1244 1860 1442 1905 homines

51 1926 192 1973 factus
209 1937 275 1973 est
290 1928 424 1972 homo
439 1962 450 1983 ,
470 1936 521 1972 ut
537 1936 586 1972 tu
601 1942 678 1986 per
692 1926 817 1971 illum
833 1927 911 1987 qui
928 1928 983 1973 ad
997 1937 1039 1973 te
1054 1928 1196 1974 sactus
1212 1939 1277 1975 est
1290 1930 1438 1983 homo,

52 1998 176 2042 fieres
190 1997 289 2042 talis
305 1998 445 2059 qualis
467 1997 583 2057 capit
604 2001 759 2042 Deum.
784 2001 882 2043 Non
903 1999 1020 2044 enim
1036 2000 1167 2045 homo
1189 2010 1358 2060 poterat
1375 2017 1442 2046 ca-

53 2083 155 2128 pere
171 2071 311 2112 Deum
333 2087 342 2114 :
366 2068 515 2113 videre
531 2077 701 2128 poterat
717 2068 849 2113 homo
867 2069 1114 2127 hominem,
1134 2087 1288 2131 capere
1303 2075 1443 2117 Deum

54 2154 143 2187 non
163 2148 351 2199 poterat.
378 2138 503 2184 Unde
525 2155 615 2184 non
637 2149 808 2199 poterat
835 2156 990 2201 capere
1015 2145 1182 2187 Deum?
1203 2144 1313 2197 Quia
1334 2159 1442 2189 ocu-

54 2209 144 2256 lum
171 2210 313 2256 cordis
335 2211 452 2256 unde
469 2220 670 2270 caperet,
690 2227 781 2257 non
799 2212 1004 2258 habebat.
1026 2216 1132 2259 Erat
1152 2231 1256 2275 ergo
1279 2214 1443 2275 aliquid

49 2281 171 2342 *intus
204 2281 422 2337 saucium,
453 2290 497 2326 et
530 2281 696 2342 aliquid
725 2283 829 2328 foris
861 2299 1045 2330 sanum:
1071 2287 1263 2346 corporis
1294 2286 1444 2332 oeulos

57 2351 246 2396 habebat
266 2367 416 2407 sanOS,
446 2351 586 2396 cordis
608 2352 756 2397 oculos
784 2353 975 2400 habebat
995 2357 1176 2402 saucios.
1203 2361 1236 2403 F
1240 2368 1359 2404 actus
1381 2366 1445 2402 est

56 2420 128 2466 ille
150 2422 281 2466 homo
300 2421 355 2466 ad
377 2423 569 2482 corporis
592 2414 769 2468 oculum
789 2443 798 2468 ε
819 2434 870 2469 ut
885 2426 1065 2471 credens
1087 2428 1131 2473 in
1155 2444 1254 2473 eum
1282 2431 1357 2491 qui
1379 2429 1443 2473 vi-

64 2492 157 2537 deri
189 2491 472 2552 corporaliter
504 2495 672 2554 potuit,
704 2494 911 2541 'curareris
933 2497 987 2543 ad
1008 2514 1108 2544 eum
1131 2501 1271 2560 ipsum
1293 2500 1445 2544 viden-

106 2582 114 2599 ¹
135 2578 231 2611 Joan.
254 2588 321 2619 nv,
340 2579 372 2612 8.
395 2595 434 2601 —
455 2577 568 2611 ¹1bid.
589 2590 622 2621 9.
