1809 3173
344 164 426 204 496
781 173 815 201 S·
851 173 1079 203 AUGUSTINI
1112 177 1291 204 EPISCOPI

345 260 365 283 »
400 250 444 284 et
481 240 635 284 latr01.
670 257 690 280 »
729 241 937 285 Dixerunt
969 242 1083 285 enim
1121 258 1164 286 se
1195 257 1330 286 caecos
1363 256 1453 285 non
1484 256 1573 285 esse
1605 260 1614 286 z
1649 243 1716 285 vi-

341 311 444 354 dere
466 319 608 354 autem
642 319 748 354 tunc
771 321 969 369 possent,
1001 313 1033 355 si
1065 327 1164 355 oves
1207 311 1366 357 Christi
1408 321 1560 355 essent.
1594 310 1717 354 Unde

341 381 422 425 sibi
446 380 715 440 usurpabant
735 380 885 437 lumen
907 382 982 441 qui
1004 382 1210 424 furebant
1232 391 1381 426 contra
1418 380 1563 425 diem?
1584 384 1720 439 Prop-

341 459 407 494 ter
449 449 624 495 illorum
665 466 767 510 ergo
807 467 961 495 vanam
1006 460 1049 494 et
1091 451 1321 510 superbam
1357 461 1399 495 et
1436 450 1719 494 insanabilem

341 522 631 580 arrogantiam
648 522 856 566 Dominus
878 524 998 564 Jesus
1021 521 1097 564 ista
1113 522 1334 565 contexuit
1368 536 1376 561 :
1402 521 1447 563 in
1469 521 1625 581 quibus
1651 537 1718 564 sa-

340 592 521 637 lubriter
542 607 640 647 nos,
666 593 699 636 si
726 592 997 635 advertamus
1015 628 1025 646 ,
1052 591 1290 635 admonuit.
1312 591 1438 635 Multi
1458 590 1574 635 enim
1591 601 1692 635 sunt
1706 626 1717 646 ,

340 664 417 722 qui
432 662 670 708 secundum
686 662 921 721 quamdam
935 663 1034 706 vitae
1046 663 1174 721 hujus
1192 661 1552 706 consuetudinem
1572 660 1722 705 dicun-

342 742 414 778 tur
436 734 540 777 boni
557 732 770 787 homines⁷
798 732 903 775 boni
923 732 1019 786 viri,
1048 734 1173 776 honae
1191 731 1383 775 foeminae
1400 766 1410 784 ,
1442 732 1718 785 innocentes,

341 813 385 847 et
406 803 528 863 quasi
546 802 822 847 observantes
838 817 884 845 ea
900 818 997 861 quae
1020 803 1064 845 in
1084 806 1195 860 Lege
1210 810 1424 861 praecepta
1448 811 1572 853 sunt,
1599 800 1722 845 defe-

340 883 483 918 rentes
514 874 724 917 honorem
758 872 1010 932 parentibus
1035 873 1141 926 suis,
1183 888 1271 916 non
1304 873 1594 924 moechantes,
1634 888 1723 916 non

340 943 626 987 homicidium
645 952 940 1002 perpetrantes
959 978 968 996 ,
991 959 1077 986 non
1094 943 1259 986 turtum
1279 941 1486 986 facientes
1500 977 1510 996 ‚
1532 958 1620 986 non
1638 941 1723 986 fal-

343 1029 438 1058 sum
481 1013 777 1058 testimonium
814 1013 1016 1057 adversus
1051 1028 1317 1072 quemquam
1352 1013 1648 1071 perliibe11teS‚
1682 1022 1725 1057 et

340 1093 496 1128 caetera
512 1099 610 1144 quae
634 1086 747 1141 Lege
775 1082 978 1126 mandata
1001 1092 1102 1126 sunt
1129 1083 1248 1127 velut
1276 1082 1550 1127 observantes
1582 1083 1726 1127 Chris-

341 1154 448 1198 tiani
475 1170 564 1198 non
587 1163 718 1198 sunt:
754 1162 797 1196 et
818 1153 1076 1213 plerumque
1109 1168 1152 1196 se
1174 1154 1342 1212 jactant
1375 1154 1597 1211 quomodo
1627 1154 1720 1204 isti,

343 1243 365 1267 «
398 1223 623 1284 Numquid
646 1232 689 1266 et
710 1238 788 1267 nos
818 1224 920 1267 caeci
952 1226 1129 1267 sumus?
1150 1242 1169 1264 »
1196 1224 1306 1276 Quia
1337 1239 1439 1267 vero
1466 1224 1545 1267 ista
1581 1224 1724 1268 omnia

339 1311 439 1354 quae
469 1295 633 1339 faciunt
651 1329 661 1349 ‚
685 1304 728 1337 et
749 1295 948 1338 nesciunt
971 1296 1025 1337 ad
1048 1310 1177 1353 quem
1216 1295 1347 1337 finem
1377 1294 1565 1338 referant
1583 1329 1593 1348 ‚
1630 1295 1724 1338 ina-

297 1393 303 1398 «
339 1366 450 1408 niter
480 1364 667 1419 faciunt,
704 1364 912 1407 Dominus
940 1363 994 1406 de
1031 1380 1159 1422 grege
1190 1380 1294 1418 suo,
1331 1373 1372 1407 et
1405 1364 1458 1408 de
1495 1365 1603 1409 ostio
1636 1381 1723 1424 quo

339 1437 525 1480 intratur
553 1435 607 1479 ad
640 1435 777 1489 ovile⁷
813 1434 1140 1478 similitudinem
1171 1436 1395 1494 proposuit
1429 1436 1474 1479 in
1512 1435 1723 1480 hodierna

338 1506 537 1550 lectione.
553 1506 709 1549 Dicant
733 1520 835 1563 ergo
859 1505 1034 1562 Pagani,
1051 1507 1165 1548 Bene
1181 1506 1377 1550 vivimus.
1407 1506 1447 1550 Si
1466 1521 1542 1564 per
1565 1508 1721 1550 ostium

338 1591 429 1620 non
455 1577 646 1629 intrant,
672 1574 778 1634 quid
801 1574 978 1633 prodest
1007 1574 1065 1617 eis
1096 1574 1213 1618 unde
1246 1574 1519 1633 gloriantur?
1549 1575 1616 1619 Ad
1640 1577 1723 1620 hoc

339 1648 455 1690 enim
482 1645 613 1689 debet
630 1644 868 1703 unicuique
889 1644 1090 1702 prodesse
1110 1645 1221 1688 bene
1242 1645 1386 1688 vivere
1406 1680 1415 1699 ‚
1439 1654 1488 1688 ut
1510 1644 1637 1689 detur
1659 1645 1722 1689 illi

339 1731 508 1775 semper
525 1716 667 1759 vivere
699 1734 708 1759 ;
733 1730 834 1757 nam
868 1715 937 1758 cui
960 1729 1047 1758 non
1071 1713 1199 1757 datur
1220 1729 1389 1772 semper
1414 1715 1581 1770 vivere,
1615 1715 1722 1774 quid

339 1786 514 1844 prodest
535 1787 646 1829 bene
664 1786 842 1829 vivere?
865 1784 971 1837 Quia
1000 1799 1080 1827 nec
1105 1785 1211 1828 bene
1227 1785 1372 1829 vivere
1394 1784 1567 1829 dicendi
1589 1795 1690 1829 sunt
1707 1821 1717 1840 ‚

338 1856 415 1916 qui
435 1856 567 1899 finem
604 1855 717 1898 bene
752 1854 925 1898 vivendi
944 1854 1013 1898 vel
1036 1855 1227 1898 caecitate
1249 1856 1469 1910 nesciunt,
1494 1856 1562 1899 vel
1592 1856 1720 1900 infla-

341 1927 458 1970 tione
482 1933 784 1970 contemnunt.
810 1926 907 1967 Non
940 1932 1003 1966 est
1036 1933 1177 1966 autem
1206 1925 1407 1983 cuiquam
1431 1941 1525 1984 spes
1558 1941 1655 1968 vera
1680 1936 1722 1969 et

341 2005 457 2040 certa
475 2009 643 2054 semper
664 1992 838 2039 vivendi
856 2028 866 2047 ‚
884 1993 965 2036 nisi
987 2002 1191 2050 agnoscat
1207 1993 1338 2037 vitam
1359 1994 1479 2053 quod
1496 2004 1559 2038 est
1576 1996 1721 2039 Chris-

341 2076 410 2110 tus
431 2087 442 2123 ς
462 2074 505 2109 et
524 2080 600 2124 per
612 2065 792 2123 januam
814 2063 947 2105 intret
969 2062 1013 2104 in
1036 2061 1162 2105 ovile.

402 2139 482 2179 III.
510 2138 724 2188 Quaerunt
746 2147 846 2190 ergo
868 2132 1125 2191 plerumque
1145 2130 1248 2175 tales
1262 2132 1455 2176 homines
1474 2133 1600 2177 etiam
1625 2149 1722 2193 per-

343 2206 524 2252 suadere
545 2205 795 2249 hominibus
813 2212 862 2246 ut
884 2203 994 2245 bene
1016 2202 1184 2256 vivant,
1205 2211 1248 2246 et
1265 2203 1494 2247 Christiani
1511 2220 1599 2247 non
1617 2205 1716 2248 sint.

343 2280 424 2321 Per
445 2275 571 2320 aliam
601 2284 765 2334 partem
791 2272 944 2317 volunt
967 2271 1217 2325 ascen-dere,
1255 2288 1403 2331 rapere
1426 2283 1468 2316 et
1495 2274 1719 2330 occidere3

344 2362 434 2390 non
460 2355 510 2389 ut
541 2354 709 2404 pastor,
747 2357 999 2388 conservare
1031 2352 1161 2401 atque
1193 2341 1370 2386 salvare.
1399 2346 1595 2387 Fuerunt
1619 2359 1721 2403 ergo

344 2417 523 2477 quidam
540 2414 817 2474 philosophi,
842 2413 896 2456 de
921 2412 1155 2457 virtutibus
1174 2421 1217 2456 et
1243 2412 1356 2456 vitiis
1389 2413 1562 2458 subtilia
1584 2414 1720 2459 multa

393 2510 401 2526 ¹
420 2505 509 2536 Joan.
526 2511 560 2544 x,
589 2512 619 2535 1.
