1825 3214
269 219 313 246 m
346 215 520 246 JOANMs
552 214 863 254 ammomum,
898 217 1043 245 τηατ.
1081 218 1194 244 xcvi.
1340 207 1421 244 515

37 298 186 334 cavete
221 289 368 348 spinas
390 291 420 332 ¹.
448 288 591 332 Etiam
622 299 699 344 per
734 286 1021 332 mercenarios
1058 302 1208 332 vocem
1248 287 1428 346 pastoris

37 359 205 416 audite,
231 360 310 405 sed
326 359 462 404 nolite
483 373 574 402 esse
595 357 871 413 mercenarii,
892 372 992 402 cum
1009 358 1097 404 sitis
1115 359 1310 402 membra
1336 373 1426 417 pas·

38 432 157 477 toris.
195 434 293 491 lpse
327 439 472 477 autem
499 428 658 474 Paulus
690 437 863 473 sanctus
901 429 1145 488 apostolus,
1175 430 1252 490 qui
1283 429 1424 474 dixit:

43 521 64 545 «
99 503 327 550 Neminem
365 502 508 547 habeo
529 502 607 562 qui
634 515 837 559 germane
859 499 914 544 de
949 500 1072 546 vobis
1105 500 1313 547 sollicitus
1335 501 1422 555 sit,

43 591 63 615 »
100 589 251 619 omnes
277 574 394 619 enim
421 589 495 618 sua
517 582 748 633 quaerunt,
787 586 876 617 non
897 588 998 633 quae
1030 575 1133 616 Jesu
1154 573 1338 617 Christi2
1364 590 1373 617 :
1402 589 1423 613 »

38 643 124 689 alio
162 645 260 690 loco
292 645 406 689 inter
427 644 714 688 mercenarios
747 643 945 704 filiosque
966 643 1259 702 distinguens,
1282 641 1428 687 videte

39 715 148 776 quid
180 715 353 761 dixerit.
384 735 404 758 «
438 713 622 769 Quidam
655 730 733 775 per
758 715 968 760 invidiam
998 724 1042 759 et
1075 714 1430 770 contentionem,

41 804 62 828 »
97 787 278 848 quidam
295 802 399 833 vero
425 796 468 832 et
487 802 565 847 per
585 787 749 832 bonam
769 787 1043 832 voluntatem
1071 787 1295 832 Christum
1316 800 1430 844 prae-

43 875 65 899 »
98 857 247 902 dicant
282 877 293 904 z
321 858 503 918 quidam
529 873 581 902 ex
602 858 834 914 charitate,
860 859 1042 904 scientes
1068 858 1172 917 quia
1196 858 1242 901 in
1273 854 1431 900 defen-

40 947 61 971 »
97 929 262 974 sionem
304 928 525 988 Evangelii
561 930 726 989 positus
758 944 882 988 sum,
925 929 1104 990 quidam
1144 944 1247 974 vero
1282 936 1326 972 et
1356 941 1434 986 per

43 1018 64 1041 »
98 1002 419 1046 contumaciam
440 1001 664 1046 Christum
687 1002 977 1057 annuntiant,
1004 1016 1093 1046 non
1117 1010 1232 1045 caste
1248 1035 1260 1055 ,
1285 997 1432 1043 existi-

42 1090 62 1113 »
98 1081 266 1117 mantes
299 1072 628 1117 tribulationem
661 1073 857 1118 suscitari
885 1072 1069 1117 vinculis
1098 1072 1250 1116 meis³.
1289 1088 1310 1112 »
1348 1069 1426 1114 Isti

45 1143 299 1188 mercenarii
315 1152 460 1199 erant,
486 1143 622 1188 Paulo
640 1143 835 1204 apostolo
862 1143 1132 1188 invidebant.
1159 1147 1300 1195 Quare
1321 1139 1436 1184 invi-

45 1211 234 1269 debant,
259 1214 340 1258 nisi
364 1214 466 1274 quia
489 1214 744 1274 temporalia
770 1214 1080 1274 requirebant?
1105 1213 1191 1258 Sed
1217 1211 1326 1272 quid
1355 1209 1434 1256 ad-

32 1284 216 1344 jungat,
252 1283 464 1331 attendite
490 1303 499 1329 :
530 1285 684 1338 «Quid
704 1286 845 1341 enim,
870 1284 978 1328 dum
1000 1284 1120 1328 omni
1152 1283 1310 1338 modo,
1345 1282 1435 1326 sive

45 1371 65 1395 »
100 1355 349 1411 occasione,
384 1355 474 1399 sive
494 1355 677 1400 veritate
706 1355 906 1401 Christus
926 1355 1242 1399 annuntietur?
1266 1371 1288 1396 υ
1314 1355 1371 1397 Et
1391 1352 1438 1396 in

43 1425 126 1470 hoc
148 1427 317 1484 gaudeo
332 1461 344 1481 ,
365 1426 441 1471 sed
462 1435 505 1470 et
523 1426 740 1485 gaudebo.
762 1427 927 1471 Veritas
941 1435 1006 1472 est
1027 1425 1226 1472 Christus
1247 1444 1256 1470 ε
1277 1423 1436 1469 veritas

41 1510 65 1539 a
89 1497 365 1541 mercenariis
388 1497 614 1542 occasione
649 1498 957 1553 annuntietur,
981 1497 1139 1541 veritas
1162 1511 1186 1540 a
1202 1495 1300 1539 filiis
1321 1493 1437 1540 veri-

42 1575 129 1611 tate
156 1568 442 1612 annuntietur
469 1587 478 1612 :
513 1567 591 1611 filii
615 1576 823 1614 aeternam
857 1567 1159 1612 haereditatem
1181 1567 1319 1611 Patris
1350 1579 1432 1625 pa·-

42 1637 200 1683 tienter
217 1647 473 1698 expectant,
495 1640 749 1684 mercenarii
763 1639 1049 1699 temporalem
1065 1637 1311 1683 mercedem
1329 1652 1437 1681 con-

42 1707 242 1754 ducentis
277 1710 534 1755 festinanter
561 1718 770 1771 exoptant
796 1729 806 1756 z
830 1710 939 1754 mihi
960 1710 1151 1754 humana
1174 1708 1331 1767 gloria,
1363 1707 1435 1753 cui

41 1781 327 1825 mercenarios
358 1779 554 1824 invidere
579 1780 729 1836 video,
752 1781 999 1838 minuatur,
1015 1789 1060 1824 et
1081 1789 1226 1824 tamen
1246 1794 1324 1838 per
1344 1777 1433 1821 lin-

45 1864 150 1908 guas
172 1859 216 1894 et
247 1850 616 1895 mercenariorum
644 1859 688 1894 et
708 1849 901 1895 filiorum
935 1849 1083 1894 divina
1104 1848 1263 1894 Christi
1297 1847 1434 1907 gloria

41 1918 317 1976 diffametur,
356 1935 460 1966 cum
489 1922 578 1967 sive
614 1922 857 1977 occasione,
892 1921 981 1966 sive
1018 1920 1201 1966 veritate
1234 1919 1434 1966 Christus

43 1990 352 2035 annuntietur.
1244 2017 1283 2043 ο

102 2061 204 2105 VII.
220 2060 423 2104 Vidimus
440 2060 518 2120 qui
534 2060 732 2105 sit'etiam
747 2059 1054 2105 mercenarius,
1073 2057 1194 2111 Quid
1207 2066 1271 2102 est
1281 2057 1430 2116 lupuS,

43 2129 125 2174 nisi
146 2129 454 2175 diabolusP-Et
474 2130 582 2190 quid
603 2130 770 2176 dictum
788 2139 850 2175 est
871 2130 928 2175 de
943 2129 1243 2176 mercenario?
1267 2147 1290 2171 «
1316 2129 1432 2173 Cum

47 2217 70 2241 »
102 2199 263 2245 viderit
295 2199 451 2259 lupum
476 2200 752 2256 venientem,
787 2200 901 2260 fugit
931 2219 941 2245 ι
966 2199 1070 2260 quia
1089 2214 1181 2244 non
1201 2207 1305 2243 sunt
1341 2198 1434 2257 ejus

47 2287 69 2311 »
103 2284 204 2316 oves
225 2270 414 2330 propriae
430 2305 442 2326 ,
471 2285 552 2315 nec
573 2271 613 2315 ei
643 2286 747 2316 cura
769 2280 835 2316 est
853 2270 908 2315 de
932 2270 1085 2316 ovibus
1099 2269 1132 2313 ⁴·.
1159 2287 1181 2311 η
1205 2266 1433 2327 Numquid

45 2340 141 2386 talis
167 2350 259 2386 erat
281 2341 501 2401 apostolus
524 2341 713 2394 Paulus?
735 2342 860 2387 absit.
886 2340 1111 2401 Numquid
1131 2340 1226 2385 talis
1248 2338 1433 2384 Petrus?

46 2411 175 2457 absit.
201 2412 427 2473 Numquid
451 2412 547 2458 talis
579 2414 723 2459 caeteri
748 2413 961 2473 Apostoli,
985 2421 1165 2472 excepto
1182 2413 1207 2454 J
1213 2409 1297 2454 uda
1330 2408 1426 2453 filio

96 2513 107 2531 ¹
121 2507 241 2541 Matth.
256 2518 350 2550 xxm,
374 2509 404 2542 3.
421 2526 462 2532 —
483 2517 496 2532 ²
521 2511 634 2553 Philip.
652 2522 689 2552 u,
707 2519 762 2549 πο,
785 2519 840 2542 21.
863 2525 904 2534 ....
920 2508 934 2533 ³
954 2509 1032 2541 Psal.
1052 2520 1075 2549 1,
1095 2509 1147 2546 15,
1166 2511 1229 2539 etc.
1246 2521 1288 2529 ——
1305 2504 1321 2535 4
1335 2507 1427 2537 Joan.

47 2571 81 2604 x,
106 2571 156 2596 ια.

1199 2614 1263 2653 33.
