<?xml version="1.0" encoding="UTF-8"?>
<!DOCTYPE html PUBLIC "-//W3C//DTD XHTML 1.0 Transitional//EN"
    "http://www.w3.org/TR/xhtml1/DTD/xhtml1-transitional.dtd">
<html xmlns="http://www.w3.org/1999/xhtml" xml:lang="en" lang="en">
 <head>
  <title>
</title>
<meta http-equiv="Content-Type" content="text/html;charset=utf-8" />
  <meta name='ocr-system' content='tesseract 3.04.00' />
  <meta name='ocr-capabilities' content='ocr_page ocr_carea ocr_par ocr_line ocrx_word'/>
</head>
<body>
  <div class='ocr_page' id='page_1' title='image "./operaomniaaccura15auguuoft_0498.png"; bbox 0 0 1809 3173; ppageno 0'>
   <div class='ocr_carea' id='block_1_1' title="bbox 368 191 1319 231">
    <p class='ocr_par' dir='ltr' id='par_1_1' title="bbox 368 191 1319 231">
     <span class='ocr_line' id='line_1_1' title="bbox 368 191 1319 231; baseline -0.003 -1"><span class='ocrx_word' id='word_1_1' title='bbox 368 191 452 231; x_wconf 79' lang='lat'><strong>486</strong></span> <span class='ocrx_word' id='word_1_2' title='bbox 807 199 841 229; x_wconf 88' lang='lat' dir='ltr'><strong>s.</strong></span> <span class='ocrx_word' id='word_1_3' title='bbox 878 200 1106 230; x_wconf 73' lang='lat' dir='ltr'><strong>Ancus‘nm</strong></span> <span class='ocrx_word' id='word_1_4' title='bbox 1139 202 1319 229; x_wconf 75' lang='lat' dir='ltr'><strong>EPISCOPI</strong></span> 
     </span>
    </p>
   </div>
   <div class='ocr_carea' id='block_1_2' title="bbox 310 263 1744 2565">
    <p class='ocr_par' dir='ltr' id='par_1_2' title="bbox 310 263 1744 2216">
     <span class='ocr_line' id='line_1_2' title="bbox 365 263 1738 326; baseline -0.001 -15"><span class='ocrx_word' id='word_1_5' title='bbox 365 280 665 326; x_wconf 85' lang='lat' dir='ltr'><strong>percurramus</strong></span> <span class='ocrx_word' id='word_1_6' title='bbox 698 267 841 325; x_wconf 86' lang='lat' dir='ltr'><strong>potius</strong></span> <span class='ocrx_word' id='word_1_7' title='bbox 875 282 1004 325; x_wconf 83' lang='lat' dir='ltr'><strong>quam</strong></span> <span class='ocrx_word' id='word_1_8' title='bbox 1029 276 1275 311; x_wconf 82' lang='lat' dir='ltr'><strong>tractemus.</strong></span> <span class='ocrx_word' id='word_1_9' title='bbox 1306 285 1324 308; x_wconf 86' lang='lat'>«</span> <span class='ocrx_word' id='word_1_10' title='bbox 1352 266 1506 309; x_wconf 88' lang='lat' dir='ltr'><strong>Exiens</strong></span> <span class='ocrx_word' id='word_1_11' title='bbox 1523 263 1633 310; x_wconf 89' lang='lat' dir='ltr'><strong>vidit</strong></span> <span class='ocrx_word' id='word_1_12' title='bbox 1654 266 1738 310; x_wconf 86' lang='lat' dir='ltr'><strong>ho·-</strong></span> 
     </span>
     <span class='ocr_line' id='line_1_3' title="bbox 365 337 1739 396; baseline -0.001 -16"><span class='ocrx_word' id='word_1_13' title='bbox 365 357 385 379; x_wconf 88' lang='lat'>»</span> <span class='ocrx_word' id='word_1_14' title='bbox 421 338 582 381; x_wconf 81' lang='lat' dir='ltr'>minem</span> <span class='ocrx_word' id='word_1_15' title='bbox 606 352 768 381; x_wconf 72' lang='lat' dir='ltr'><strong>caecum</strong></span> <span class='ocrx_word' id='word_1_16' title='bbox 796 356 804 382; x_wconf 73' lang='grc' dir='ltr'>ε</span> <span class='ocrx_word' id='word_1_17' title='bbox 825 355 843 378; x_wconf 84' lang='lat'>»</span> <span class='ocrx_word' id='word_1_18' title='bbox 871 353 959 381; x_wconf 92' lang='lat' dir='ltr'><strong>non</strong></span> <span class='ocrx_word' id='word_1_19' title='bbox 982 347 1220 396; x_wconf 88' lang='lat' dir='ltr'><strong>utcumque</strong></span> <span class='ocrx_word' id='word_1_20' title='bbox 1237 352 1422 390; x_wconf 70' lang='lat' dir='ltr'><strong>caecum,</strong></span> <span class='ocrx_word' id='word_1_21' title='bbox 1447 337 1523 380; x_wconf 88' lang='lat' dir='ltr'><strong>sed</strong></span> <span class='ocrx_word' id='word_1_22' title='bbox 1544 356 1562 377; x_wconf 94' lang='lat'>«</span> <span class='ocrx_word' id='word_1_23' title='bbox 1581 352 1604 380; x_wconf 87' lang='lat' dir='ltr'><strong>a</strong></span> <span class='ocrx_word' id='word_1_24' title='bbox 1627 337 1739 381; x_wconf 78' lang='lat' dir='ltr'><strong>nati-</strong></span> 
     </span>
     <span class='ocr_line' id='line_1_4' title="bbox 365 406 1741 465; baseline -0.001 -16"><span class='ocrx_word' id='word_1_25' title='bbox 365 426 385 449; x_wconf 90' lang='lat'>»</span> <span class='ocrx_word' id='word_1_26' title='bbox 419 408 567 452; x_wconf 86' lang='lat' dir='ltr'><strong>vitate.</strong></span> <span class='ocrx_word' id='word_1_27' title='bbox 585 410 641 450; x_wconf 89' lang='lat' dir='ltr'><strong>Et</strong></span> <span class='ocrx_word' id='word_1_28' title='bbox 661 407 1038 465; x_wconf 84' lang='lat' dir='ltr'><strong>interrogaverunt</strong></span> <span class='ocrx_word' id='word_1_29' title='bbox 1057 422 1156 450; x_wconf 89' lang='lat' dir='ltr'><strong>eum</strong></span> <span class='ocrx_word' id='word_1_30' title='bbox 1179 406 1378 462; x_wconf 83' lang='lat' dir='ltr'><strong>discipuli</strong></span> <span class='ocrx_word' id='word_1_31' title='bbox 1394 407 1500 465; x_wconf 84' lang='lat' dir='ltr'><strong>ejus,</strong></span> <span class='ocrx_word' id='word_1_32' title='bbox 1519 406 1700 450; x_wconf 80' lang='lat' dir='ltr'><strong>Rabbi1.</strong></span> <span class='ocrx_word' id='word_1_33' title='bbox 1717 422 1741 447; x_wconf 44' lang='lat'><strong>»⁷</strong></span> 
     </span>
     <span class='ocr_line' id='line_1_5' title="bbox 365 476 1740 537; baseline -0.002 -13"><span class='ocrx_word' id='word_1_34' title='bbox 365 478 532 524; x_wconf 86' lang='lat' dir='ltr'><strong>Scitis«</strong></span> <span class='ocrx_word' id='word_1_35' title='bbox 567 477 760 532; x_wconf 68' lang='lat' dir='ltr'><strong>Rabbi»</strong></span> <span class='ocrx_word' id='word_1_36' title='bbox 786 478 888 537; x_wconf 88' lang='lat' dir='ltr'><strong>quia</strong></span> <span class='ocrx_word' id='word_1_37' title='bbox 920 477 1121 535; x_wconf 78' lang='lat' dir='ltr'><strong>magister</strong></span> <span class='ocrx_word' id='word_1_38' title='bbox 1155 486 1233 520; x_wconf 87' lang='lat' dir='ltr'><strong>est.</strong></span> <span class='ocrx_word' id='word_1_39' title='bbox 1258 477 1512 534; x_wconf 79' lang='lat' dir='ltr'><strong>Magistrum</strong></span> <span class='ocrx_word' id='word_1_40' title='bbox 1548 476 1740 536; x_wconf 83' lang='lat' dir='ltr'><strong>appella-</strong></span> 
     </span>
     <span class='ocr_line' id='line_1_6' title="bbox 359 546 1741 608; baseline 0 -16"><span class='ocrx_word' id='word_1_41' title='bbox 359 549 487 603; x_wconf 84' lang='lat' dir='ltr'><strong>bant,</strong></span> <span class='ocrx_word' id='word_1_42' title='bbox 513 548 613 608; x_wconf 86' lang='lat' dir='ltr'><strong>quia</strong></span> <span class='ocrx_word' id='word_1_43' title='bbox 633 547 794 591; x_wconf 83' lang='lat' dir='ltr'><strong>discere</strong></span> <span class='ocrx_word' id='word_1_44' title='bbox 813 546 1116 590; x_wconf 80' lang='lat' dir='ltr'><strong>desiderabant</strong></span> <span class='ocrx_word' id='word_1_45' title='bbox 1141 565 1150 591; x_wconf 88' lang='lat'>:</span> <span class='ocrx_word' id='word_1_46' title='bbox 1171 547 1453 606; x_wconf 78' lang='lat' dir='ltr'><strong>quaestionem</strong></span> <span class='ocrx_word' id='word_1_47' title='bbox 1477 548 1638 606; x_wconf 79' lang='lat' dir='ltr'><strong>quippe</strong></span> <span class='ocrx_word' id='word_1_48' title='bbox 1655 551 1741 592; x_wconf 89' lang='lat' dir='ltr'><strong>Do-</strong></span> 
     </span>
     <span class='ocr_line' id='line_1_7' title="bbox 359 617 1737 677; baseline -0.001 -15"><span class='ocrx_word' id='word_1_49' title='bbox 359 620 478 663; x_wconf 88' lang='lat' dir='ltr'><strong>mino</strong></span> <span class='ocrx_word' id='word_1_50' title='bbox 499 626 819 677; x_wconf 82' lang='lat' dir='ltr'><strong>proposuerunt</strong></span> <span class='ocrx_word' id='word_1_51' title='bbox 848 625 1057 675; x_wconf 81' lang='lat' dir='ltr'>tanquam</span> <span class='ocrx_word' id='word_1_52' title='bbox 1080 617 1312 675; x_wconf 82' lang='lat' dir='ltr'><strong>magistro,</strong></span> <span class='ocrx_word' id='word_1_53' title='bbox 1343 617 1483 669; x_wconf 86' lang='lat' dir='ltr'><strong>«Quis</strong></span> <span class='ocrx_word' id='word_1_54' title='bbox 1516 618 1737 675; x_wconf 86' lang='lat' dir='ltr'><strong>peccavit,</strong></span> 
     </span>
     <span class='ocr_line' id='line_1_8' title="bbox 360 687 1741 746; baseline 0 -14"><span class='ocrx_word' id='word_1_55' title='bbox 360 707 380 731; x_wconf 79' lang='lat'>»</span> <span class='ocrx_word' id='word_1_56' title='bbox 416 689 509 743; x_wconf 89' lang='lat' dir='ltr'><strong>hic,</strong></span> <span class='ocrx_word' id='word_1_57' title='bbox 536 704 589 731; x_wconf 89' lang='lat' dir='ltr'><strong>an</strong></span> <span class='ocrx_word' id='word_1_58' title='bbox 611 695 810 745; x_wconf 84' lang='lat' dir='ltr'><strong>parentes</strong></span> <span class='ocrx_word' id='word_1_59' title='bbox 830 687 945 746; x_wconf 77' lang='lat' dir='ltr'><strong>eju8‚</strong></span> <span class='ocrx_word' id='word_1_60' title='bbox 967 696 1017 731; x_wconf 87' lang='lat' dir='ltr'><strong>ut</strong></span> <span class='ocrx_word' id='word_1_61' title='bbox 1034 702 1173 731; x_wconf 85' lang='lat' dir='ltr'><strong>caecus</strong></span> <span class='ocrx_word' id='word_1_62' title='bbox 1200 689 1479 731; x_wconf 78' lang='lat' dir='ltr'><strong>nasceretur?</strong></span> <span class='ocrx_word' id='word_1_63' title='bbox 1500 688 1741 746; x_wconf 80' lang='lat' dir='ltr'><strong>Respondit</strong></span> 
     </span>
     <span class='ocr_line' id='line_1_9' title="bbox 357 756 1740 816; baseline 0.002 -16"><span class='ocrx_word' id='word_1_64' title='bbox 357 777 377 800; x_wconf 92' lang='lat'>»</span> <span class='ocrx_word' id='word_1_65' title='bbox 412 761 560 812; x_wconf 87' lang='lat' dir='ltr'><strong>Jesus‚</strong></span> <span class='ocrx_word' id='word_1_66' title='bbox 586 760 736 816; x_wconf 85' lang='lat' dir='ltr'><strong>Neque</strong></span> <span class='ocrx_word' id='word_1_67' title='bbox 758 756 826 799; x_wconf 90' lang='lat' dir='ltr'><strong>hic</strong></span> <span class='ocrx_word' id='word_1_68' title='bbox 848 758 1067 815; x_wconf 84' lang='lat' dir='ltr'><strong>peccavit,</strong></span> <span class='ocrx_word' id='word_1_69' title='bbox 1092 772 1236 816; x_wconf 86' lang='lat' dir='ltr'><strong>neque</strong></span> <span class='ocrx_word' id='word_1_70' title='bbox 1257 766 1456 815; x_wconf 83' lang='lat' dir='ltr'><strong>parentes</strong></span> <span class='ocrx_word' id='word_1_71' title='bbox 1479 758 1568 816; x_wconf 86' lang='lat' dir='ltr'><strong>ejus</strong></span> <span class='ocrx_word' id='word_1_72' title='bbox 1583 761 1622 811; x_wconf 69' lang='lat'><strong>2,</strong></span> <span class='ocrx_word' id='word_1_73' title='bbox 1648 776 1668 798; x_wconf 83' lang='lat'>»</span> <span class='ocrx_word' id='word_1_74' title='bbox 1690 766 1740 802; x_wconf 88' lang='lat' dir='ltr'><strong>ut</strong></span> 
     </span>
     <span class='ocr_line' id='line_1_10' title="bbox 356 826 1740 886; baseline -0.001 -14"><span class='ocrx_word' id='word_1_75' title='bbox 356 843 495 873; x_wconf 82' lang='lat' dir='ltr'><strong>caecus</strong></span> <span class='ocrx_word' id='word_1_76' title='bbox 526 836 788 872; x_wconf 87' lang='lat' dir='ltr'><strong>nasceretur.</strong></span> <span class='ocrx_word' id='word_1_77' title='bbox 814 826 926 879; x_wconf 83' lang='lat' dir='ltr'><strong>Quid</strong></span> <span class='ocrx_word' id='word_1_78' title='bbox 962 836 1025 870; x_wconf 88' lang='lat' dir='ltr'><strong>est</strong></span> <span class='ocrx_word' id='word_1_79' title='bbox 1059 826 1179 886; x_wconf 89' lang='lat' dir='ltr'><strong>quod</strong></span> <span class='ocrx_word' id='word_1_80' title='bbox 1201 827 1336 871; x_wconf 76' lang='lat' dir='ltr'><strong>dixit?</strong></span> <span class='ocrx_word' id='word_1_81' title='bbox 1374 827 1415 871; x_wconf 90' lang='lat' dir='ltr'><strong>Si</strong></span> <span class='ocrx_word' id='word_1_82' title='bbox 1439 826 1585 870; x_wconf 85' lang='lat' dir='ltr'><strong>nullus</strong></span> <span class='ocrx_word' id='word_1_83' title='bbox 1608 827 1740 871; x_wconf 89' lang='lat' dir='ltr'><strong>homo</strong></span> 
     </span>
     <span class='ocr_line' id='line_1_11' title="bbox 355 897 1739 957; baseline -0.001 -15"><span class='ocrx_word' id='word_1_84' title='bbox 355 898 445 943; x_wconf 88' lang='lat' dir='ltr'><strong>sine</strong></span> <span class='ocrx_word' id='word_1_85' title='bbox 467 906 668 956; x_wconf 84' lang='lat' dir='ltr'><strong>peccato,</strong></span> <span class='ocrx_word' id='word_1_86' title='bbox 694 897 914 956; x_wconf 86' lang='lat' dir='ltr'><strong>numquid</strong></span> <span class='ocrx_word' id='word_1_87' title='bbox 936 906 1134 956; x_wconf 82' lang='lat' dir='ltr'><strong>parentes</strong></span> <span class='ocrx_word' id='word_1_88' title='bbox 1157 897 1287 957; x_wconf 86' lang='lat' dir='ltr'><strong>hujus</strong></span> <span class='ocrx_word' id='word_1_89' title='bbox 1310 897 1411 940; x_wconf 82' lang='lat' dir='ltr'><strong>caeci</strong></span> <span class='ocrx_word' id='word_1_90' title='bbox 1435 897 1526 940; x_wconf 86' lang='lat' dir='ltr'><strong>sine</strong></span> <span class='ocrx_word' id='word_1_91' title='bbox 1560 906 1739 956; x_wconf 86' lang='lat' dir='ltr'><strong>peccato</strong></span> 
     </span>
     <span class='ocr_line' id='line_1_12' title="bbox 356 967 1738 1027; baseline 0 -14"><span class='ocrx_word' id='word_1_92' title='bbox 356 971 507 1013; x_wconf 76' lang='lat' dir='ltr'><strong>erant?</strong></span> <span class='ocrx_word' id='word_1_93' title='bbox 530 968 753 1027; x_wconf 84' lang='lat' dir='ltr'><strong>Numquid</strong></span> <span class='ocrx_word' id='word_1_94' title='bbox 770 969 859 1027; x_wconf 88' lang='lat' dir='ltr'><strong>ipse</strong></span> <span class='ocrx_word' id='word_1_95' title='bbox 876 968 945 1016; x_wconf 84' lang='lat' dir='ltr'><strong>vel</strong></span> <span class='ocrx_word' id='word_1_96' title='bbox 965 969 1056 1012; x_wconf 89' lang='lat' dir='ltr'><strong>sine</strong></span> <span class='ocrx_word' id='word_1_97' title='bbox 1079 967 1274 1026; x_wconf 79' lang='lat' dir='ltr'><strong>originali</strong></span> <span class='ocrx_word' id='word_1_98' title='bbox 1293 976 1468 1026; x_wconf 85' lang='lat' dir='ltr'><strong>peccato</strong></span> <span class='ocrx_word' id='word_1_99' title='bbox 1486 977 1612 1012; x_wconf 83' lang='lat' dir='ltr'><strong>natus</strong></span> <span class='ocrx_word' id='word_1_100' title='bbox 1631 978 1738 1025; x_wconf 87' lang='lat' dir='ltr'><strong>erat,</strong></span> 
     </span>
     <span class='ocr_line' id='line_1_13' title="bbox 357 1036 1742 1097; baseline -0.001 -13"><span class='ocrx_word' id='word_1_101' title='bbox 357 1039 428 1084; x_wconf 88' lang='lat' dir='ltr'><strong>vel</strong></span> <span class='ocrx_word' id='word_1_102' title='bbox 448 1037 638 1085; x_wconf 82' lang='lat' dir='ltr'><strong>vivendo</strong></span> <span class='ocrx_word' id='word_1_103' title='bbox 671 1037 781 1082; x_wconf 87' lang='lat' dir='ltr'><strong>nihil</strong></span> <span class='ocrx_word' id='word_1_104' title='bbox 803 1037 1061 1083; x_wconf 77' lang='lat' dir='ltr'><strong>addiderat?</strong></span> <span class='ocrx_word' id='word_1_105' title='bbox 1083 1041 1151 1083; x_wconf 80' lang='lat' dir='ltr'><strong>An</strong></span> <span class='ocrx_word' id='word_1_106' title='bbox 1173 1038 1274 1097; x_wconf 84' lang='lat' dir='ltr'><strong>quia</strong></span> <span class='ocrx_word' id='word_1_107' title='bbox 1299 1036 1446 1081; x_wconf 82' lang='lat' dir='ltr'><strong>oculos</strong></span> <span class='ocrx_word' id='word_1_108' title='bbox 1469 1037 1637 1082; x_wconf 82' lang='lat' dir='ltr'><strong>clausos</strong></span> <span class='ocrx_word' id='word_1_109' title='bbox 1665 1039 1742 1082; x_wconf 85' lang='lat' dir='ltr'><strong>ha-</strong></span> 
     </span>
     <span class='ocr_line' id='line_1_14' title="bbox 355 1108 1739 1167; baseline 0 -14"><span class='ocrx_word' id='word_1_110' title='bbox 355 1110 509 1163; x_wconf 84' lang='lat' dir='ltr'><strong>bebat,</strong></span> <span class='ocrx_word' id='word_1_111' title='bbox 546 1109 908 1167; x_wconf 72' lang='lat' dir='ltr'><strong>concupiscentiae</strong></span> <span class='ocrx_word' id='word_1_112' title='bbox 931 1108 1107 1153; x_wconf 87' lang='lat' dir='ltr'><strong>minime</strong></span> <span class='ocrx_word' id='word_1_113' title='bbox 1129 1108 1401 1166; x_wconf 73' lang='lat' dir='ltr'><strong>vigilabant?</strong></span> <span class='ocrx_word' id='word_1_114' title='bbox 1429 1111 1602 1160; x_wconf 86' lang='lat' dir='ltr'><strong>Quanta</strong></span> <span class='ocrx_word' id='word_1_115' title='bbox 1625 1109 1739 1153; x_wconf 82' lang='lat' dir='ltr'><strong>mala</strong></span> 
     </span>
     <span class='ocr_line' id='line_1_15' title="bbox 360 1177 1742 1238; baseline -0.002 -14"><span class='ocrx_word' id='word_1_116' title='bbox 360 1179 641 1224; x_wconf 88' lang='lat' dir='ltr'><strong>committunt</strong></span> <span class='ocrx_word' id='word_1_117' title='bbox 664 1179 794 1222; x_wconf 81' lang='lat' dir='ltr'><strong>caeci‘?</strong></span> <span class='ocrx_word' id='word_1_118' title='bbox 813 1183 849 1222; x_wconf 89' lang='lat' dir='ltr'><strong>A</strong></span> <span class='ocrx_word' id='word_1_119' title='bbox 871 1195 959 1238; x_wconf 87' lang='lat' dir='ltr'><strong>quo</strong></span> <span class='ocrx_word' id='word_1_120' title='bbox 982 1178 1095 1221; x_wconf 86' lang='lat' dir='ltr'><strong>malo</strong></span> <span class='ocrx_word' id='word_1_121' title='bbox 1115 1178 1304 1222; x_wconf 75' lang='lat' dir='ltr'><strong>abstinet</strong></span> <span class='ocrx_word' id='word_1_122' title='bbox 1334 1194 1454 1221; x_wconf 85' lang='lat' dir='ltr'><strong>mens</strong></span> <span class='ocrx_word' id='word_1_123' title='bbox 1478 1177 1588 1223; x_wconf 85' lang='lat' dir='ltr'><strong>mala</strong></span> <span class='ocrx_word' id='word_1_124' title='bbox 1611 1179 1742 1222; x_wconf 87' lang='lat' dir='ltr'><strong>etiam</strong></span> 
     </span>
     <span class='ocr_line' id='line_1_16' title="bbox 359 1247 1738 1307; baseline -0.001 -13"><span class='ocrx_word' id='word_1_125' title='bbox 359 1249 514 1294; x_wconf 85' lang='lat' dir='ltr'><strong>clausis</strong></span> <span class='ocrx_word' id='word_1_126' title='bbox 533 1249 698 1293; x_wconf 74' lang='lat' dir='ltr'><strong>oculis?</strong></span> <span class='ocrx_word' id='word_1_127' title='bbox 717 1252 814 1295; x_wconf 87' lang='lat' dir='ltr'><strong>Non</strong></span> <span class='ocrx_word' id='word_1_128' title='bbox 835 1257 1004 1307; x_wconf 87' lang='lat' dir='ltr'><strong>poterat</strong></span> <span class='ocrx_word' id='word_1_129' title='bbox 1026 1247 1173 1292; x_wconf 89' lang='lat' dir='ltr'><strong>videre</strong></span> <span class='ocrx_word' id='word_1_130' title='bbox 1189 1283 1200 1302; x_wconf 77' lang='lat'><strong><em>‚</em></strong></span> <span class='ocrx_word' id='word_1_131' title='bbox 1224 1248 1299 1290; x_wconf 89' lang='lat' dir='ltr'><strong>sed</strong></span> <span class='ocrx_word' id='word_1_132' title='bbox 1322 1257 1505 1291; x_wconf 87' lang='lat' dir='ltr'><strong>noverat</strong></span> <span class='ocrx_word' id='word_1_133' title='bbox 1532 1249 1738 1306; x_wconf 82' lang='lat' dir='ltr'><strong>cogitare,</strong></span> 
     </span>
     <span class='ocr_line' id='line_1_17' title="bbox 361 1317 1742 1378; baseline 0 -15"><span class='ocrx_word' id='word_1_134' title='bbox 361 1329 404 1364; x_wconf 89' lang='lat' dir='ltr'><strong>et</strong></span> <span class='ocrx_word' id='word_1_135' title='bbox 420 1318 532 1367; x_wconf 85' lang='lat' dir='ltr'><strong>sorte</strong></span> <span class='ocrx_word' id='word_1_136' title='bbox 554 1320 859 1378; x_wconf 89' lang='lat' dir='ltr'><strong>concupiscere</strong></span> <span class='ocrx_word' id='word_1_137' title='bbox 882 1317 1048 1377; x_wconf 80' lang='lat' dir='ltr'><strong>aliquid</strong></span> <span class='ocrx_word' id='word_1_138' title='bbox 1070 1317 1189 1377; x_wconf 88' lang='lat' dir='ltr'><strong>quod</strong></span> <span class='ocrx_word' id='word_1_139' title='bbox 1211 1332 1351 1361; x_wconf 83' lang='lat' dir='ltr'><strong>caecus</strong></span> <span class='ocrx_word' id='word_1_140' title='bbox 1375 1332 1464 1360; x_wconf 90' lang='lat' dir='ltr'><strong>non</strong></span> <span class='ocrx_word' id='word_1_141' title='bbox 1492 1327 1635 1376; x_wconf 82' lang='lat' dir='ltr'><strong>posset</strong></span> <span class='ocrx_word' id='word_1_142' title='bbox 1658 1318 1742 1364; x_wconf 86' lang='lat' dir='ltr'><strong>im-</strong></span> 
     </span>
     <span class='ocr_line' id='line_1_18' title="bbox 310 1386 1742 1448; baseline -0.001 -16"><span class='ocrx_word' id='word_1_143' title='bbox 310 1398 317 1403; x_wconf 57' lang='lat'>*</span> <span class='ocrx_word' id='word_1_144' title='bbox 361 1389 480 1448; x_wconf 89' lang='lat' dir='ltr'><strong>plere</strong></span> <span class='ocrx_word' id='word_1_145' title='bbox 500 1423 511 1443; x_wconf 74' lang='lat'>,</span> <span class='ocrx_word' id='word_1_146' title='bbox 536 1388 612 1433; x_wconf 88' lang='lat' dir='ltr'><strong>sed</strong></span> <span class='ocrx_word' id='word_1_147' title='bbox 649 1389 694 1432; x_wconf 90' lang='lat' dir='ltr'><strong>in</strong></span> <span class='ocrx_word' id='word_1_148' title='bbox 730 1387 861 1432; x_wconf 87' lang='lat' dir='ltr'><strong>corde</strong></span> <span class='ocrx_word' id='word_1_149' title='bbox 890 1387 1078 1447; x_wconf 85' lang='lat' dir='ltr'><strong>judicari</strong></span> <span class='ocrx_word' id='word_1_150' title='bbox 1105 1403 1130 1431; x_wconf 88' lang='lat' dir='ltr'><strong>a</strong></span> <span class='ocrx_word' id='word_1_151' title='bbox 1166 1386 1306 1431; x_wconf 86' lang='lat' dir='ltr'><strong>cordis</strong></span> <span class='ocrx_word' id='word_1_152' title='bbox 1343 1397 1672 1446; x_wconf 83' lang='lat' dir='ltr'><strong>perscrutatore.</strong></span> <span class='ocrx_word' id='word_1_153' title='bbox 1701 1388 1742 1432; x_wconf 92' lang='lat' dir='ltr'><strong>Si</strong></span> 
     </span>
     <span class='ocr_line' id='line_1_19' title="bbox 359 1457 1744 1517; baseline -0.001 -14"><span class='ocrx_word' id='word_1_154' title='bbox 359 1474 463 1517; x_wconf 81' lang='lat' dir='ltr'><strong>ergo</strong></span> <span class='ocrx_word' id='word_1_155' title='bbox 484 1467 527 1502; x_wconf 88' lang='lat' dir='ltr'><strong>et</strong></span> <span class='ocrx_word' id='word_1_156' title='bbox 548 1467 745 1517; x_wconf 86' lang='lat' dir='ltr'><strong>parentes</strong></span> <span class='ocrx_word' id='word_1_157' title='bbox 766 1458 856 1516; x_wconf 84' lang='lat' dir='ltr'><strong>ejus</strong></span> <span class='ocrx_word' id='word_1_158' title='bbox 878 1457 1130 1504; x_wconf 83' lang='lat' dir='ltr'><strong>habuerunt</strong></span> <span class='ocrx_word' id='word_1_159' title='bbox 1151 1466 1378 1515; x_wconf 86' lang='lat' dir='ltr'><strong>peccatum</strong></span> <span class='ocrx_word' id='word_1_160' title='bbox 1393 1490 1405 1510; x_wconf 89' lang='lat'><strong>.,</strong></span> <span class='ocrx_word' id='word_1_161' title='bbox 1437 1466 1479 1500; x_wconf 88' lang='lat' dir='ltr'><strong>et</strong></span> <span class='ocrx_word' id='word_1_162' title='bbox 1498 1458 1575 1501; x_wconf 87' lang='lat' dir='ltr'><strong>iste</strong></span> <span class='ocrx_word' id='word_1_163' title='bbox 1591 1458 1744 1505; x_wconf 83' lang='lat' dir='ltr'><strong>habuit</strong></span> 
     </span>
     <span class='ocr_line' id='line_1_20' title="bbox 359 1527 1740 1590; baseline -0.001 -17"><span class='ocrx_word' id='word_1_164' title='bbox 359 1538 586 1590; x_wconf 86' lang='lat' dir='ltr'><strong>peccatum</strong></span> <span class='ocrx_word' id='word_1_165' title='bbox 602 1563 613 1583; x_wconf 91' lang='lat'>‚</span> <span class='ocrx_word' id='word_1_166' title='bbox 653 1543 787 1588; x_wconf 81' lang='lat' dir='ltr'><strong>quare</strong></span> <span class='ocrx_word' id='word_1_167' title='bbox 824 1527 1033 1571; x_wconf 87' lang='lat' dir='ltr'><strong>Dominus</strong></span> <span class='ocrx_word' id='word_1_168' title='bbox 1056 1527 1177 1581; x_wconf 81' lang='lat' dir='ltr'><strong>dixit,</strong></span> <span class='ocrx_word' id='word_1_169' title='bbox 1207 1546 1226 1569; x_wconf 85' lang='lat'>«</span> <span class='ocrx_word' id='word_1_170' title='bbox 1256 1530 1404 1586; x_wconf 83' lang='lat' dir='ltr'><strong>Neque</strong></span> <span class='ocrx_word' id='word_1_171' title='bbox 1427 1527 1496 1571; x_wconf 90' lang='lat' dir='ltr'><strong>hic</strong></span> <span class='ocrx_word' id='word_1_172' title='bbox 1519 1529 1740 1586; x_wconf 82' lang='lat' dir='ltr'><strong>peccavit,</strong></span> 
     </span>
     <span class='ocr_line' id='line_1_21' title="bbox 361 1596 1743 1657; baseline 0.001 -16"><span class='ocrx_word' id='word_1_173' title='bbox 361 1618 382 1641; x_wconf 85' lang='lat'>»</span> <span class='ocrx_word' id='word_1_174' title='bbox 418 1613 562 1657; x_wconf 87' lang='lat' dir='ltr'><strong>neque</strong></span> <span class='ocrx_word' id='word_1_175' title='bbox 584 1606 782 1656; x_wconf 83' lang='lat' dir='ltr'><strong>parentes</strong></span> <span class='ocrx_word' id='word_1_176' title='bbox 799 1598 890 1656; x_wconf 87' lang='lat' dir='ltr'><strong>ejus</strong></span> <span class='ocrx_word' id='word_1_177' title='bbox 907 1632 918 1651; x_wconf 89' lang='lat'><strong>‚</strong></span> <span class='ocrx_word' id='word_1_178' title='bbox 938 1615 957 1637; x_wconf 68' lang='grc' dir='ltr'>η</span> <span class='ocrx_word' id='word_1_179' title='bbox 981 1597 1061 1641; x_wconf 88' lang='lat' dir='ltr'><strong>nisi</strong></span> <span class='ocrx_word' id='word_1_180' title='bbox 1084 1596 1139 1640; x_wconf 85' lang='lat' dir='ltr'><strong>ad</strong></span> <span class='ocrx_word' id='word_1_181' title='bbox 1161 1612 1252 1640; x_wconf 89' lang='lat' dir='ltr'><strong>rem</strong></span> <span class='ocrx_word' id='word_1_182' title='bbox 1275 1596 1329 1639; x_wconf 89' lang='lat' dir='ltr'><strong>de</strong></span> <span class='ocrx_word' id='word_1_183' title='bbox 1352 1613 1437 1657; x_wconf 87' lang='lat' dir='ltr'><strong>qua</strong></span> <span class='ocrx_word' id='word_1_184' title='bbox 1455 1598 1743 1657; x_wconf 78' lang='lat' dir='ltr'><strong>interrogatus</strong></span> 
     </span>
     <span class='ocr_line' id='line_1_22' title="bbox 360 1668 1743 1727; baseline -0.001 -13"><span class='ocrx_word' id='word_1_185' title='bbox 360 1678 445 1724; x_wconf 86' lang='lat' dir='ltr'><strong>est,</strong></span> <span class='ocrx_word' id='word_1_186' title='bbox 475 1688 494 1711; x_wconf 88' lang='lat'>«</span> <span class='ocrx_word' id='word_1_187' title='bbox 521 1678 571 1712; x_wconf 88' lang='lat' dir='ltr'><strong>ut</strong></span> <span class='ocrx_word' id='word_1_188' title='bbox 587 1684 726 1712; x_wconf 73' lang='lat' dir='ltr'><strong>caecus</strong></span> <span class='ocrx_word' id='word_1_189' title='bbox 759 1669 1038 1713; x_wconf 81' lang='lat' dir='ltr'><strong>nasceretur?</strong></span> <span class='ocrx_word' id='word_1_190' title='bbox 1059 1686 1079 1709; x_wconf 74' lang='lat' dir='ltr'><strong>n</strong></span> <span class='ocrx_word' id='word_1_191' title='bbox 1107 1668 1340 1711; x_wconf 84' lang='lat' dir='ltr'><strong>Habebant</strong></span> <span class='ocrx_word' id='word_1_192' title='bbox 1373 1668 1485 1712; x_wconf 89' lang='lat' dir='ltr'><strong>enim</strong></span> <span class='ocrx_word' id='word_1_193' title='bbox 1517 1678 1743 1727; x_wconf 87' lang='lat' dir='ltr'><strong>peccatum</strong></span> 
     </span>
     <span class='ocr_line' id='line_1_23' title="bbox 359 1737 1743 1799; baseline -0.001 -16"><span class='ocrx_word' id='word_1_194' title='bbox 359 1748 560 1799; x_wconf 85' lang='lat' dir='ltr'><strong>parentes</strong></span> <span class='ocrx_word' id='word_1_195' title='bbox 587 1740 699 1797; x_wconf 83' lang='lat' dir='ltr'><strong>ejus,</strong></span> <span class='ocrx_word' id='word_1_196' title='bbox 722 1737 797 1784; x_wconf 88' lang='lat' dir='ltr'><strong>sed</strong></span> <span class='ocrx_word' id='word_1_197' title='bbox 819 1753 907 1780; x_wconf 89' lang='lat' dir='ltr'><strong>non</strong></span> <span class='ocrx_word' id='word_1_198' title='bbox 934 1738 1027 1796; x_wconf 90' lang='lat' dir='ltr'><strong>ipso</strong></span> <span class='ocrx_word' id='word_1_199' title='bbox 1059 1746 1236 1796; x_wconf 85' lang='lat' dir='ltr'><strong>peccato</strong></span> <span class='ocrx_word' id='word_1_200' title='bbox 1259 1737 1423 1782; x_wconf 88' lang='lat' dir='ltr'><strong>factum</strong></span> <span class='ocrx_word' id='word_1_201' title='bbox 1446 1747 1508 1782; x_wconf 85' lang='lat' dir='ltr'><strong>est</strong></span> <span class='ocrx_word' id='word_1_202' title='bbox 1530 1747 1577 1782; x_wconf 91' lang='lat' dir='ltr'><strong>ut</strong></span> <span class='ocrx_word' id='word_1_203' title='bbox 1605 1754 1743 1784; x_wconf 74' lang='lat' dir='ltr'><strong>caecus</strong></span> 
     </span>
     <span class='ocr_line' id='line_1_24' title="bbox 359 1806 1744 1867; baseline -0.001 -14"><span class='ocrx_word' id='word_1_204' title='bbox 359 1817 622 1853; x_wconf 88' lang='lat' dir='ltr'><strong>nasceretur.</strong></span> <span class='ocrx_word' id='word_1_205' title='bbox 652 1808 694 1852; x_wconf 88' lang='lat' dir='ltr'><strong>Si</strong></span> <span class='ocrx_word' id='word_1_206' title='bbox 716 1822 816 1864; x_wconf 84' lang='lat' dir='ltr'><strong>ergo</strong></span> <span class='ocrx_word' id='word_1_207' title='bbox 839 1822 928 1853; x_wconf 88' lang='lat' dir='ltr'><strong>non</strong></span> <span class='ocrx_word' id='word_1_208' title='bbox 961 1816 1138 1865; x_wconf 86' lang='lat' dir='ltr'><strong>peccato</strong></span> <span class='ocrx_word' id='word_1_209' title='bbox 1170 1806 1331 1850; x_wconf 84' lang='lat' dir='ltr'><strong>factum</strong></span> <span class='ocrx_word' id='word_1_210' title='bbox 1356 1817 1419 1851; x_wconf 88' lang='lat' dir='ltr'><strong>est</strong></span> <span class='ocrx_word' id='word_1_211' title='bbox 1445 1817 1674 1867; x_wconf 79' lang='lat' dir='ltr'><strong>parentum</strong></span> <span class='ocrx_word' id='word_1_212' title='bbox 1694 1818 1744 1853; x_wconf 88' lang='lat' dir='ltr'><strong>ut</strong></span> 
     </span>
     <span class='ocr_line' id='line_1_25' title="bbox 361 1877 1742 1936; baseline -0.001 -12"><span class='ocrx_word' id='word_1_213' title='bbox 361 1894 501 1924; x_wconf 79' lang='lat' dir='ltr'><strong>caecus</strong></span> <span class='ocrx_word' id='word_1_214' title='bbox 523 1887 786 1929; x_wconf 66' lang='lat' dir='ltr'><strong>nasceretur,</strong></span> <span class='ocrx_word' id='word_1_215' title='bbox 802 1892 933 1936; x_wconf 83' lang='lat' dir='ltr'><strong>quare</strong></span> <span class='ocrx_word' id='word_1_216' title='bbox 952 1893 1090 1923; x_wconf 82' lang='lat' dir='ltr'><strong>caecus</strong></span> <span class='ocrx_word' id='word_1_217' title='bbox 1106 1886 1229 1921; x_wconf 80' lang='lat' dir='ltr'><strong>natus</strong></span> <span class='ocrx_word' id='word_1_218' title='bbox 1248 1886 1310 1920; x_wconf 88' lang='lat' dir='ltr'><strong>est</strong></span> <span class='ocrx_word' id='word_1_219' title='bbox 1323 1880 1340 1918; x_wconf 69' lang='lat'><strong>⁵?</strong></span> <span class='ocrx_word' id='word_1_220' title='bbox 1357 1877 1471 1921; x_wconf 81' lang='lat' dir='ltr'><strong>Audi</strong></span> <span class='ocrx_word' id='word_1_221' title='bbox 1491 1878 1742 1935; x_wconf 81' lang='lat' dir='ltr'><strong>magistrum</strong></span> 
     </span>
     <span class='ocr_line' id='line_1_26' title="bbox 360 1945 1735 2006; baseline -0.001 -13"><span class='ocrx_word' id='word_1_222' title='bbox 360 1949 589 1994; x_wconf 86' lang='lat' dir='ltr'><strong>docentem</strong></span> <span class='ocrx_word' id='word_1_223' title='bbox 625 1966 633 1991; x_wconf 90' lang='lat'>:</span> <span class='ocrx_word' id='word_1_224' title='bbox 671 1947 827 2006; x_wconf 80' lang='lat' dir='ltr'><strong>quaerit</strong></span> <span class='ocrx_word' id='word_1_225' title='bbox 858 1945 1130 2000; x_wconf 73' lang='lat' dir='ltr'><strong>credentem,</strong></span> <span class='ocrx_word' id='word_1_226' title='bbox 1167 1955 1216 1988; x_wconf 88' lang='lat' dir='ltr'><strong>ut</strong></span> <span class='ocrx_word' id='word_1_227' title='bbox 1245 1946 1374 1990; x_wconf 82' lang='lat' dir='ltr'><strong>faciat</strong></span> <span class='ocrx_word' id='word_1_228' title='bbox 1405 1946 1735 2006; x_wconf 80' lang='lat' dir='ltr'><strong>intelligentem.</strong></span> 
     </span>
     <span class='ocr_line' id='line_1_27' title="bbox 359 2015 1741 2078; baseline -0.001 -16"><span class='ocrx_word' id='word_1_229' title='bbox 359 2022 456 2078; x_wconf 90' lang='lat' dir='ltr'><strong>Ipse</strong></span> <span class='ocrx_word' id='word_1_230' title='bbox 486 2032 657 2064; x_wconf 84' lang='lat' dir='ltr'><strong>causam</strong></span> <span class='ocrx_word' id='word_1_231' title='bbox 689 2015 820 2071; x_wconf 81' lang='lat' dir='ltr'><strong>dicit,</strong></span> <span class='ocrx_word' id='word_1_232' title='bbox 847 2031 981 2075; x_wconf 85' lang='lat' dir='ltr'><strong>quare</strong></span> <span class='ocrx_word' id='word_1_233' title='bbox 1009 2015 1081 2059; x_wconf 89' lang='lat' dir='ltr'><strong>ille</strong></span> <span class='ocrx_word' id='word_1_234' title='bbox 1109 2031 1247 2059; x_wconf 81' lang='lat' dir='ltr'><strong>caeeus</strong></span> <span class='ocrx_word' id='word_1_235' title='bbox 1278 2017 1331 2066; x_wconf 72' lang='lat' dir='ltr'><strong>sit</strong></span> <span class='ocrx_word' id='word_1_236' title='bbox 1364 2025 1519 2060; x_wconf 83' lang='lat' dir='ltr'><strong>natus:</strong></span> <span class='ocrx_word' id='word_1_237' title='bbox 1549 2036 1567 2059; x_wconf 89' lang='lat'>«</span> <span class='ocrx_word' id='word_1_238' title='bbox 1591 2019 1741 2077; x_wconf 88' lang='lat' dir='ltr'><strong>Neque</strong></span> 
     </span>
     <span class='ocr_line' id='line_1_28' title="bbox 366 2086 1741 2147; baseline 0.001 -17"><span class='ocrx_word' id='word_1_239' title='bbox 366 2107 387 2130; x_wconf 94' lang='lat'>»</span> <span class='ocrx_word' id='word_1_240' title='bbox 420 2088 491 2131; x_wconf 89' lang='lat' dir='ltr'><strong>hic</strong></span> <span class='ocrx_word' id='word_1_241' title='bbox 515 2087 734 2146; x_wconf 86' lang='lat' dir='ltr'><strong>peccavit,</strong></span> <span class='ocrx_word' id='word_1_242' title='bbox 756 2086 921 2145; x_wconf 86' lang='lat' dir='ltr'><strong>inquit,</strong></span> <span class='ocrx_word' id='word_1_243' title='bbox 947 2101 1090 2147; x_wconf 84' lang='lat' dir='ltr'><strong>neque</strong></span> <span class='ocrx_word' id='word_1_244' title='bbox 1112 2095 1310 2144; x_wconf 85' lang='lat' dir='ltr'><strong>parentes</strong></span> <span class='ocrx_word' id='word_1_245' title='bbox 1334 2087 1422 2146; x_wconf 78' lang='lat' dir='ltr'><strong>ejus</strong></span> <span class='ocrx_word' id='word_1_246' title='bbox 1447 2105 1456 2131; x_wconf 77' lang='grc' dir='ltr'>ε</span> <span class='ocrx_word' id='word_1_247' title='bbox 1482 2086 1558 2131; x_wconf 86' lang='lat' dir='ltr'><strong>sed</strong></span> <span class='ocrx_word' id='word_1_248' title='bbox 1579 2096 1627 2131; x_wconf 90' lang='lat' dir='ltr'><strong>ut</strong></span> <span class='ocrx_word' id='word_1_249' title='bbox 1649 2103 1741 2135; x_wconf 88' lang='lat' dir='ltr'><strong>ma-</strong></span> 
     </span>
     <span class='ocr_line' id='line_1_29' title="bbox 363 2155 1101 2216; baseline -0.005 -14"><span class='ocrx_word' id='word_1_250' title='bbox 363 2177 384 2202; x_wconf 82' lang='lat'>»</span> <span class='ocrx_word' id='word_1_251' title='bbox 419 2158 631 2202; x_wconf 82' lang='lat' dir='ltr'><strong>festentur</strong></span> <span class='ocrx_word' id='word_1_252' title='bbox 653 2172 781 2216; x_wconf 85' lang='lat' dir='ltr'><strong>opera</strong></span> <span class='ocrx_word' id='word_1_253' title='bbox 807 2157 878 2200; x_wconf 89' lang='lat' dir='ltr'><strong>Dei</strong></span> <span class='ocrx_word' id='word_1_254' title='bbox 902 2157 946 2199; x_wconf 83' lang='lat' dir='ltr'><strong>in</strong></span> <span class='ocrx_word' id='word_1_255' title='bbox 969 2155 1058 2200; x_wconf 89' lang='lat' dir='ltr'><strong>illo.</strong></span> <span class='ocrx_word' id='word_1_256' title='bbox 1082 2174 1101 2198; x_wconf 86' lang='lat'>»</span> 
     </span>
    </p>

    <p class='ocr_par' dir='ltr' id='par_1_3' title="bbox 350 2226 1738 2498">
     <span class='ocr_line' id='line_1_30' title="bbox 417 2226 1738 2287; baseline 0 -15"><span class='ocrx_word' id='word_1_257' title='bbox 417 2231 493 2272; x_wconf 88' lang='lat' dir='ltr'><strong>IV.</strong></span> <span class='ocrx_word' id='word_1_258' title='bbox 516 2228 679 2271; x_wconf 85' lang='lat' dir='ltr'><strong>Deinde</strong></span> <span class='ocrx_word' id='word_1_259' title='bbox 703 2226 808 2287; x_wconf 85' lang='lat' dir='ltr'><strong>quid</strong></span> <span class='ocrx_word' id='word_1_260' title='bbox 832 2227 1058 2287; x_wconf 76' lang='lat' dir='ltr'><strong>sequitur?</strong></span> <span class='ocrx_word' id='word_1_261' title='bbox 1084 2246 1103 2268; x_wconf 90' lang='lat'>«</span> <span class='ocrx_word' id='word_1_262' title='bbox 1129 2229 1200 2271; x_wconf 88' lang='lat' dir='ltr'><strong>Me</strong></span> <span class='ocrx_word' id='word_1_263' title='bbox 1222 2235 1393 2286; x_wconf 83' lang='lat' dir='ltr'><strong>oportet</strong></span> <span class='ocrx_word' id='word_1_264' title='bbox 1414 2227 1579 2286; x_wconf 84' lang='lat' dir='ltr'><strong>operari</strong></span> <span class='ocrx_word' id='word_1_265' title='bbox 1609 2243 1738 2287; x_wconf 87' lang='lat' dir='ltr'><strong>opera</strong></span> 
     </span>
     <span class='ocr_line' id='line_1_31' title="bbox 364 2297 1737 2358; baseline 0.001 -18"><span class='ocrx_word' id='word_1_266' title='bbox 364 2318 380 2340; x_wconf 81' lang='lat'><strong>&gt;›</strong></span> <span class='ocrx_word' id='word_1_267' title='bbox 416 2300 506 2358; x_wconf 76' lang='lat' dir='ltr'><strong>ejus</strong></span> <span class='ocrx_word' id='word_1_268' title='bbox 530 2298 605 2357; x_wconf 79' lang='lat' dir='ltr'><strong>qui</strong></span> <span class='ocrx_word' id='word_1_269' title='bbox 634 2298 747 2342; x_wconf 88' lang='lat' dir='ltr'><strong>misit</strong></span> <span class='ocrx_word' id='word_1_270' title='bbox 770 2299 878 2342; x_wconf 76' lang='lat' dir='ltr'><strong>me3.</strong></span> <span class='ocrx_word' id='word_1_271' title='bbox 911 2317 927 2338; x_wconf 90' lang='lat'>»</span> <span class='ocrx_word' id='word_1_272' title='bbox 957 2301 1067 2342; x_wconf 84' lang='lat' dir='ltr'><strong>Ecce</strong></span> <span class='ocrx_word' id='word_1_273' title='bbox 1090 2307 1153 2342; x_wconf 88' lang='lat' dir='ltr'><strong>est</strong></span> <span class='ocrx_word' id='word_1_274' title='bbox 1176 2297 1247 2341; x_wconf 89' lang='lat' dir='ltr'><strong>ille</strong></span> <span class='ocrx_word' id='word_1_275' title='bbox 1275 2298 1426 2342; x_wconf 86' lang='lat' dir='ltr'><strong>missus</strong></span> <span class='ocrx_word' id='word_1_276' title='bbox 1444 2334 1454 2353; x_wconf 91' lang='lat'>‚</span> <span class='ocrx_word' id='word_1_277' title='bbox 1485 2299 1530 2343; x_wconf 89' lang='lat' dir='ltr'><strong>in</strong></span> <span class='ocrx_word' id='word_1_278' title='bbox 1551 2314 1638 2358; x_wconf 83' lang='lat' dir='ltr'><strong>quo</strong></span> <span class='ocrx_word' id='word_1_279' title='bbox 1669 2297 1737 2342; x_wconf 73' lang='lat' dir='ltr'><strong>fa-</strong></span> 
     </span>
     <span class='ocr_line' id='line_1_32' title="bbox 351 2367 1733 2428; baseline 0 -16"><span class='ocrx_word' id='word_1_280' title='bbox 351 2369 460 2412; x_wconf 90' lang='lat' dir='ltr'><strong>ciem</strong></span> <span class='ocrx_word' id='word_1_281' title='bbox 491 2368 593 2413; x_wconf 84' lang='lat' dir='ltr'><strong>lavit</strong></span> <span class='ocrx_word' id='word_1_282' title='bbox 625 2383 779 2411; x_wconf 72' lang='lat' dir='ltr'><strong>caecus.</strong></span> <span class='ocrx_word' id='word_1_283' title='bbox 810 2370 863 2410; x_wconf 89' lang='lat' dir='ltr'><strong>Et</strong></span> <span class='ocrx_word' id='word_1_284' title='bbox 894 2368 1036 2414; x_wconf 81' lang='lat' dir='ltr'><strong>videte</strong></span> <span class='ocrx_word' id='word_1_285' title='bbox 1066 2367 1173 2428; x_wconf 86' lang='lat' dir='ltr'><strong>quid</strong></span> <span class='ocrx_word' id='word_1_286' title='bbox 1205 2367 1386 2422; x_wconf 74' lang='lat' dir='ltr'><strong>dixerit,</strong></span> <span class='ocrx_word' id='word_1_287' title='bbox 1417 2389 1435 2410; x_wconf 88' lang='lat'>«</span> <span class='ocrx_word' id='word_1_288' title='bbox 1462 2372 1529 2413; x_wconf 85' lang='lat' dir='ltr'><strong>Me</strong></span> <span class='ocrx_word' id='word_1_289' title='bbox 1563 2378 1733 2428; x_wconf 78' lang='lat' dir='ltr'><strong>oportet</strong></span> 
     </span>
     <span class='ocr_line' id='line_1_33' title="bbox 350 2438 1729 2498; baseline 0 -19"><span class='ocrx_word' id='word_1_290' title='bbox 350 2456 370 2480; x_wconf 90' lang='lat'>»</span> <span class='ocrx_word' id='word_1_291' title='bbox 406 2439 574 2496; x_wconf 85' lang='lat' dir='ltr'><strong>operari</strong></span> <span class='ocrx_word' id='word_1_292' title='bbox 592 2453 722 2498; x_wconf 82' lang='lat' dir='ltr'><strong>opera</strong></span> <span class='ocrx_word' id='word_1_293' title='bbox 745 2439 833 2497; x_wconf 76' lang='lat' dir='ltr'><strong>ejus</strong></span> <span class='ocrx_word' id='word_1_294' title='bbox 855 2439 929 2497; x_wconf 82' lang='lat' dir='ltr'><strong>qui</strong></span> <span class='ocrx_word' id='word_1_295' title='bbox 953 2439 1064 2485; x_wconf 85' lang='lat' dir='ltr'><strong>misit</strong></span> <span class='ocrx_word' id='word_1_296' title='bbox 1097 2454 1192 2497; x_wconf 81' lang='lat' dir='ltr'><strong>me,</strong></span> <span class='ocrx_word' id='word_1_297' title='bbox 1217 2438 1355 2486; x_wconf 85' lang='lat' dir='ltr'><strong>donec</strong></span> <span class='ocrx_word' id='word_1_298' title='bbox 1378 2439 1467 2484; x_wconf 85' lang='lat' dir='ltr'><strong>dies</strong></span> <span class='ocrx_word' id='word_1_299' title='bbox 1489 2449 1567 2488; x_wconf 87' lang='lat' dir='ltr'><strong>est.</strong></span> <span class='ocrx_word' id='word_1_300' title='bbox 1588 2458 1607 2481; x_wconf 92' lang='lat'>»</span> <span class='ocrx_word' id='word_1_301' title='bbox 1633 2442 1729 2485; x_wconf 70' lang='lat' dir='ltr'><strong>Me-</strong></span> 
     </span>
    </p>

    <p class='ocr_par' dir='ltr' id='par_1_4' title="bbox 396 2521 1176 2565">
     <span class='ocr_line' id='line_1_34' title="bbox 396 2521 1176 2565; baseline 0.001 -12"><span class='ocrx_word' id='word_1_302' title='bbox 396 2529 406 2545; x_wconf 87' lang='lat'>¹</span> <span class='ocrx_word' id='word_1_303' title='bbox 430 2525 521 2554; x_wconf 83' lang='lat' dir='ltr'><strong>Joan.</strong></span> <span class='ocrx_word' id='word_1_304' title='bbox 542 2533 586 2561; x_wconf 66' lang='grc' dir='ltr'><strong>με,</strong></span> <span class='ocrx_word' id='word_1_305' title='bbox 610 2534 640 2563; x_wconf 82' lang='lat' dir='ltr'><strong>r,</strong></span> <span class='ocrx_word' id='word_1_306' title='bbox 659 2532 689 2554; x_wconf 67' lang='grc' dir='ltr'><strong>τ’,</strong></span> <span class='ocrx_word' id='word_1_307' title='bbox 711 2540 751 2545; x_wconf 84' lang='lat'><strong>--</strong></span> <span class='ocrx_word' id='word_1_308' title='bbox 771 2529 783 2544; x_wconf 86' lang='lat'><strong>²</strong></span> <span class='ocrx_word' id='word_1_309' title='bbox 800 2523 880 2555; x_wconf 87' lang='lat' dir='ltr'><strong>Ibid.</strong></span> <span class='ocrx_word' id='word_1_310' title='bbox 904 2524 934 2554; x_wconf 84' lang='lat'><strong>3.</strong></span> <span class='ocrx_word' id='word_1_311' title='bbox 953 2540 994 2545; x_wconf 82' lang='lat'><strong>——-</strong></span> <span class='ocrx_word' id='word_1_312' title='bbox 1014 2521 1026 2545; x_wconf 87' lang='lat'>3</span> <span class='ocrx_word' id='word_1_313' title='bbox 1047 2523 1125 2555; x_wconf 90' lang='lat' dir='ltr'><strong>lbid.</strong></span> <span class='ocrx_word' id='word_1_314' title='bbox 1146 2522 1176 2565; x_wconf 87' lang='lat'><strong>4.</strong></span> 
     </span>
    </p>
   </div>
  </div>
 </body>
</html>
