1809 3173
381 184 459 219 316
810 193 842 218 s.
880 192 1107 218 tineosum
1140 189 1320 217 El¹15COP1

379 261 660 318 perditionis?
696 260 821 304 absit.
857 263 1051 304 Pastores
1073 273 1174 317 ergo
1196 259 1256 302 illi
1274 262 1292 302 Ρ
1311 258 1438 317 plane
1473 268 1676 317 pastores.
1704 262 1760 302 Et

379 330 489 374 ,inde
513 345 625 374 unus
645 331 824 388 pastor?
846 332 941 373 Jam
960 327 1063 383 dixi,
1090 338 1302 388 pastores,
1329 329 1430 388 quia
1453 328 1646 372 membra
1664 344 1759 387 pas-

376 402 488 444 toris.
517 399 598 444 Illo
632 400 772 458 capite
810 399 1083 457 gaudebant,
1119 398 1200 441 sub
1234 398 1310 441 illo
1344 399 1484 457 capite
1517 398 1758 442 concorda-

377 478 501 525 ἰ>311ῑ,
527 485 616 514 11110
638 469 793 528 spiritu
808 469 853 512 in
876 469 1005 511 unius
1027 481 1238 526 compage
1259 467 1464 512 vivebant
1484 487 1492 512 ;
1513 484 1562 512 ac
1580 483 1655 526 per
1676 468 1759 512 hoc

373 555 519 586 omnes
541 540 596 584 ad
628 554 765 583 unum
788 547 1003 597 pastorem
1029 537 1324 596 pertinebant.
1354 537 1396 582 Si
1417 552 1521 596 ergo
1544 547 1754 596 pastores,

376 626 459 655 zion
493 610 769 663 mercenarii,
795 623 929 667 quare
951 607 1181 666 fugiebant
1203 607 1380 666 quando
1412 608 1758 666 persecutionem

376 680 678 739 patiebantur?
713 681 893 737 Expone
928 677 1075 732 nobis,
1099 692 1126 721 0
1148 677 1344 720 Domine.
1387 696 1408 719 «
1441 676 1542 723 Vidi
1563 677 1609 720 in
1630 677 1758 735 Epis-

377 770 394 791 ι»
429 750 516 794 tola
539 749 775 807 fugientem
802 747 1013 792 Paulum1
1037 767 1046 792 :
1075 765 1095 788 »
1122 763 1198 806 per
1220 763 1394 791 murum
1413 748 1458 791 in
1487 756 1633 807 sporta
1654 748 1760 790 sub-

375 821 523 864 missus
545 829 629 874 est,
655 829 704 863 ut
727 833 881 862 manus
898 818 1196 877 persequentis
1216 816 1430 862 evaderet.
1453 820 1550 865 Non
1573 832 1674 875 ergo
1696 816 1758 860 illi

370 907 472 935 cura
502 890 587 934 fuit
608 889 662 933 de
685 889 860 944 ovibus,
893 905 1000 948 quas
1028 888 1133 948 lupo
1151 889 1352 932 veniente
1384 888 1639 932 deserebat?
1659 888 1760 931 Fuit

375 961 500 1020 plane
516 996 527 1016 ,
550 960 624 1004 sed
647 975 717 1004 eas
738 960 898 1018 pastori
919 959 964 1002 in
987 959 1100 1003 coelo
1134 958 1302 1003 sedenti
1326 957 1596 1002 orationibus
1637 972 1758 1001 com—

371 1032 605 1076 mendabat
627 1050 636 1075 :
661 1035 711 1074 se·
739 1039 884 1074 autem
919 1028 1096 1073 utilitati
1119 1044 1268 1072 earum
1302 1027 1511 1086 fugiendo
1535 1027 1756 1082 servabat,

370 1103 474 1146 5icut
504 1102 696 1162 quodam
725 1100 821 1144 loco
852 1100 911 1144 ait
938 1118 946 1144 ;
977 1118 997 1141 «
1030 1103 1206 1145 Manere
1236 1099 1281 1141 in
1309 1113 1438 1142 carne
1470 1098 1759 1142 necessarium

367 1191 386 1213 »
423 1181 601 1231 propter
625 1173 742 1215 vos2.
772 1189 791 1211 »
819 1169 886 1213 Ab
909 1170 1000 1228 ipso
1027 1184 1218 1228 namque
1252 1177 1419 1227 pastore
1442 1182 1591 1212 omncs
1614 1166 1760 1210 audie-

365 1252 479 1297 rant,
510 1261 529 1283 «
557 1243 600 1287 Si
622 1257 696 1286 vos
727 1241 941 1300 persecuti
959 1240 1123 1283 fuerint
1142 1240 1187 1283 in
1210 1255 1308 1300 ‘una
1325 1240 1521 1293 civitate,
1552 1239 1692 1296 fugite
1713 1237 1760 1281 in

368 1331 388 1354 »
425 1312 606 1355 31131113.
629 1329 655 1350 ·»
682 1313 802 1353 Hanc
836 1310 958 1353 nobis
991 1310 1277 1369 quaestionem
1312 1310 1521 1360 Dominus
1556 1308 1759 1365 dignetur

363 1396 592 1441 exponere.
616 1380 814 1435 Domine,
836 1389 884 1423 tu
903 1379 1045 1423 dixisti
1060 1380 1139 1434 eis,
1161 1394 1271 1438 quos
1292 1379 1440 1422 fideles
1458 1387 1649 1438 pastores
1670 1392 1757 1422 esse

365 1453 517 1512 utique
538 1450 738 1505 volebas,
764 1466 872 1510 quos
906 1460 979 1493 tua
1002 1450 1196 1494 membra
1219 1465 1308 1494 esse
1336 1448 1555 1494 formabas
1573 1484 1584 1505 ,
1618 1450 1658 1494 Si
1683 1465 1757 1494 vos

369 1523 583 1586 persecuti
603 1522 769 1573 fuerint
784 1557 794 1577 ,
816 1521 967 1580 fugite.
989 1521 1197 1581 lnjuriam
1215 1537 1317 1579 ergo
1341 1520 1404 1564 illi
1425 1521 1529 1567 facis
1548 1557 1558 1579 ,
1579 1525 1756 1584 quando

366 1595 647 1657 reprehendis
670 1594 980 1648 mercenarios,
1001 1594 1077 1652 qui
1094 1593 1245 1637 vident
1266 1592 1421 1652 lupum
1444 1595 1691 1640 venientem
1713 1607 1756 1641 et

366 1669 558 1727 fugiunt.
586 1671 804 1725 Rogamus
837 1665 1004 1716 indices
1037 1664 1186 1717 nobis,
1224 1665 1332 1724 quid
1375 1666 1534 1710 habeat
1568 1667 1755 1714 altitudo

366 1739 618 1800 quaestionis
639 1757 646 1782 :
665 1736 901 1796 pulsemus,
923 1734 1063 1779 aderit
1085 1735 1341 1794 quiaperiat
1361 1750 1405 1779 se
1420 1737 1616 1782 ostiarius
1637 1740 1750 1796 ostii,

368 1811 490 1871 quod
513 1819 576 1854 est
592 1811 697 1869 ipse.

426 1884 548 1925 VIII.
576 1881 681 1934 Quis
715 1891 779 1925 est
800 1883 1090 1927 mercenarius
1109 1919 1119 1937 ,
1145 1886 1221 1943 qui
1244 1883 1362 1929 videt
1388 1884 1544 1944 lupum
1572 1884 1752 1929 venien-

368 1963 452 1997 tem
468 1988 478 2007 ,
505 1961 549 1997 et
574 1950 720 2008 fugit?
744 1951 828 2004 Qui
850 1967 925 1995 sua
947 1953 1124 2012 quaerit,
1150 1969 1239 1997 non
1261 1971 1359 2012 quae
1397 1958 1501 1998 Jesu
1523 1955 1711 1999 Christi*
1739 1975 1748 2000 :

363 2031 616 2082 peccantem
643 2036 732 2065 non
763 2019 899 2065 libere
931 2022 1062 2066 audet
1095 2038 1291 2081 arguere.
1324 2027 1436 2068 Ecce
1469 2025 1613 2068 nescio
1654 2025 1750 2084 quis

364 2093 559 2153 peccavit
573 2128 584 2147 ,
617 2092 802 2150 graviter
823 2093 1019 2151 peccavit
1035 2126 1046 2148 ‚
1071 2093 1361 2153 increpandus
1379 2103 1462 2149 est,
1499 2099 1750 2140 excommu-

363 2164 575 2209 nicandus
592 2174 656 2208 est
676 2183 685 2209 ε
704 2163 779 2208 sed
800 2166 1219 2220 excommunicatus,
1238 2166 1439 2210 inimicus
1462 2166 1557 2222 erit,
1573 2167 1748 2212 insidia-

361 2235 504 2290 bitur,
530 2235 706 2279 nocebit
728 2249 829 2278 cum
844 2235 1049 2294 potuerit.
1068 2238 1165 2279 Jam
1186 2234 1259 2279 ille
1275 2236 1352 2295 qui
1368 2252 1444 2280 sua
1459 2237 1637 2296 quaerit,
1657 2253 1746 2283 non

361 2321 460 2365 quae
496 2307 599 2348 Jesu
636 2305 817 2359 Christi,
861 2320 915 2348 ne
952 2306 1105 2364 perdat
1139 2305 1260 2365 quod
1295 2317 1506 2362 sectatur,
1541 2308 1744 2351 humanae

359 2375 559 2420 amicitiae
590 2374 945 2418 commoditatem
960 2409 970 2429 ,
1009 2385 1053 2419 et
1089 2376 1412 2420 inimicitiarum
1451 2378 1741 2422 humanarum

359 2448 551 2491 incurrat
572 2445 810 2490 molestiam
828 2479 838 2499 ,
864 2455 1002 2500 tacet,
1041 2461 1129 2490 non
1153 2446 1343 2505 corripit.
1371 2450 1484 2491 Ecce
1517 2448 1648 2508 lupus
1669 2449 1740 2492 ovi

407 2539 415 2554 ¹
437 2533 529 2564 Joan.
549 2542 581 2572 x,
601 2531 632 2563 3.
659 2546 701 2553 -—
721 2537 733 2553 ²
752 2530 866 2576 Philip.
886 2541 909 2572 1,
925 2529 979 2571 24.
1003 2548 1044 2554 -
1062 2529 1201 2563 ³Matt11.
1220 2542 1251 2573 x,
1269 2531 1323 2565 23.
1342 2549 1382 2556 -
1397 2530 1413 2562 4
1432 2532 1544 2575 Philip.
1564 2544 1598 2574 11,
1614 2542 1668 2565 21.
