1825 3214
335 243 378 270 iu
412 240 584 270 somnis
618 239 899 268 EvANGRLuJM
920 260 931 277 ‚
956 240 1102 269 TuAcT.
1139 243 1199 269 xi.
1397 230 1451 267 753

72 311 126 352 Et
149 306 220 351 illc
241 321 412 350 carnem
436 321 556 350 suam
578 306 745 366 sapiens
765 341 774 360 ‚
796 307 838 350 in
861 307 983 365 cujus
1002 321 1075 349 ore
1098 306 1295 350 nondum
1313 307 1451 366 sapic-

73 380 145 423 bat
168 393 267 423 caro
284 379 442 423 Christi
465 398 473 423 :
503 397 521 419 «
543 377 798 432 Quomodo,
825 378 990 437 inquit,
1010 387 1151 436 potest
1175 379 1327 432 homo,
1353 394 1452 422 cum

73 469 93 491 η
127 450 178 493 sit
200 464 325 492 scncx
346 484 355 501 ‚
382 450 536 492 iterum
575 449 719 492 nasci?
758 447 980 508 Numquid
1016 456 1156 507 potest
1191 448 1233 490 in
1259 458 1452 493 ventrem

73 539 93 562 »
130 521 275 564 matris
302 535 389 563 suae
413 520 569 563 iterum
606 519 804 573 introire,
831 527 874 562 et
896 518 1011 562 nasci
1029 519 1077 561 ¹?
1107 535 1127 558 ³»
1155 520 1251 562 Non
1275 528 1454 562 noverat

70 592 147 635 istc
179 591 256 634 nisi
289 605 419 634 unam
446 590 712 634 nativitatem
740 605 789 633 cx
820 588 957 634 Adam
985 598 1027 632 ct
1057 591 1174 639 Eva;
1209 604 1260 632 cx
1296 592 1383 632 Deo
1412 599 1455 633 ct

71 662 260 706 Ecclesia
285 662 481 704 nondum
512 670 716 705 noverat:
745 676 831 704 non
856 669 1035 705 noverat
1057 659 1136 703 nisi
1160 674 1231 703 cos
1257 669 1454 719 parentes

70 733 145 792 qui
177 741 383 791 generant
407 732 459 775 ad
484 740 693 787 mortem3
727 729 924 775 nondum
960 739 1138 774 noverat
1161 745 1231 773 eos
1257 739 1456 788 parentes

70 804 145 864 qui
169 812 375 862 generant
394 803 447 846 ad
473 803 602 846 vitam
625 823 633 847 z
655 818 743 847 non
767 811 946 847 noverat
968 802 1047 845 nisi
1070 817 1141 846 eos
1159 810 1357 861 parentes
1379 802 1455 861 qui

75 883 283 931 generant
314 888 608 929 successuros;
643 873 837 917 nondum
872 882 1051 917 noverat
1083 888 1155 916 eos
1190 873 1263 932 qui
1287 887 1456 931 semper

71 944 265 987 viventes
289 953 493 1002 generant
514 959 829 1003 permansuros.
856 946 967 988 Cum
992 959 1094 1001 crgo
1116 943 1199 986 sint
1222 942 1322 986 duae
1344 944 1456 986 nati-

69 1014 249 1069 vitates,
276 1013 347 1057 illc.
369 1029 501 1058 unam
533 1014 815 1072 intelligebat.
845 1017 936 1059 Una
965 1024 1027 1058 est
1050 1014 1104 1057 de
1136 1023 1267 1067 terra,
1298 1014 1378 1057 alia
1401 1014 1456 1058 de

57 1084 184 1129 -coelo
212 1105 223 1142 3
246 1100 333 1128 una
357 1093 421 1128 est
438 1083 493 1128 de
515 1099 666 1139 carne,
692 1084 772 1128 alia
788 1083 843 1128 de
861 1084 1020 1142 Spiritu
1041 1105 1051 1140 3
1076 1099 1163 1128 una
1182 1093 1243 1127 cst
1261 1083 1315 1127 de
1339 1099 1456 1128 mor-

70 1155 264 1209 talitate,
297 1154 378 1199 alia
409 1155 463 1198 de
495 1155 770 1212 aeternitate3
799 1170 885 1198 una
923 1164 985 1198 est
1019 1153 1073 1198 de
1095 1154 1288 1198 masculo
1310 1163 1353 1198 et
1374 1154 1457 1198 soe-

69 1227 202 1279 mina,
218 1224 298 1269 alia
320 1224 374 1269 dc
397 1228 485 1269 Deo
508 1234 551 1268 et
568 1223 771 1270 Ecclesia.
790 1224 873 1269 Sed
888 1226 991 1284 ipsae
1009 1223 1108 1268 duae
1126 1223 1308 1283 singulae
1326 1233 1421 1268 sunt
1444 1245 1454 1280 3

70 1311 150 1340 nec
171 1295 243 1339 illa
265 1304 406 1355 potest
427 1296 588 1355 repeti,·
603 1310 682 1340 nec
703 1294 791 1339 illa.
812 1299 945 1340 Recte
968 1295 1176 1339 intellexit
1195 1295 1456 1340 Nicodemus

70 1367 338 1411 nativitatem
357 1368 496 1411 carnis
516 1387 523 1411 :
549 1367 607 1411 sic
629 1376 672 1410 et
691 1375 738 1410 tu
760 1365 954 1425 intellige
972 1367 1240 1410 nativitatem
1264 1367 1453 1426 spiritus,

70 1436 293 1497 quomodo
324 1436 535 1481 intellexit
563 1435 825 1482 Nicodemus
853 1437 1121 1482 nativitatem
1152 1439 1306 1481 carnis.
1340 1436 1456 1490 Quid

70 1509 331 1553 Nicodemus
354 1506 596 1552 intellexit?
622 1527 641 1549 «
671 1507 894 1568 Numquid
916 1517 1056 1568 potest
1085 1509 1219 1552 homo
1242 1507 1386 1551 denuo
1412 1507 1455 1550 in

78 1599 92 1618 »
128 1587 325 1623 ventrem
348 1572 495 1623 matris
513 1594 601 1623 suae
622 1578 800 1633 intrare,
821 1588 864 1622 et
887 1579 1035 1622 nasci?
1056 1596 1074 1619 »
1104 1578 1171 1623 Sic
1189 1577 1456 1637 quicumque

72 1648 149 1692 tibi
170 1647 326 1692 dixerit
339 1683 350 1703 ,
366 1657 415 1691 ut
436 1648 684 1707 spiritaliter
703 1648 860 1692 iterum
875 1648 1061 1692 nascaris
1080 1667 1088 1692 2
1108 1646 1321 1707 responde
1336 1647 1455 1707 quod

71 1716 179 1761 dixit
194 1717 456 1762 Nicodemus
470 1752 480 1771 ‚
505 1736 524 1758 «
545 1716 770 1776 Numquid
791 1726 933 1776 potest
953 1718 1082 1761 homo
1100 1718 1257 1760 iterum
1281 1717 1325 1760 in
1347 1730 1454 1761 ven-

73 1805 94 1828 »
130 1796 240 1831 trem
262 1789 410 1831 matris
428 1803 517 1832 suae
546 1788 728 1841 intrare,
753 1796 796 1831 et
817 1788 962 1830 nasci?
983 1807 1001 1829 »
1024 1789 1119 1831 Jam
1137 1796 1264 1830 natus
1282 1801 1376 1830 sum
1400 1786 1456 1830 de

72 1857 210 1902 Adam
226 1893 237 1912 ‚
261 1873 350 1901 non
371 1873 441 1901 me
463 1866 606 1917 potest
621 1858 779 1901 iterum
802 1871 1004 1915 generare
1026 1859 1165 1902 Adam
1193 1877 1201 1902 :
1221 1859 1311 1917 jam
1329 1866 1456 1901 natus

70 1942 166 1970 sum
188 1927 243 1970 de
259 1927 454 1979 Christo,
474 1942 563 1971 non
586 1942 655 1970 me
678 1935 818 1986 potest
835 1927 991 1971 iterum
1017 1942 1220 1985 generare
1237 1927 1449 1972 Christus.

71 1998 302 2051 Quomodo
325 2007 473 2041 uterus
490 2014 579 2042 non
602 2007 744 2058 potest
761 1999 894 2058 repeti
912 2033 922 2054 ‚
948 1999 1006 2042 sic
1024 2014 1102 2043 nec
1123 1999 1375 2058 baptismus.

129 2069 225 2112 VII.
252 2068 336 2120 Qui
364 2069 553 2113 nascitur
585 2068 640 2112 de
674 2068 864 2113 Ecclesia
899 2068 1136 2125 catholica,
1168 2079 1375 2128 tanquam
1399 2067 1454 2113 de

73 2139 174 2182 Sara
197 2138 408 2193 nascitur,
429 2137 483 2182 de
499 2138 634 2181 libera
654 2139 844 2183 nascitur
859 2174 870 2194 ‚
888 2139 963 2199 qui
985 2140 1175 2184 nascitur
1197 2139 1251 2183 de
1272 2139 1424 2183 haeresi
1440 2174 1450 2194 ‚

72 2216 279 2267 tanquam
298 2206 353 2251 de
371 2208 524 2252 ancilla
545 2209 755 2264 nascitur,
776 2209 851 2253 scd
869 2224 918 2253 ex
935 2211 1097 2255 semine
1116 2210 1350 2254 Abraham.
1371 2208 1454 2253 Ad-

72 2286 211 2322 vcrtat
250 2279 446 2323 Charitas
489 2281 641 2323 Vestra
679 2296 809 2340 quam
864 2296 1073 2340 magnum
1108 2284 1450 2326 Sacramentum.

75 2351 273 2391 Testatur
308 2351 446 2404 Deus,
472 2358 515 2393 et
541 2349 673 2403 dicit,
703 2369 723 2392 «
748 2353 839 2408 Ego
868 2366 963 2394 sum
992 2354 1104 2395 Deus
1138 2352 1383 2405 Abraham,
1413 2359 1455 2394 et

77 2435 95 2457 »
133 2420 244 2461 Deus
274 2420 390 2462 Isaac
408 2453 419 2473 ‚
444 2428 487 2463 et
508 2422 621 2463 Deus
651 2419 786 2464 Jacob
802 2423 834 2464 ².
863 2439 882 2462 »
911 2424 1007 2466 Non
1030 2430 1152 2466 crant
1174 2422 1245 2465 alii
1273 2420 1454 2481 patriar-

72 2487 199 2530 chae?
220 2502 310 2531 non
331 2497 422 2533 erat
442 2498 541 2533 ante
568 2489 669 2533 istos
705 2498 877 2534 sanctus
899 2493 990 2536 Noe
1009 2527 1020 2546 ,
1052 2492 1127 2551 qui
1157 2491 1272 2536 solus
1294 2492 1338 2534 in
1358 2498 1450 2533 toto

122 2576 130 2592 ¹
147 2571 237 2603 Joan.
252 2581 301 2612 111,
318 2570 351 2612 4.
369 2587 409 2596 -
431 2578 444 2596 ²
456 2572 555 2604 Exod.
579 2582 624 2612 in,
641 2572 672 2603 6.
