1809 3173
389 181 473 221 428
826 194 859 222 S.
896 194 1126 224 AUGUSTINI
1159 198 1339 224 EPISCOPI

389 277 410 301 »
447 259 568 302 tris1.
593 276 613 299 »
639 258 707 303 Ad
733 259 815 304 hoc
841 276 944 320 ergo
966 260 1053 316 illi,
1079 280 1099 304 «
1126 264 1190 305 Tu
1213 262 1309 321 quis
1337 264 1410 306 es?
1435 280 1455 303 »
1479 263 1625 307 Veluti
1647 280 1770 324 quae-

388 338 530 374 rcntcs
549 345 672 374 nosse
693 331 738 374 in
761 347 890 391 quem
911 332 1122 376 deberent
1139 334 1337 387 crederc,
1355 349 1410 376 ne
1431 333 1475 376 in
1496 349 1573 377 suo
1596 345 1772 393 peccato

387 411 673 446 morerentur.
702 403 942 462 Respondit
965 404 1225 447 dicentibus.
1252 424 1270 445 «
1291 408 1354 448 Tu
1377 406 1472 464 quis
1493 421 1563 461 es,
1583 425 1601 447 »
1629 416 1672 451 ct
1695 408 1768 462 ait,
1808 461 1809 465 Ἰ

392 491 409 511 «
448 472 713 532 Principium
730 508 740 528 ,
761 476 862 533 quia
886 483 929 516 et
950 473 1106 532 loquor
1125 474 1259 517 vobis.
1279 493 1299 515 n
1320 475 1361 519 Si
1376 491 1420 519 se
1439 476 1545 520 dixit
1564 477 1771 522 Dominus
1808 527 1809 532 Ἰ

388 558 478 586 θεεθ
501 544 776 602 principium,
799 544 935 603 quaeri
958 553 1100 603 potest
1123 554 1271 588 utrum
1300 555 1343 588 et
1363 549 1487 589 Pater
1509 548 1772 607 principium
1808 600 1809 605 Ἰ

387 613 456 656 εἰῖ.
488 615 529 657 Si
563 614 675 656 enim
718 613 851 657 Filius
886 615 1147 673 principium
1184 624 1247 658 est
1280 616 1355 675 qui
1400 616 1533 660 habet
1571 621 1742 661 Patrem
1759 654 1769 673 ‚
1808 609 1809 615 ¹

388 693 554 743 quanto
584 683 751 727 facilius
777 684 1086 743 intelligendus
1118 695 1181 729 est
1204 689 1313 729 Deus
1340 690 1463 731 Pater
1492 703 1580 731 esse
1611 688 1773 747 princi-

388 755 508 813 pium
526 789 536 807 ,
571 755 646 813 qui
675 755 807 798 habet
835 755 1013 814 quidem
1044 755 1202 799 Filium
1235 757 1305 800 cui
1338 760 1463 800 Pater
1485 759 1560 812 sit,
1586 759 1657 802 sed
1685 776 1774 803 non
1808 817 1809 822 1

388 826 520 868 habet
543 824 598 868 de
620 842 708 885 quo
730 826 783 869 sit
800 828 817 867 ⁴?
836 825 970 870 Filius
999 828 1114 870 enim
1147 828 1281 871 Patris
1314 838 1376 872 est
1400 828 1557 884 Filius,
1582 839 1625 874 et
1648 834 1775 874 Pater

387 895 540 955 utique
564 896 661 940 Filii
688 901 812 941 Pater
850 907 912 941 est
935 917 943 942 :
969 899 1044 942 sed
1082 902 1195 943 Deus
1220 902 1275 943 de
1309 903 1396 943 Deo
1419 901 1552 945 Filius
1585 900 1771 956 dicitur,

387 965 536 1009 lumen
557 966 611 1010 de
628 966 793 1011 lumine
812 967 947 1011 Filius
969 968 1128 1012 dicitur
1147 989 1154 1013 :
1176 973 1300 1013 Pater
1322 970 1479 1014 dicitur
1501 971 1648 1014 lumen
1663 1007 1674 1026 ‚
1699 972 1774 1016 sed

388 1053 475 1081 non
503 1037 558 1081 de
595 1037 788 1095 lurnine3
810 1043 936 1083 Pater
958 1040 1117 1084 dicitur
1139 1044 1252 1084 Deus
1268 1076 1278 1094 ,
1314 1040 1386 1084 sed
1412 1057 1502 1085 non
1524 1041 1577 1085 de
1601 1046 1703 1087 Deo.
1732 1044 1774 1087 Si

387 1123 490 1166 ergo
514 1111 627 1152 Deus
663 1108 716 1152 de
756 1113 865 1163 Deo,
905 1110 1055 1153 lumen
1097 1110 1151 1154 de
1188 1110 1352 1154 lumine
1383 1112 1645 1171 principium
1679 1122 1742 1157 est
1761 1134 1771 1169 3

386 1188 552 1239 quanto
577 1179 744 1223 facilius
767 1180 1024 1239 intelligitur
1047 1181 1312 1240 principium
1336 1180 1484 1225 lumen
1509 1183 1563 1226 de
1593 1199 1681 1242 quo
1702 1184 1772 1227 lu-

386 1267 487 1294 men
503 1286 514 1305 ‚
540 1261 583 1294 et
605 1255 718 1295 Deus
741 1251 795 1295 de
826 1268 914 1312 quo
948 1256 1090 1296 Deus?
1113 1253 1296 1297 Vidctur
1328 1257 1474 1314 itaque
1505 1255 1769 1312 absurdum,

383 1321 646 1376 charissimi,
692 1331 740 1366 ut
770 1323 929 1366 Filium
966 1323 1159 1367 dicamus
1191 1324 1451 1383 principium
1469 1359 1481 1379 ,
1519 1334 1560 1369 et
1598 1329 1770 1370 Patrem

383 1392 645 1451 principium
666 1408 754 1436 non
777 1391 990 1436 dicamus.

444 1466 501 1506 II.
540 1462 623 1507 Sed
646 1463 754 1522 quid
787 1465 995 1523 agemus?
1012 1463 1236 1524 Numquid
1259 1464 1348 1508 duo
1376 1474 1506 1509 erunt
1534 1466 1773 1525 principia?

383 1533 639 1577 Cavendum
652 1543 714 1578 est
728 1535 810 1578 hoc
827 1535 986 1578 dicere.
1005 1534 1120 1587 Quid
1135 1550 1252 1592 ergo,
1267 1535 1301 1578 si
1315 1544 1357 1579 et
1372 1539 1497 1579 Pater
1510 1537 1770 1595 principium

381 1613 424 1647 et
450 1603 584 1647 Filius
609 1604 895 1663 principium,
921 1604 1144 1665 quomodo
1169 1621 1257 1649 non
1276 1605 1365 1650 duo
1389 1606 1771 1665 principiaPQuo-

382 1673 512 1718 modo
535 1674 719 1718 dicimus
742 1681 909 1719 Patrem
928 1679 1065 1720 Deum
1084 1685 1125 1719 et
1148 1676 1307 1720 Filium
1332 1679 1497 1731 Deum,
1523 1692 1603 1720 nec
1626 1687 1771 1723 tamen
1808 1722 1809 1725 ,

381 1744 566 1788 dicimus
588 1745 697 1790 duos
721 1745 839 1790 deos.
859 1745 986 1791 Nefas
1009 1756 1072 1790 est
1087 1748 1202 1791 enim
1222 1748 1364 1791 dicere
1382 1747 1490 1792 duos
1509 1747 1625 1792 deos.
1642 1748 1770 1794 Nefas

380 1824 443 1859 est
465 1815 606 1858 dicere
629 1826 713 1860 tres
736 1816 838 1860 deos
863 1837 871 1861 ;
899 1827 941 1860 θῖ
962 1827 1107 1861 tamen
1129 1819 1206 1877 qui
1229 1822 1355 1862 Pater
1376 1828 1439 1863 est
1456 1853 1466 1873 ‚
1491 1834 1581 1862 non
1610 1828 1673 1863 est
1695 1820 1770 1863 Fi-

380 1885 485 1943 lius3
510 1887 585 1946 qui
609 1886 745 1930 Filius
767 1896 852 1941 est,
883 1903 973 1931 non
995 1897 1058 1931 est
1082 1892 1209 1931 Pater
1235 1908 1243 1932 :
1273 1890 1454 1948 Spiritus
1477 1899 1621 1933 autem
1644 1906 1770 1934 sanc·
1806 1923 1809 1941 ,-

380 1966 450 2001 tus
469 1958 604 2001 Patris
618 1966 661 2002 et
678 1957 775 2001 Filii
798 1957 1001 2017 Spiritus,
1023 1973 1103 2001 nec
1122 1961 1248 2001 Pater
1263 1968 1418 2003 estnec
1438 1959 1587 2003 Filius.
1607 1962 1770 2013 Quam-
1806 1955 1809 1958 ’

379 2029 443 2073 vis
470 2045 595 2089 ergo,
633 2029 744 2073 sicut
767 2045 890 2073 aures
924 2029 1150 2073 catholicae
1173 2039 1274 2073 sunt
1305 2031 1488 2073 eruditae
1520 2031 1566 2074 in
1603 2033 1768 2089 gremio

379 2101 527 2145 matris
550 2101 749 2145 Ecclesiae
765 2137 775 2157 ,
800 2117 879 2145 nec
896 2099 968 2144 ille
993 2100 1069 2160 qui
1094 2110 1157 2144 est
1177 2104 1304 2144 Pater
1326 2101 1379 2144 sit
1402 2100 1559 2156 Filius,
1582 2117 1661 2146 nec
1694 2102 1768 2147 ille
1807 2133 1809 2167 3

379 2172 456 2232 qui
478 2181 540 2215 est
564 2171 698 2215 Filius
715 2172 770 2215 sit
792 2175 939 2226 Pater,
960 2187 1040 2215 nec
1066 2171 1246 2230 Spiritus
1265 2180 1439 2215 sanctus
1460 2172 1595 2215 Patris
1613 2182 1656 2216 et
1669 2173 1768 2217 Filii
1807 2178 1809 2220 ᾖ

379 2243 434 2287 sit
453 2242 522 2287 vel
544 2243 677 2286 Filius
695 2243 763 2286 vel
778 2246 924 2297 Pater,
944 2252 1028 2286 tres
1052 2242 1155 2286 deos
1179 2251 1326 2286 tamen
1341 2258 1429 2286 esse
1451 2259 1539 2287 non
1555 2242 1736 2287 dicimus
1755 2264 1764 2289 2

379 2313 576 2374 quamvis
593 2312 648 2356 de
665 2311 843 2371 singulis
864 2313 896 2356 si
919 2321 1164 2373 quaeratur,
1191 2328 1362 2357 necesse
1385 2322 1447 2357 est
1473 2314 1526 2357 de
1548 2329 1766 2374 quocum-

380 2401 466 2446 que
487 2385 739 2442 interrogati
757 2384 982 2440 fuerimus,
1001 2389 1136 2429 Deum
1161 2401 1250 2429 esse
1264 2384 1495 2429 fateamur.

441 2458 522 2499 III.
550 2457 606 2499 Et
633 2454 820 2500 absurda
837 2456 917 2501 ista
943 2456 1149 2501 videntur
1170 2456 1422 2501 hominibus
1442 2455 1566 2501 solita
1589 2456 1767 2501 trahen-

428 2549 438 2566 ¹
459 2541 548 2573 Joan.
566 2551 637 2579 vm,
652 2539 707 2582 24.
