1825 3214
294 231 336 256 m
371 226 544 257 Jomms
575 224 888 267 numanum,
923 228 1069 258 TnAcT.
1107 232 1230 258 xnu.
1356 217 1439 256 483

60 294 292 338 Dominum
322 309 448 339 suum
482 294 738 352 significavit
761 295 964 340 addendo
981 331 991 351 ,
1015 305 1058 340 et
1083 297 1178 356 jura
1202 312 1278 356 per
1305 297 1442 339 Deum

58 363 175 408 coeli.

115 435 260 478 xvu.
285 453 304 476 «
331 433 588 478 IratiJudaei
612 432 952 494 responderunt,
982 452 1002 476 «
1028 435 1352 495 Quinquaginta
1371 450 1446 479 an·

61 522 80 545 »
117 520 193 548 nos
218 505 412 549 nondum
437 505 594 559 habes,
616 514 657 549 et
681 504 900 549 Abraham
933 505 1104 549 vidisti¹
1135 525 1142 550 :
1172 524 1191 546 »
1219 509 1274 550 Et
1301 505 1447 550 Domi-—

57 590 138 618 nus
165 594 173 619 :
218 595 237 617 «
273 579 438 629 Amen,
476 591 601 619 anien
638 575 736 619 dico
768 575 918 630 vobis,
960 584 1194 635 antequam
1226 576 1445 620 Abraham

59 661 79 686 η
115 646 262 701 ficret,
290 661 370 705 ego
388 660 482 690 sum
497 649 528 689 2.
558 664 576 686 »
604 645 815 705 Appende
847 645 1002 701 verba,
1029 654 1072 688 et
1093 659 1304 704 cognosce
1326 659 1445 704 mys-

56 716 229 771 terium,
252 736 271 758 «
294 720 540 776 Antequam
564 716 783 760 Abraham
803 716 939 759 steret.
964 734 983 756 »
1006 714 1220 774 Intellige,
1243 735 1262 757 «
1284 717 1406 760 ficret
1422 735 1442 758 >i

56 787 110 831 ad
132 788 366 831 humanam
390 787 630 842 facturam,
661 805 681 830 «
706 800 801 832 sum
829 805 848 827 n
880 801 983 831 vero
1006 786 1059 831 ad
1091 786 1282 831 divinam
1312 787 1447 846 perti-

55 873 158 901 nere
180 858 478 902 substantiam.
511 878 530 900 «
559 859 700 902 Fieri-t
715 893 725 912 ,
749 858 883 918 »quia
907 866 1103 901 creatura
1126 866 1190 900 est
1207 857 1443 902 Abraham.

55 931 153 974 Non
194 928 328 985 dixit,
364 933 611 988 Antequam
641 928 861 973 Abraham
896 936 1006 972 esset
1044 942 1124 985 ego
1164 942 1305 986 eram3
1343 929 1445 984 sed,

61 1018 80 1042 «
114 1004 362 1061 Antequam
386 1001 606 1044 Abraham
630 1001 768 1055 fieret,
794 1018 812 1041 n
836 999 913 1060 qui
942 996 1022 1044 nisi
1046 1013 1122 1058 per
1148 1014 1220 1044 me
1251 1014 1342 1043 non
1366 1000 1445 1043 fie-

55 1080 141 1125 ret,
171 1091 190 1112 «
210 1087 291 1130 ego
313 1086 424 1115 sum.
447 1090 467 1111 v>
493 1073 644 1131 Neque
682 1072 765 1115 hoc
793 1071 928 1125 dixit,
953 1074 1202 1130 Antequam
1226 1070 1447 1114 Abraham

56 1141 204 1196 fieret,
245 1158 323 1200 ego
351 1141 487 1186 lactus
520 1157 633 1186 sum.
664 1161 683 1183 «
709 1145 756 1184 In
796 1141 1006 1199 principio
1039 1141 1153 1184 enim
1190 1139 1293 1184 fecit
1332 1144 1446 1185 Deus

58 1230 77 1252 n
114 1210 274 1256 coelum
300 1222 343 1256 et
379 1213 560 1256 terram³
583 1231 591 1256 ε
620 1230 641 1252 n
666 1212 829 1254 namin
855 1211 1067 1270 principio
1093 1218 1184 1254 erat
1201 1210 1440 1255 Verbum&

58 1300 77 1322 »
114 1287 361 1343 Antequam
380 1282 731 1327 fieretAbraham
749 1317 760 1336 ,
786 1296 864 1340 ego
889 1295 1000 1325 sum.
1025 1300 1044 1322 n
1065 1281 1296 1338 Agnoscite
1319 1283 1443 1326 Crea-

59 1361 215 1407 torem,
253 1352 483 1397 discernite
527 1361 785 1396 creaturam.
836 1351 918 1404 Qui
957 1350 1222 1410 loquebatur
1239 1385 1250 1405 ,
1296 1364 1445 1395 semen

53 1422 239 1467 Abrahae
258 1422 395 1467 factus
418 1431 531 1481 erat3
552 1430 595 1466 et
618 1430 667 1466 ut
685 1421 906 1466 Abraham
924 1420 1071 1475 fieret,
1097 1428 1197 1464 ante
1218 1420 1442 1465 Abraham

53 1493 144 1553 ipse
166 1500 271 1537 erat.
1348 1490 1360 1500 “

109 1565 276 1608 XVIII.
316 1564 428 1607 Hinc
445 1564 535 1623 jam
564 1560 686 1606 velut
722 1560 908 1605 Abrahae.
940 1559 1207 1619 apertissimo
1243 1560 1442 1606 convicio

51 1635 377 1680 commotisunt
397 1634 549 1677 acrius.
579 1631 906 1691 Blasphemasse
927 1630 1091 1690 quippe
1120 1629 1203 1673 illis
1235 1631 1349 1675 visus
1376 1640 1440 1676 est

50 1705 261 1750 Dominus
282 1705 479 1750 Christus
493 1738 503 1758 ‚
524 1702 731 1762 quoniam
749 1701 858 1745 dixit
872 1736 882 1755 ‚
906 1718 925 1742 «
946 1704 1194 1759 Antequam
1216 1701 1439 1746 Abraham

51 1795 70 1818 n
105 1778 253 1829 fieret,
291 1789 371 1832 ego
393 1789 504 1818 surn.
533 1772 747 1816 Tulerunt
767 1785 871 1829 ergo
892 1769 1057 1829 lapides
1086 1778 1135 1814 ut
1163 1771 1358 1830 jacerent
1390 1773 1435 1816 in

52 1865 72 1888 »
108 1848 251 1890 eum⁵.
275 1864 294 1886 »
322 1847 458 1888 Tanta
494 1843 654 1887 duritia
691 1856 781 1902 quo
802 1849 1017 1895 curreret,
1043 1840 1124 1884 nisi
1157 1841 1213 1884 ad
1247 1841 1438 1886 similes?

53 1932 73 1958 «
107 1920 230 1960 Jesus
265 1923 433 1969 autem,
475 1932 496 1954 »
539 1922 749 1972 tanquam
778 1911 934 1965 homo,
965 1919 1175 1969 tanquam
1215 1910 1262 1954 in
1297 1911 1436 1956 forma

47 1988 184 2041 servi,
220 1995 429 2045 tanquam
466 1982 671 2037 humilis,
709 1990 919 2040 tanquam
959 1993 1186 2039 passurus,
1224 1989 1437 2041 tanquam

46 2057 302 2109 moriturus,
328 2063 538 2113 tanquam
555 2065 633 2096 nos
656 2064 736 2096 suo
757 2050 967 2108 sanguine
986 2049 1291 2109 redempturus
1316 2066 1435 2096 :non

47 2136 254 2187 tanquam
278 2125 350 2169 ille
366 2124 442 2183 qui
463 2131 552 2177 est,
572 2135 662 2166 non
683 2131 893 2180 tanquam
915 2120 960 2163 in
977 2120 1195 2179 principio
1215 2123 1431 2178 Verbum,

48 2207 91 2241 et
112 2198 309 2241 Verbum
327 2192 445 2253 apud
467 2196 622 2237 Deum.
647 2194 757 2236 Nam
779 2202 879 2235 cum
897 2189 960 2234 illi
982 2190 1147 2250 lapides
1166 2188 1364 2236 tulerunt
1385 2202 1438 2237 ut

46 2268 270 2311 mitterent
303 2267 350 2309 in
378 2279 478 2309 eum
500 2298 510 2317 ,
535 2261 642 2322 quid
679 2271 890 2318 magnum
912 2270 1004 2305 erat
1037 2270 1087 2304 ut
1123 2273 1196 2305 eos
1223 2264 1436 2308 continuo

48 2337 272 2383 dehiscens
293 2346 406 2381 terra
427 2334 621 2379 sorberet
637 2367 647 2387 ‚
675 2341 717 2375 et
736 2344 817 2390 pro
834 2331 1048 2390 lapidibus
1080 2331 1242 2376 inferos
1262 2333 1436 2378 inveni-

49 2412 175 2454 rent?
206 2412 302 2454 Non
327 2416 417 2451 erat
449 2418 656 2463 magnum
690 2406 779 2447 Deo
805 2421 813 2446 t
838 2402 913 2446 sed
940 2403 1074 2460 magis
1096 2412 1187 2446 erat
1210 2419 1437 2449 commen-

100 2511 108 2527 ¹
125 2506 218 2537 Joan.
239 2513 314 2545 vm,
339 2502 392 2543 57.
414 2518 456 2524 —
477 2507 488 2523 ²
507 2499 588 2531 ibid.
611 2497 664 2530 58.
691 2514 732 2519 —-
751 2495 762 2519 3
781 2499 861 2528 Gen.
888 2504 910 2537 ι’,
935 2502 961 2528 r.
994 2514 1026 2518 -
1052 2496 1176 2528 4J0an.
1194 2508 1218 2537 1,
1243 2508 1268 2527 i.
1296 2517 1329 2520 -κ
1352 2497 1429 2531 51d·

53 2572 120 2603 vm,
144 2560 196 2603 59.

1161 2605 1225 2644 31.
