1809 3173
374 180 457 218 436
518 178 523 180 ’
805 189 837 216 S.
876 189 1103 218 AUGUSTINI
1139 192 1315 219 EPISCOPI

372 255 525 298 damus
540 288 551 309 ,
576 263 619 298 et
643 255 696 298 ad
719 255 1002 299 imitationem
1025 271 1125 300 cum
1150 271 1304 314 magna
1327 257 1625 301 exhortatione
1648 273 1751 317 pro-

370 327 588 385 ponimus.
614 326 744 370 Misso
777 326 891 370 enim
934 327 1120 386 desuper
1154 329 1315 387 Spiritu
1345 338 1492 372 sancto
1528 338 1625 388 post
1664 333 1752 374 Do-

366 411 474 439 mini
497 411 738 454 passlonem
761 405 803 440 et
839 397 1197 441 resurrectionem
1229 408 1272 442 et
1301 399 1593 443 ascensionem
1610 435 1620 454 ,
1652 416 1752 443 eum

366 466 573 511 miracula
592 467 744 511 fierent
760 467 807 511 in
824 469 916 528 ejus
935 468 1127 523 nomine,
1150 483 1280 528 quem
1303 479 1510 530 tanquam
1531 479 1753 514 mortuum

365 548 674 598 persequentes
683 542 707 582 J
713 539 825 582 udaei
838 548 1303 598 contempserant‚com
1311 542 1460 599 puncti
1473 550 1573 584 sunt
1586 541 1751 598 corde13

362 619 406 653 et,
425 610 501 670 qui
519 610 744 655 saevientes
763 609 1033 664 occiderunt,
1056 611 1212 654 mutati
1230 610 1532 669 erediderunt3
1557 621 1600 655 et
1621 628 1752 672 quem

363 681 620 739 sanguinem
657 680 876 730 saeviendo
908 680 1141 736 fuderunt,
1174 682 1393 726 credendo
1416 682 1622 726 biberunt
1648 702 1657 727 ε
1682 682 1753 726 illa

362 752 444 794 tria
483 750 635 805 millia,
660 760 704 794 et
726 750 798 794 illa
820 751 1017 812 quinque
1055 752 1189 796 millia
1225 752 1521 808 Judaeorum2‚
1556 769 1664 814 quos
1691 753 1753 796 ibi

361 822 544 866 videbat
562 857 573 876 ,
619 821 799 881 quando
848 822 1049 879 dicebat,
1079 844 1098 866 «
1141 826 1252 869 Cum
1294 825 1578 869 exaltaveritis
1613 825 1752 868 filium

362 893 577 947 hominis,
616 902 722 937 tune
754 895 1022 952 cognoscetis
1058 895 1160 955 qnia
1195 911 1274 953 ego
1309 897 1448 938 sum3.
1479 914 1498 936 »
1528 898 1751 955 Tanquam

363 964 534 1018 dicens,
561 964 717 1008 differo
739 966 1033 1024 cognitionem
1055 976 1241 1010 vestram
1258 1002 1268 1020 ‚
1295 976 1344 1009 ut
1365 965 1567 1024 impleam
1592 967 1752 1025 passio-

363 1051 462 1079 nem
487 1051 625 1079 meam
646 1055 654 1080 :
680 1036 836 1080 ordine
858 1047 1000 1081 vestro
1022 1037 1287 1095 cognoscetis
1310 1038 1385 1097 qui
1410 1037 1503 1080 sim.
1530 1039 1627 1081 Non
1652 1037 1752 1096 quia

362 1122 510 1151 omnes
534 1116 640 1151 tunc
659 1117 782 1151 erant
799 1107 1005 1151 credituri
1043 1124 1093 1151 ex
1116 1108 1163 1152 iis
1200 1108 1275 1167 qui
1299 1107 1563 1163 audiebant,
1592 1106 1637 1150 id
1659 1117 1747 1162 est,

361 1188 459 1236 post
481 1178 721 1237 passionem
746 1179 918 1222 Domini
943 1198 950 1222 :
972 1195 1071 1222 nam
1096 1178 1226 1238 paulo
1255 1189 1352 1237 post
1374 1179 1500 1235 dicit3
1530 1198 1549 1220 «
1571 1181 1674 1223 Haec
1700 1195 1751 1223 co

362 1265 383 1289 »
419 1246 628 1307 loquente
649 1283 659 1302 ‚
696 1247 823 1291 multi
860 1248 1144 1292 crediderunt
1174 1250 1214 1291 in
1242 1264 1340 1291 eum
1360 1250 1391 1302 4,
1422 1268 1442 1289 »
1481 1258 1523 1292 et
1552 1250 1752 1293 nondum

361 1318 570 1362 exaltatus
605 1328 694 1362 erat
733 1318 846 1362 filius
873 1319 1074 1362 hominis.
1101 1318 1421 1362 Exaltationem
1450 1319 1613 1379 quippe
1648 1319 1752 1364 dicit

360 1388 591 1448 passionis,
618 1405 706 1432 non
730 1389 1083 1447 glorificationis3
1109 1389 1247 1433 crucis
1265 1425 1275 1443 ‚
1313 1405 1401 1433 non
1433 1390 1531 1433 coeli
1552 1409 1560 1434 :
1587 1391 1687 1449 quia
1709 1400 1753 1434 et

362 1460 423 1504 ibi
445 1460 658 1504 exaltatus
683 1470 766 1514 est,
789 1460 968 1520 quando
992 1461 1200 1520 pependit
1224 1462 1266 1504 in
1283 1461 1419 1520 ligno.
1448 1462 1531 1505 Sed
1553 1461 1624 1505 illa
1643 1460 1751 1505 exal-

362 1530 471 1574 tatio
493 1530 722 1589 humiliato
751 1529 851 1574 fuit.
878 1551 897 1572 «
929 1534 1052 1576 Tunc
1070 1532 1186 1575 enim
1209 1531 1348 1575 factus
1371 1541 1433 1575 est
1450 1532 1658 1576 obediens
1675 1548 1751 1575 us-

366 1620 387 1644 »
423 1618 510 1662 que
533 1600 587 1646 ad
609 1593 793 1647 mortem
824 1603 1005 1647 crucis⁵.
1035 1622 1055 1644 »
1083 1606 1176 1647 Hoc
1213 1603 1443 1662 oportebat
1477 1603 1647 1662 impleri
1675 1618 1752 1662 per

362 1688 514 1718 eorum
539 1689 692 1718 manus
714 1675 790 1734 qui
814 1684 961 1734 postea
985 1674 1158 1718 fuerant
1179 1673 1410 1729 credituri,
1433 1674 1591 1734 quibus
1616 1674 1748 1728 dicit,

366 1764 386 1787 α
421 1747 534 1790 Cum
553 1745 837 1789 exaltaveritis
858 1745 982 1789 filum
1000 1746 1187 1789 hominis
1203 1781 1213 1801 ‚
1241 1756 1346 1790 tunc
1361 1746 1626 1804 cognoscetis
1649 1746 1752 1805 quia

365 1834 386 1856 »
423 1830 502 1873 ego
527 1831 638 1859 sum.
668 1835 687 1856 »
716 1821 855 1868 Quare
876 1817 960 1860 hoe
977 1852 987 1870 ‚
1008 1817 1088 1859 nisi
1107 1826 1155 1860 ut
1178 1832 1306 1860 nemo
1323 1817 1567 1876 desperaret
1590 1817 1631 1859 in
1647 1832 1752 1876 quo-

363 1901 553 1946 cumque
586 1887 745 1930 seelere
768 1885 879 1930 male
913 1887 993 1930 sibi
1036 1887 1253 1941 consuitis„
1281 1887 1456 1946 qnando
1490 1887 1666 1931 videbat
1693 1887 1752 1930 eis

365 1958 518 2001 donari
540 1956 827 2001 homicidium
850 1957 925 2016 qui
944 1956 1191 2000 occiderant
1214 1958 1468 2000 Chri-stum?

426 2030 507 2071 ΙΙΙ.
535 2031 623 2072 Hos
647 2043 750 2086 ergo
772 2028 816 2071 in
838 2027 912 2071 illa
935 2027 1061 2071 turba
1095 2042 1329 2084 agnoscens
1358 2027 1585 2081 Dominus,
1613 2027 1747 2081 dixit,

370 2118 389 2140 «
424 2100 536 2143 Cum
574 2097 860 2142 exaltaveritis
904 2096 1041 2141 filium
1079 2097 1266 2141 hominis
1284 2133 1294 2151 ,
1339 2107 1445 2144 tunc
1485 2098 1750 2156 cognoscetis
1805 2136 1807 2138 .

368 2187 389 2210 »
425 2170 527 2229 quia
550 2185 630 2229 ego
645 2185 740 2213 sum
757 2170 788 2211 ⁰.
813 2187 832 2209 »
858 2171 954 2212 Jam
977 2168 1109 2212 nostis
1129 2168 1235 2228 quid
1258 2167 1327 2222 sit,
1357 2187 1375 2210 «
1396 2184 1489 2212 sum
1508 2189 1518 2225 3
1542 2187 1561 2208 »
1588 2184 1667 2212 nee
1684 2185 1751 2212 as-

364 2239 488 2284 sidue
510 2241 798 2300 repetendum
816 2248 900 2294 est,
935 2255 990 2282 ne
1012 2239 1151 2298 pariat
1174 2254 1239 2282 res
1256 2248 1376 2283 tanta
1400 2238 1636 2283 fastidium.
1664 2243 1750 2283 Re-

366 2310 496 2355 colite
530 2309 667 2366 illud,
704 2313 840 2368 «Ego
871 2325 967 2353 sum
1002 2310 1078 2368 qui
1112 2324 1230 2364 sum,
1259 2327 1278 2351 »
1310 2318 1353 2353 et
1379 2327 1398 2350 «
1435 2309 1519 2362 Qui
1540 2318 1603 2352 est
1635 2310 1751 2354 misit

371 2400 393 2424 »
429 2384 555 2427 me⁷:
584 2401 604 2424 »
630 2391 674 2426 et
700 2381 937 2439 agnoscetis
959 2380 1067 2440 quid
1102 2379 1267 2424 dictum
1295 2380 1374 2435 sit‚
1404 2398 1424 2422 «
1461 2382 1583 2424 Tunc
1613 2381 1750 2424 scietis

420 2486 430 2502 ¹
446 2481 519 2511 Act.
535 2490 570 2520 n,
589 2478 643 2520 37.
658 2495 699 2501 —
718 2485 730 2500 ²
746 2477 827 2510 Ibid.
847 2477 903 2519 41,
930 2482 962 2509 et
975 2489 1023 2518 iv,
1043 2475 1075 2518 1'4·
1090 2493 1131 2499 —-
1149 2475 1162 2498 3
1188 2478 1278 2508 Joan.
1298 2486 1365 2516 viu,
1377 2478 1430 2507 28.
1453 2492 1494 2498 —
1513 2473 1528 2504 4
1546 2475 1626 2507 lbid.
1650 2475 1747 2508 30.—

371 2534 386 2559 5
403 2536 516 2578 Philip.
535 2536 616 2578 11‚8.
637 2554 678 2559 -
696 2534 711 2555 ‘³
726 2538 816 2568 Joan.
839 2546 909 2574 vni,
924 2535 977 2567 280
998 2550 1039 2557 —
1059 2541 1072 2566 7
1093 2534 1191 2567 Exod.
1211 2545 1256 2575 ιιι,
1278 2533 1329 2567 ιΔ.
1440 2539 1442 2542 ’
