1809 3173
380 199 464 238 374
780 207 813 236 s.
850 208 1080 238 Avens-nm
1111 210 1292 238 nptscom

351 277 431 319 bus
453 272 721 327 illuduntur,
749 273 849 318 feeit
870 273 985 319 diem
1016 276 1164 318 mortis
1187 276 1418 319 incertum.
1440 274 1627 328 Quando
1653 291 1731 319 ve-

350 347 442 389 niat
476 343 653 388 ultimus
683 345 795 400 dies,
832 348 982 389 neseis.
1023 350 1223 403 Ingratus
1256 363 1322 401 es,
1349 346 1447 406 quia
1473 346 1732 390 hodiernum

350 415 510 469 habes,
545 415 589 457 in
617 431 705 475 quo
738 416 992 472 corrigaris?
1026 416 1093 459 Sic
1123 431 1224 472 ergo
1247 417 1301 459 ad
1329 417 1450 460 istam
1480 416 1730 472 mulierem,

355 505 374 528 «
404 488 492 530 Nec
517 501 597 544 ego
614 495 656 529 te
674 485 892 530 damnabo
916 505 924 530 :
954 503 973 525 »
999 485 1072 528 sed
1097 484 1209 529 facta
1231 502 1377 530 secura
1403 488 1457 530 de
1482 488 1702 545 praeterito
1719 522 1730 542 ,

349 571 453 600 cave
476 555 637 600 futura.
668 575 687 597 «
713 559 800 600 Nec
822 570 900 612 ego
925 563 967 598 te
985 555 1203 599 damnabo
1233 574 1241 600 :
1271 574 1290 595 »
1315 555 1453 599 delevi
1474 556 1593 614 quod
1616 571 1735 599 eom-

347 627 515 682 misisti‚
545 627 724 671 observa
746 625 866 686 quod
885 626 1097 685 praecepi,
1121 634 1168 670 ut
1185 626 1377 671 invenias
1399 625 1519 685 quod
1540 626 1730 685 promisi.

344 806 378 822 M
384 804 1735 822 mmmmmmwwwwmwwwwmwwwmmmmmm

700 931 1105 980 TRACTATUS
1141 934 1341 980 XXXIV
1355 931 1384 979 ¹.

354 1085 405 1126 In
429 1081 561 1136 illud,
585 1081 637 1127 E
636 1097 699 1144 go
722 1098 826 1126 sum
847 1080 931 1126 lux
948 1079 1118 1126 mundi
1138 1101 1146 1127 z
1174 1082 1258 1140 qui
1281 1081 1493 1140 seqnitur
1520 1097 1617 1138 me,
1642 1098 1738 1127 non

441 1151 662 1197 ambulat
685 1154 731 1198 in
758 1151 980 1209 tenebris,
1016 1151 1105 1197 sed
1123 1150 1321 1196 habebit
1344 1150 1500 1196 lumen
1523 1152 1646 1196 vz'toe.

412 1312 448 1352 Ι.
483 1311 605 1361 Quon
647 1308 779 1353 modo
817 1309 1059 1352 audivimus
1086 1318 1129 1352 et
1152 1309 1309 1355 intenti
1340 1309 1608 1368 accepimus,
1638 1323 1739 1353 cum

319 1430 325 1434 ¹
352 1388 551 1423 sanetum
574 1379 859 1436 Evangelium
884 1379 1119 1436 legeretur,
1153 1395 1243 1423 non
1267 1379 1422 1423 dubito
1448 1379 1569 1440 quod
1590 1395 1738 1424 omnes

351 1448 482 1492 etiam
517 1448 757 1508 intelligere
785 1449 929 1493 eonati
963 1464 1110 1492 sumus
1144 1468 1153 1494 ε
1188 1458 1231 1492 et
1250 1449 1433 1509 quisque
1466 1459 1662 1494 nostrum
1685 1451 1740 1494 de

352 1535 398 1563 re
421 1530 508 1563 tam
534 1536 689 1579 magna
715 1537 815 1580 quae
831 1520 941 1564 lecta
960 1529 1048 1575 est,
1073 1536 1151 1580 pro
1178 1536 1256 1564 suo
1273 1520 1453 1565 modulo
1477 1522 1591 1580 cepit
1618 1522 1740 1581 quod

350 1592 523 1652 potuit3
559 1601 602 1635 et
634 1592 774 1651 posito
804 1608 917 1651 pane
943 1592 1090 1646 verbi,
1117 1607 1246 1636 nemo
1268 1601 1331 1636 est
1351 1592 1427 1652 qui
1457 1608 1501 1635 se
1531 1601 1740 1651 queratur

351 1662 461 1705 nihil
484 1671 690 1720 gustasse.
720 1661 804 1706 Sed
821 1663 980 1706 iterum
999 1678 1087 1706 non
1109 1661 1281 1716 dubito,
1298 1661 1399 1722 quia
1422 1661 1599 1706 difficile
1621 1663 1740 1722 quis-

354 1748 486 1792 quam
510 1742 588 1787 est,
617 1733 691 1792 qui
728 1741 871 1776 totum
898 1732 1171 1776 intellexerit.
1216 1735 1377 1775 Tamen
1399 1732 1564 1776 etiamsi
1585 1742 1647 1776 est
1665 1733 1740 1791 qui

351 1803 496 1847 omnia
519 1805 649 1848 verba
672 1805 844 1848 Domini
880 1805 1014 1848 nostri
1037 1807 1139 1852 Jesu
1172 1805 1332 1849 Christi
1358 1805 1490 1848 modo
1513 1821 1564 1848 ex
1593 1807 1739 1849 Evan-

352 1873 464 1931 gelio
486 1875 663 1918 recitata
679 1875 779 1918 satis
795 1873 1009 1932 intelligat
1021 1895 1035 1931 3
1051 1874 1205 1918 toleret
1222 1875 1508 1918 ministerium
1522 1886 1736 1931 nostrum,

349 1960 596 2005 quousque,
631 1947 664 1990 si
687 1946 913 2004 possimus,
955 1945 1030 1988 illo
1052 1945 1285 2005 adjuvante
1322 1945 1569 2000 tractando,
1602 1945 1739 1990 facia-

351 2030 449 2059 mus
472 2024 521 2059 ut
538 2015 604 2059 vel
623 2031 772 2059 omnes
789 2015 858 2060 vel.
875 2015 1002 2059 multi
1019 2015 1286 2074 intelligant,
1312 2015 1434 2075 quod
1455 2032 1499 2060 se
1522 2017 1647 2076 pauci
1668 2017 1739 2061 in-

352 2085 563 2129 tellexisse
579 2085 800 2130 laetantur.

414 2158 473 2199 II.
495 2156 620 2208 Quod
649 2156 708 2200 ait
731 2155 939 2200 Dominus
965 2174 973 2199 :
999 2174 1019 2197 «
1040 2157 1133 2214 Ego
1155 2171 1250 2199 sum
1273 2155 1348 2199 lux
1370 2156 1523 2199 mundi
1545 2159 1577 2206 2,
1601 2175 1621 2197 »
1647 2155 1738 2201 cla-

352 2240 451 2268 rum
474 2236 581 2284 puto
612 2242 700 2271 esse
733 2227 792 2271 eis
826 2226 901 2285 qui
924 2226 1089 2269 habent
1119 2225 1289 2280 oculos,
1324 2225 1441 2269 unde
1475 2226 1602 2286 hujus
1631 2227 1739 2272 lueis

349 2295 581 2355 participes
606 2298 711 2340 fiant
734 2316 743 2340 ε
769 2297 846 2357 qui
868 2306 1014 2340 autem
1034 2312 1121 2340 non
1137 2297 1303 2340 habent
1316 2296 1463 2340 oculos
1482 2297 1562 2340 nisi
1585 2298 1630 2340 in
1647 2297 1736 2344 sola

349 2380 492 2420 earne,
519 2367 730 2410 mirantur
752 2366 872 2427 quod
894 2366 1062 2410 dietum
1079 2377 1143 2410 est
1159 2382 1182 2410 a
1208 2367 1390 2411 Domino
1413 2370 1516 2410 Jesu
1542 2368 1731 2423 Christo,

351 2458 372 2483 ‹<
407 2441 501 2496 Ego
518 2452 613 2480 sum
631 2437 707 2480 lux
723 2436 892 2481 mundi.
916 2455 935 2478 »
955 2440 1011 2481 Et
1026 2436 1136 2481 [orte
1152 2453 1241 2481 non
1263 2437 1372 2481 desit
1389 2437 1465 2497 qui
1480 2437 1595 2482 dieat
1614 2438 1731 2498 apud

391 2541 401 2558 ¹
417 2534 550 2566 Habitus
562 2532 614 2565 die
628 2532 773 2575 proximo
793 2536 868 2565 ante
882 2535 1067 2565 Tractatum
1084 2532 1212 2575 subseq.
1229 2550 1270 2556 —
1285 2539 1298 2556 ²
1316 2535 1410 2566 Joan.
1428 2543 1499 2576 vm,
1523 2542 1574 2566 12.
