1825 3214
0 195 5 263 Ji
280 232 320 258 ιΝ
355 231 529 259 JoANNts
561 230 866 269 EVANGEL10M‚
899 234 1046 260 τιιΛεΤ.
1085 235 1204 262 xxiii.
1339 225 1418 264 261

0 269 5 323 l
44 314 64 337 »
99 296 241 339 facere
265 295 522 356 quidquam,
548 295 628 340 nisi
650 295 770 356 quod
793 296 947 341 viderit
970 302 1138 342 Patrem
1164 298 1391 345 facientem
1413 321 1423 346 ε

43 385 62 409 »
98 382 390 426 qurecumque
419 367 534 410 enim
568 366 638 410 ille
676 366 838 421 fecerit,
866 368 957 411 lime
991 379 1033 412 et
1071 369 1199 413 Filius
1231 372 1427 416 similiter

43 456 62 479 ι)
99 436 225 482 facit¹
251 457 258 482 :
285 457 302 478 n
329 437 501 492 caelum,
530 448 703 493 terram,
731 455 861 490 mare,
889 456 986 499 quse
1010 441 1053 483 in
1080 441 1209 495 melo,
1247 459 1345 502 qnze
1379 445 1424 488 in

40 518 166 562 terra,
187 524 285 568 quae
306 509 349 552 in
373 509 496 563 mari,
522 508 721 562 visibilia,
740 510 984 564 invisibilia,
1007 511 1205 555 animalia
1230 514 1271 554 in
1288 515 1424 570 terris,

3 587 5 593 ’
38 579 226 623 frutecta
261 579 304 622 in
333 580 458 637 agris,
492 580 683 623 natantia
706 580 748 622 in
779 581 917 640 aquis,
950 581 993 623 in
1018 585 1114 624 aifre
1151 581 1358 636 volantia,
1386 585 1427 628 in

39 649 351 694 coelolucentia
371 672 381 705 3
404 659 559 709 praeter
583 652 673 694 hfec
699 651 860 705 omnia,
889 650 1090 708 Angelos,
1114 653 1321 707 Virtutes,
1350 657 1428 698 Se-

38 719 138 773 des,
172 720 518 774 Dominationes,
548 721 839 779 l‘rincipatus,
880 724 1116 765 Potestates
1144 742 1151 766 :
1184 724 1327 767 onmia
1353 740 1430 783 per

38 792 179 850 ipsum
206 791 315 835 facta
341 802 456 836 sunt.
484 791 708 852 Numquid
735 795 845 835 Deus
868 793 1013 836 omnia
1036 793 1129 838 haee
1150 792 1266 848 feeit,
1288 804 1330 838 et
1348 796 1429 839 de-

38 862 294 906 monstravit
309 878 356 906 ea
377 863 487 906 facta
512 862 638 916 Filio,
661 871 708 906 ut
731 871 774 906 et
795 862 886 922 ipse
908 863 1071 907 faceret
1093 864 1276 909 alterum
1297 881 1429 910 mun-

36 930 142 975 dum
159 931 223 975 his
245 932 448 976 omnibus
469 931 648 991 plenum
666 934 684 976 Ρ
704 948 792 976 non
815 933 983 994 utique.
1011 934 1093 979 Sed
1109 935 1248 995 quid?
1265 955 1284 978 «
1301 939 1429 990 Quae-

3 1009 6 1012 ’
41 1022 62 1045 «
95 1018 284 1062 cumque
307 1004 421 1046 enim
444 1003 517 1047 ille
546 1002 723 1057 fecerit,
755 1005 864 1060 brec,
894 1023 913 1046 »
938 1021 1027 1050 non
1058 1005 1165 1061 alia,
1196 1006 1268 1051 sed
1293 1026 1309 1047 «
1333 1008 1427 1053 haee

39 1091 59 1114 »
95 1082 137 1117 et
160 1073 310 1127 Filius,
343 1093 361 1114 »
389 1089 468 1117 nec
490 1073 766 1129 dissimiliter,
785 1074 861 1119 sed
887 1095 906 1117 «
934 1076 1129 1120 similiter
1156 1076 1272 1121 facit.
1302 1081 1428 1122 Pater

39 1161 60 1184 »
95 1145 210 1188 enim
234 1143 370 1202 diligit
394 1144 564 1204 Filium,
600 1154 643 1190 et
665 1146 811 1189 omnia
834 1145 1103 1191 demonstrat
1135 1148 1173 1190 ei
1203 1164 1302 1208 quae
1335 1149 1426 1208 ipse

38 1232 60 1255 »
94 1214 198 1259 facit
212 1218 245 1261 ².
266 1233 285 1257 »
313 1218 587 1260 Demonstrat
621 1219 748 1260 Pater
766 1215 871 1260 Filio
894 1225 942 1260 ut
965 1217 1120 1260 animae
1143 1219 1423 1276 suscitentur,

35 1287 137 1346 quia
163 1302 239 1346 per
262 1291 434 1330 Patrem
456 1296 499 1331 et
522 1287 681 1331 Filium
705 1288 859 1332 animoe
893 1289 1154 1333 suscitantur
1178 1309 1186 1334 z
1221 1305 1301 1334 nec
1323 1306 1426 1350 pos-

37 1366 140 1401 sunt
157 1357 299 1401 vivere
317 1358 488 1412 animae,
514 1358 593 1401 nisi
615 1373 763 1402 earum
792 1359 880 1402 vita
905 1359 958 1403 sit
981 1362 1108 1404 Deus.
1137 1361 1177 1404 Si
1207 1376 1309 1419 ergo
1337 1377 1426 1406 non

34 1437 215 1486 possunt
234 1428 375 1472 vivere
398 1429 569 1482 animae,
595 1429 675 1472 nisi
698 1444 846 1472 earum
861 1430 946 1473 vita
964 1431 1017 1474 sit
1038 1433 1168 1485 Deus,
1189 1431 1299 1475 sicut
1323 1432 1426 1491 ipsse

34 1508 135 1542 sunt
174 1499 261 1542 vita
297 1514 527 1557 corporum
558 1519 566 1543 ;
595 1499 716 1559 quod
745 1500 1013 1544 demonstrat
1047 1504 1174 1545 Pater
1202 1502 1342 1556 Filio,
1379 1502 1423 1546 id
1467 1535 1478 1547 .

35 1577 112 1622 est,
138 1568 257 1628 quod
275 1567 405 1623 facit,
431 1584 507 1628 per
532 1568 690 1612 Filium
714 1569 832 1614 facit.
864 1573 961 1614 Non
984 1571 1099 1614 enim
1119 1571 1320 1617 faciendo
1343 1573 1423 1617 de-

36 1649 247 1684 monstrat
264 1640 391 1695 Filio,
418 1640 492 1684 sed
515 1640 854 1685 demonstrando
878 1640 980 1686 facit
997 1658 1073 1701 per
1090 1643 1265 1687 Filium.
1293 1645 1424 1690 Videt

34 1712 147 1755 enim
170 1710 302 1754 Filius
326 1715 495 1755 Patrem
514 1711 882 1756 demonstrantem
902 1722 1133 1772 antequam
1151 1714 1314 1774 aliquid
1330 1717 1420 1772 fiat,

35 1791 78 1826 et
101 1797 150 1825 ex
176 1781 545 1826 demonstratione
567 1782 699 1825 Patris
720 1790 762 1825 et
778 1782 941 1826 visione
966 1783 1062 1827 Filii
1097 1785 1145 1827 fit
1179 1785 1298 1844 quod
1327 1787 1375 1829 fit
1398 1803 1422 1831 a

35 1855 162 1897 Patre
192 1868 268 1911 per
303 1853 478 1897 Filium.
521 1853 588 1897 Sic
620 1853 774 1896 animae
809 1854 1094 1908 suscitantur,
1128 1856 1162 1898 si
1200 1858 1422 1914 potuerint

33 1922 180 1967 videre
203 1924 325 1967 istam
343 1922 519 1966 unitatis
539 1923 909 1982 conjunctionem,
929 1927 1098 1968 Patrem
1118 1925 1422 1970 demonstran-

33 2001 143 2047 tem,
165 1993 322 2036 Filium
345 1993 564 2037 videntem
580 2028 589 2046 ,
617 2002 659 2037 et
684 2008 761 2052 per
787 1994 925 2038 Patris
942 1994 1356 2041 demonstrationem
1378 2009 1421 2042 et

34 2062 132 2107 Filii
157 2064 367 2108 visionem
396 2064 488 2106 fieri
521 2072 764 2107 ereaturam
782 2063 792 2108 ἐ
824 2073 955 2124 atque
979 2065 1025 2108 id
1055 2066 1146 2109 fieri
1176 2082 1252 2124 per
1282 2069 1418 2112 Patris

32 2132 446 2176 demonstrationem
465 2141 507 2176 et
529 2132 627 2176 Filii
650 2133 873 2189 visionem,
891 2136 1011 2195 quod
1024 2151 1102 2180 nec
1121 2139 1246 2191 Pater
1268 2137 1322 2182 sit
1338 2153 1419 2182 nec

32 2202 184 2257 Filius,
210 2202 285 2247 sed
307 2202 418 2247 infra
440 2207 612 2247 Patrem
632 2213 675 2247 et
708 2204 890 2261 Filium,
916 2206 1133 2267 quidquid
1161 2208 1210 2252 fit
1238 2224 1262 2252 a
1285 2212 1412 2253 Patre

24 2274 108 2334 ‘per
121 2273 296 2318 Filium.
312 2273 415 2326 Quis
433 2274 516 2318 hoe
532 2274 682 2318 videt?

91 2348 211 2389 VIII.
238 2347 351 2389 Ecce
368 2345 526 2389 iterum
550 2344 605 2389 ad
627 2344 818 2391 carnales
839 2363 1001 2404 sensus,
1028 2364 1128 2394 ecce
1159 2365 1306 2394 rursus
1325 2351 1413 2394 hu-

32 2415 248 2461 miliamus
269 2432 372 2471 nos,
407 2426 449 2461 et
471 2416 773 2462 descendimus
804 2419 859 2464 ad
890 2435 986 2476 vos,
1015 2421 1050 2465 si
1078 2430 1223 2466 tamen
1251 2421 1416 2482 aliquid

34 2487 267 2548 aliquando
290 2487 618 2534 ascenderamus
641 2506 664 2535 a
683 2490 821 2536 vobis,
848 2491 922 2537 Vis
940 2491 1236 2538 demonstrare
1254 2490 1418 2552 aliquid

85 2579 95 2596 ¹
118 2575 208 2606 Joan.
230 2585 260 2616 v,
285 2585 334 2617 19.
352 2591 393 2598 —
413 2574 522 2608 ²1bid.
537 2583 593 2608 20.
