1825 3214
273 222 316 248 ιΝ
354 221 529 250 sonum
562 220 1038 259 EVANGEleM‚'1‘ltAcT.
1078 228 1202 252 xxm.
1335 220 1418 255 ‘259

37 283 301 343 praedicatur
323 301 399 345 per
432 295 572 331 totum
595 286 810 330 mundum
843 287 1119 333 horrentibus
1144 292 1341 346 inimicis,
1377 303 1420 338 et

35 354 111 398 ubi
135 355 372 400 vincuntur
407 357 800 411 murmurantibus,
835 358 911 401 ubi
952 359 1186 417 praevalent
1210 363 1418 407 swvienti-

34 424 131 469 bus.
162 429 264 472 llaec
291 437 354 471 est
385 427 531 485 religio
568 429 822 482 christiana,
857 439 904 472 nt
940 430 1107 474 colatur
1132 448 1244 476 unus
1287 437 1411 488 Deus,

35 509 122 539 non
144 496 268 540 multi
290 497 347 541 dii
376 517 384 542 z
408 499 626 558 quianon
656 498 760 544 facit
797 501 985 544 animam
1013 502 1178 546 beatam
1205 504 1282 546 nisi
1305 520 1417 548 unus

35 568 161 611 Deus.
206 570 538 629 Partieipatione
579 571 650 615 Dei
688 572 736 615 sit
771 572 911 616 beata.
950 574 1045 617 Non
1089 576 1418 634 participatione

33 648 193 681 sanctae
215 639 370 682 anirnae
393 641 440 684 stt
464 641 586 684 beata
610 641 779 685 infirma
802 643 960 698 anima,
989 660 1067 688 nec
1089 646 1417 705 participatione

33 708 186 764 Angeli
208 710 257 752 sn
296 711 417 755 beata
454 721 601 756 sancta
624 713 765 756 anima
792 732 800 758 ε
825 712 900 757 sed
925 715 959 758 si
981 717 1138 775 quaerit
1164 718 1288 761 beata
1325 733 1415 762 esse

33 777 204 822 infirma
235 780 398 834 anima,
418 792 585 841 quaerat
605 783 721 826 unde
745 784 869 829 beata
890 786 945 829 sit
968 799 1113 831 saneta
1139 789 1298 832 anima.
1318 791 1416 834 Non

12 840 23 862 '¹
34 850 150 893 enim
174 851 324 896 beatus
355 854 536 898 efficeris
558 871 607 898 ex
630 856 797 914 Angelo
830 867 877 902 tu
904 875 913 903 ι
938 859 1016 904 sed
1052 861 1171 904 unde
1205 861 1416 921 Angelus,

33 919 136 964 inde
158 931 200 966 et
225 932 286 966 tu.

94 993 170 1034 VI.
198 993 272 1036 His
296 994 520 1052 praemissis
542 1004 673 1055 atque
691 997 931 1043 firmissime
948 1002 1208 1058 constitutis,
1234 1004 1423 1050 animam

37 1062 292 1106 rationalem
317 1080 404 1108 non
427 1065 657 1111 beatificari
676 1069 753 1112 nisi
773 1086 794 1112 a
819 1073 918 1124 Deo,
940 1086 1094 1131 corpus
1118 1089 1206 1118 non
1230 1078 1420 1135 vegetari

33 1132 114 1176 nisi
137 1129 212 1192 per
236 1135 440 1189 animam,
476 1147 606 1196 atque
629 1154 718 1182 esse
738 1141 972 1199 quamdam
1007 1144 1282 1190 medietatem
1306 1148 1419 1192 inter

35 1205 175 1246 Deum
198 1213 240 1247 et
261 1220 434 1264 corpuS,
459 1208 645 1251 animam
676 1228 684 1253 :
705 1210 916 1255 intendite
939 1222 983 1256 et
1016 1214 1190 1259 recolite
1225 1232 1413 1275 meeum,

34 1288 123 1318 non
147 1274 418 1329 hodiernam,
434 1276 489 1321 de
510 1294 596 1337 qua
613 1280 878 1325 sullieienter
895 1282 1029 1327 locuti
1049 1300 1214 1342 sumus,
1235 1290 1310 1332 sed
1328 1290 1416 1334 hes-

31 1351 197 1388 ternam
220 1344 467 1400 lectionem,
494 1364 626 1407 quam
650 1366 749 1395 eece
767 1353 855 1410 jam
879 1353 1025 1399 triduo
1048 1371 1265 1402 versamus
1287 1368 1418 1420 atque

30 1423 280 1468 tractamus,
305 1426 348 1460 et
383 1433 460 1476 pro
483 1420 645 1464 viribus
670 1420 872 1477 fodimus,
898 1424 1038 1471 donee
1060 1428 1113 1472 ad
1137 1439 1300 1488 petram
1321 1447 1420 1489 per-

28 1486 267 1530 veniamus.
295 1490 486 1532 Verbum
512 1491 707 1536 Cbristus
726 1528 736 1546 ,
763 1493 956 1539 Verbum
984 1498 1056 1541 Dei
1084 1500 1276 1544 Christus
1299 1502 1417 1561 apud

29 1559 194 1613 Deum,
227 1559 422 1603 Verbum
445 1561 642 1606 Christus
677 1574 721 1608 et
757 1567 867 1609 Dens
893 1568 1082 1611 Verbum
1103 1605 1113 1623 ,
1143 1572 1338 1616 Christus
1371 1580 1416 1617 et

28 1630 145 1672 Deus
165 1636 207 1672 et
221 1630 413 1672 Verbum
429 1646 540 1675 unus
566 1635 691 1677 Deus.
713 1634 820 1679 Illuc
841 1651 970 1695 perge
992 1640 1134 1684 anima
1155 1644 1415 1702 contemptis

0 1749 1 1756 ἵ
29 1692 210 1754 eaeteris,
235 1699 304 1744 vel
321 1702 451 1745 etiam
474 1705 745 1759 transcensis,
767 1706 872 1751 illue
895 1724 1037 1767 perge.
1060 1713 1175 1757 Nihil
1194 1718 1413 1773 potentius

0 1767 1 1772 ’
26 1768 105 1815 ista
127 1779 340 1824 creatura,
364 1787 464 1830 quae
488 1787 606 1816 mens
629 1774 787 1819 dicitur
803 1777 1037 1835 rationalis,
1059 1783 1165 1827 nihil
1192 1786 1269 1829 hac
1287 1802 1410 1831 crea-

0 1871 2 1885 2
27 1836 124 1884 tura
155 1830 381 1885 sublimius
404 1861 411 1886 :
435 1843 650 1903 quidquid
687 1861 816 1905 supra
853 1850 976 1894 istam
999 1862 1084 1906 est,
1120 1857 1211 1915 jam
1234 1859 1413 1903 Creator

0 1910 2 1922 '
27 1920 105 1955 est.
133 1912 337 1956 Dicebam
375 1923 520 1956 autem
553 1915 655 1973 quia
678 1918 871 1964 Verbum
894 1922 1111 1979 Christus,
1150 1935 1193 1970 et
1216 1929 1410 1972 Verbum

13 1981 102 2026 >Dei
124 1983 336 2037 Christus,
361 1992 404 2027 et
426 1987 539 2028 Deus
562 1986 756 2030 Verbum
777 1990 974 2036 Christus
995 2012 1004 2037 z
1027 1995 1102 2038 sed
1129 2011 1218 2041 non
1238 2007 1409 2043 tantum

24 2053 221 2097 Verbum
247 2054 463 2108 Christus,
501 2057 603 2115 quia
629 2076 650 2099 «
676 2059 871 2104 Verbum
912 2078 1012 2107 caro
1034 2065 1200 2112 factum
1238 2078 1322 2123 est,
1361 2079 1405 2114 et

26 2139 48 2164 u
81 2123 295 2167 habitavit
328 2124 374 2168 in
396 2125 548 2168 nobis¹
577 2144 597 2170 z·
614 2145 634 2169 »
659 2142 762 2187 ergo
784 2139 827 2174 et
851 2134 1044 2179 Verbum
1066 2146 1108 2181 et
1135 2154 1236 2184 caro
1258 2141 1406 2186 Chris-

22 2199 108 2238 tus.
137 2212 157 2234 «
183 2195 293 2238 Cum
316 2195 431 2239 enim
463 2196 507 2239 in
529 2195 665 2241 forma
705 2200 780 2243 Dei
801 2212 926 2258 esset,
952 2220 1041 2249 non
1064 2209 1256 2267 rapinam
1287 2211 1407 2255 arbi·
1430 2265 1434 2267 μ

22 2278 48 2308 Δυ
81 2273 219 2309 tratus
241 2274 304 2308 est
320 2280 408 2310 esse
429 2267 607 2326 aequalis
632 2272 758 2312 000².
782 2289 800 2312 n
827 2275 881 2316 Et
904 2276 1012 2334 quid
1037 2293 1113 2322 nos
1135 2280 1180 2323 in
1203 2282 1306 2336 imo,
1327 2285 1404 2344 qui

6 2344 111 2381 finon
132 2343 379 2394 poteramus
400 2336 560 2382 infirmi
582 2347 625 2382 et
647 2339 769 2383 humi
788 2354 984 2401 repentes
1016 2348 1226 2406 attingere
1250 2358 1399 2410 Deum,

22 2406 239 2465 numquid
267 2406 539 2467 relinquendi
561 2412 760 2452 eramus?
787 2412 912 2458 absit.
943 2416 1228 2476 semetipsum
1253 2425 1401 2468 exina-

22 2475 134 2521 nivit
155 2474 338 2520 formam
361 2477 708 2538 serviaeeipiens.
733 2482 830 2525 Non
847 2497 947 2541 ergo
973 2485 1153 2532 formam
1182 2493 1253 2535 Dei
1275 2495 1402 2537 amit-

75 2565 85 2583 ¹
103 2562 242 2602 Joan.,1‚
263 2559 313 2602 14.
334 2577 374 2584 —
401 2568 414 2585 ²
433 2562 547 2606 Philip.
571 2574 604 2605 n,
629 2563 661 2595 6.

1131 2628 1191 2664 27.

419 2678 441 2687 x
