1809 3173
383 159 463 199 142
819 170 852 198 s.
889 167 1118 199 Auousnm
1150 171 1330 199 nmscom

377 252 442 279 ras
462 248 588 279 voces
605 234 793 278 suaviter
813 233 978 290 audire,
999 234 1278 296 dissonasque
1295 234 1525 294 repellerc3
1548 235 1618 279 vel
1634 235 1756 279 blan-

375 307 440 350 dis
457 303 664 350 odoribus
683 304 905 361 delectari,
921 315 1185 366 putoresque
1199 321 1418 366 respuere3
1437 314 1512 350 aut
1525 305 1755 350 dulcedine

373 376 468 436 capi
490 410 502 431 ‚
546 384 590 420 et
620 375 907 420 amaritudine
944 376 1137 433 offendi,
1169 386 1244 421 aut
1270 375 1442 420 lenibus
1481 375 1684 432 mulceri,
1714 384 1758 420 et

375 447 533 507 asperis
560 445 674 490 laedi.
708 449 794 490 Ista
831 447 946 491 enim
979 447 1124 491 omnia
1152 446 1336 489 infirmae
1367 445 1522 489 anim’ae
1551 454 1652 490 sunt
1679 460 1759 489 ne-

374 516 568 561 cessaria.
600 514 717 569 Quid
748 531 850 575 ergo
874 516 1093 575 regiminis
1117 515 1349 559 adhibetur
1376 530 1451 575 per
1474 515 1597 559 illum
1627 514 1758 559 intel-

374 587 564 632 lectum?
595 589 692 632 Non
740 585 838 630 alba
875 595 918 630 et
952 587 1073 645 nigra
1102 585 1365 630 discreturus
1404 594 1502 641 est,
1538 584 1614 629 sed
1644 586 1759 645 justa

375 667 418 702 et
447 659 627 718 injusta,
651 658 765 702 bona
788 666 830 700 et
852 656 988 712 mala,
1015 656 1136 700 utilia
1164 665 1208 700 et
1224 655 1394 700 inutilia
1410 690 1420 710 ,
1453 656 1694 700 castitatem
1717 664 1760 700 et

374 728 708 789 impudicitiam,
726 729 838 772 hanc
855 737 904 772 ut
920 737 1050 782 amet,
1071 727 1195 771 istam
1213 735 1260 770 ut
1283 726 1389 771 vitet
1407 747 1417 784 3
1442 726 1697 771 charitatem
1717 735 1760 770 et

375 799 541 855 odium,
567 799 611 844 in
633 800 715 843 hac
738 807 787 843 ut
808 799 876 854 sit,
902 799 947 841 in
965 797 1040 842 illo
1063 806 1113 842 ut
1134 813 1221 841 non
1241 797 1311 841 sit.

431 871 577 914 XXII,
615 870 694 913 Hic
715 869 781 913 vir
812 870 1008 929 quinque
1030 867 1111 912 illis
1143 868 1243 912 viris
1270 868 1316 911 in
1356 868 1432 912 ista
1453 866 1634 912 muliere
1671 883 1761 912 non

373 949 650 986 successerat.
677 938 760 983 Ubi
782 939 897 982 enim
920 955 1009 983 non
1028 938 1220 983 succedit
1240 937 1329 992 ille,
1356 953 1473 982 error
1491 937 1757 982 dominatur.

374 1015 484 1058 Nam
505 1026 605 1056 cum
628 1009 811 1070 coeperit
826 1011 967 1054 anima
986 1024 1119 1069 capax
1132 1023 1220 1053 esse
1233 1008 1424 1062 rationis,
1442 1017 1516 1052 aut
1529 1023 1552 1051 a
1570 1008 1761 1067 sapiente

374 1091 521 1129 mente
551 1082 732 1140 regitur,
761 1090 836 1124 aut
858 1082 921 1125 ab
956 1096 1100 1125 errore
1127 1100 1136 1125 ;
1159 1081 1234 1124 sed
1262 1096 1380 1124 error
1416 1095 1504 1123 non
1539 1081 1661 1137 regit,
1687 1078 1762 1123 sed

375 1153 533 1212 perdit.
562 1155 663 1196 Post
685 1152 786 1195 istos
808 1167 910 1210 ergo
936 1151 1131 1211 quinque
1154 1165 1301 1194 sensus
1334 1149 1489 1193 mulier
1526 1149 1599 1193 illa
1619 1148 1762 1194 adhuc

374 1224 561 1277 errabat,
578 1232 621 1266 et
639 1237 757 1267 error
774 1237 868 1266 eam
883 1221 1135 1265 ventilabat.
1158 1223 1289 1264 Error
1306 1230 1451 1264 autem
1468 1220 1547 1263 iste
1564 1235 1653 1264 non
1671 1228 1764 1264 erat

372 1294 591 1353 legitimus
614 1294 694 1349 vir,
719 1294 795 1337 sed
820 1291 991 1337 adulter
1018 1312 1026 1337 :
1052 1292 1151 1336 ideo
1181 1293 1221 1336 ei
1247 1292 1456 1336 Dominus
1479 1292 1538 1335 ait
1564 1311 1572 1336 :
1603 1311 1621 1333 «
1647 1294 1762 1336 Bene

376 1383 396 1406 »
433 1364 600 1418 dixisti,
634 1363 737 1423 quia
771 1379 859 1406 non
895 1363 1035 1407 habeo
1070 1362 1226 1406 virum.
1261 1361 1466 1421 Quinque
1499 1362 1615 1404 enirn
1650 1361 1793 1406 viros

378 1453 397 1476 »
432 1433 622 1478 habuisti
647 1453 655 1478 ε
683 1453 701 1475 »
724 1434 919 1494 quinque
942 1442 985 1477 te
1002 1448 1150 1477 sensus
1174 1432 1312 1476 carnis
1340 1432 1479 1491 primo
1517 1442 1723 1476 rexerunt
1749 1451 1759 1476 ε

372 1505 524 1550 venisti
562 1503 618 1549 ad
657 1513 830 1548 aetatem
872 1502 1048 1547 utendae
1081 1503 1273 1555 rationis,
1311 1517 1391 1545 nec
1428 1502 1482 1544 ad
1510 1501 1762 1560 sapientiam

373 1575 622 1634 pervenisti,
648 1574 723 1620 sed
738 1574 791 1617 in
813 1588 1001 1617 errorem
1025 1573 1228 1616 incidisti.
1255 1574 1369 1629 Ergo
1395 1580 1491 1630 post
1513 1570 1609 1615 illos
1631 1572 1761 1631 quin·

373 1661 459 1706 que
478 1647 604 1700 viros,
635 1664 654 1687 «
674 1648 758 1688 Iste
778 1658 909 1704 quem
929 1643 1076 1698 habes,
1103 1657 1192 1686 non
1215 1651 1278 1685 est
1299 1651 1400 1685 tuus
1422 1641 1502 1685 vir.
1526 1659 1544 1683 n
1574 1644 1629 1685 Et
1654 1641 1762 1701 quid

374 1726 480 1772 erat,
504 1717 537 1761 si
560 1717 625 1761 vir
662 1731 752 1760 non
775 1724 881 1769 erat,
908 1714 988 1758 nisi
1016 1713 1216 1757 adulter?
1239 1731 1258 1754 «
1282 1715 1399 1756 Voca
1426 1729 1445 1752 »
1475 1711 1638 1772 itaque,
1671 1727 1762 1756 non

374 1787 645 1842 adulterum,
669 1786 742 1830 sed
767 1805 786 1827 «
806 1785 947 1829 virum
968 1793 1121 1827 tuum:
1146 1792 1232 1826 »ut
1252 1781 1476 1826 intellectu
1498 1797 1566 1825 me
1589 1782 1759 1841 capias3
1792 1783 1796 1787 ’

372 1874 464 1903 non
492 1873 636 1902 errore
658 1857 713 1901 de
746 1871 815 1900 me
852 1853 1018 1915 aliquid
1049 1852 1203 1897 falsum
1238 1855 1408 1897 sentias.
1453 1853 1609 1898 Adhuc
1644 1854 1760 1897 enim

373 1929 545 1973 errabat
577 1928 750 1981 mulier,
786 1941 885 1986 quae
914 1939 1072 1984 aquam
1104 1923 1223 1967 illam
1252 1925 1472 1982 cogitabat
1504 1943 1514 1969 ι
1543 1939 1643 1968 cum
1671 1925 1758 1984 jam

372 2001 583 2045 Dominus
616 1999 670 2043 de
707 1998 870 2058 Spiritu
907 2005 1055 2040 sancto
1092 1995 1360 2056 loqueretur.
1393 1998 1536 2048 Quare
1570 1996 1757 2049 errabat,

373 2071 457 2115 nisi
478 2072 579 2131 quia
603 2069 868 2123 adulterum,
889 2083 979 2111 non
1000 2066 1141 2109 virum
1162 2065 1384 2109 habebat?
1404 2064 1523 2109 Tolle
1538 2080 1641 2124 ergo
1657 2065 1760 2109 hinc

372 2141 503 2185 istum
527 2140 775 2185 adulterum
797 2140 873 2199 qui
895 2148 937 2182 te
952 2137 1207 2195 corrumpit,
1226 2146 1269 2181 et
1287 2155 1304 2177 «
1330 2136 1465 2192 Vade,
1489 2152 1596 2182 voca
1617 2136 1760 2182 virum

376 2229 398 2253 »
435 2220 576 2266 tuum,
610 2230 627 2252 υ
648 2213 781 2265 Voca,
807 2219 849 2253 et
872 2209 986 2262 veni,
1012 2220 1061 2251 ut
1083 2206 1297 2266 intelligas
1320 2222 1403 2250 me.

433 2283 603 2336 XXIII,
632 2300 652 2323 «
678 2281 789 2324 Dicit
810 2279 848 2322 ei
864 2277 1035 2333 mulier,
1058 2276 1254 2331 Domine,
1275 2275 1402 2321 video
1426 2276 1526 2336 quia
1544 2276 1757 2335 Propheta

379 2371 399 2395 »
436 2368 480 2396 es
501 2355 596 2396 tu1.
619 2370 638 2392 n
666 2351 812 2410 Coepit
838 2350 983 2393 venire
1005 2349 1085 2404 vir,
1112 2347 1309 2392 nondum
1338 2346 1465 2406 plene
1486 2347 1621 2391 venit.
1651 2349 1759 2390 Pro-

377 2425 554 2484 phetam
571 2422 806 2468 Dominum
828 2420 1025 2481 putabat.
1046 2422 1149 2464 Erat
1166 2416 1343 2478 quidem
1354 2427 1397 2463 et
1412 2418 1643 2478 Propheta,
1659 2431 1760 2462 nam
1789 2435 1793 2437 ⁴

427 2516 437 2534 ¹
456 2512 547 2544 Joan.
566 2520 612 2551 iv,
637 2519 687 2551 ¹9·
