1825 3214
288 203 329 228 im
364 201 538 230 sommis
573 195 883 241 manentium}
919 206 1064 233 1111101.
1105 210 1176 235 xx.
1341 201 1416 237 221

29 272 115 318 tur,
142 265 327 309 transisti
351 266 530 318 coelnm,
556 266 708 321 solem,
733 267 898 323 111113111,
922 279 964 313 01
986 271 1130 315 stellas
1154 289 1253 333 quse
1274 275 1424 321 viden-

30 343 101 379 tur
129 355 136 379 :
174 336 306 381 transi
336 347 378 382 et
409 353 538 382 omne
560 337 680 398 quod
703 349 912 384 mutatur.
937 343 1031 385 Jam
1057 344 1171 386 enim
1198 345 1286 389 istis
1310 356 1424 392 tran-

28 407 151 451 sactis
172 423 348 452 veneras
377 408 430 452 ad
455 410 649 453 animum
682 419 823 466 tuum,
851 410 926 455 sed
950 422 992 456 ct
1016 414 1074 457 ibi
1100 414 1299 461 invenisti
1322 434 1422 464 11111-

10 477 284 522 stabilitatem
309 480 438 523 animi
457 481 534 524 tui.
558 482 783 542 Numquid
803 483 1021 528 mutabilis
1039 495 1099 529 cst
1121 490 1260 532 Deus?
1277 492 1422 535 Transi

5 563 128 607 ·ergo
152 559 195 593 et
218 551 409 594 animum
431 561 571 596 tuum.
593 554 785 597 Ess'unde
805 565 991 614 superte
1010 557 1196 602 animam
1218 569 1351 615 tuam,
1373 571 1423 606 ut

5 620 250 680 ·contingas
275 624 428 677 Deum,
456 623 510 667 de
532 639 620 684 quo
640 624 718 668 tibi
741 626 901 670 dicitur
928 647 935 672 :
967 629 1048 672 Ubi
1071 638 1134 673 est
1159 633 1270 675 Deus
1296 635 1422 677 tuus?

82 694 209 735 XIII.
245 695 307 738 Ne
342 703 467 752 putes
490 703 532 738 te
567 695 734 754 aliquid
762 696 984 742 facturum
1017 701 1138 760 quod
1167 702 1300 748 homo
1332 720 1420 749 non

0 763 173 822 ipossit.
210 766 302 807 Hoc
338 764 440 809 fecit
473 766 562 832 ipse
606 769 795 811 103111105
825 769 1099 828 evangelista.
1136 775 1421 820 Transcendit

4 848 221 888 icarnem,
263 836 531 881 transcendit
555 846 711 881 terram
747 855 877 898 quam
909 840 1125 896 calcabat,
1152 846 1421 892 transcendit

23 904 155 948 maria
171 921 270 965 quae
293 906 486 961 videbat,
510 909 773 953 transcendit
797 914 938 955 acrem
964 913 1039 955 nbi
1065 913 1185 959 alites
1215 917 1414 974 volitant,

23 976 289 1021 transcendit
312 977 442 1021 solem
462 1015 472 1033 ,
499 980 761 1025 transcendit
781 981 947 1035 lunam,
970 989 1234 1032 transcendit
1249 989 1414 1047 stellas,

4 1048 460 1106 ttranscenditflmnes
481 1052 655 1111 spiritns
679 1054 753 1113 qni
780 1070 865 1098 non
888 1056 1118 1111 videntur,
1154 1064 1417 1107 transcendit

4 1128 212 1162 inientem
252 1135 373 1164 suam
396 1122 485 1180 ipsa
519 1123 684 1166 ratione
716 1125 846 1168 animi
875 1127 953 1169 sui.
985 1130 1309 1176 Transccmlms
1338 1135 1416 1178 ista

22 1190 166 1234 omnia
186 1225 197 1245 7
219 1206 348 1250 snper
369 1207 413 1235 50
441 1193 674 1237 011’1111(10115
700 1195 887 1239 animani
911 1213 1032 1241 5113111
1051 1234 1061 1253 ‚
1082 1217 1170 1259 qno
1196 1205 1416 1260 pervenit?

21 1260 136 1312 Quid
156 1261 294 1304 vidit?
326 1282 344 1303 «
379 1265 428 1306 In
456 1263 669 1322 principio
687 1275 777 1309 erat
796 1267 1010 1323 Verbum,
1037 1280 1078 1314 et
1107 1274 1298 1318 Verbum
1324 1285 1416 1320 crat

22 1347 43 1370 »
79 1331 195 1389 apud
218 1335 353 1375 Deum
377 1335 406 1375 ¹.
433 1353 450 1374 »
478 1334 519 1378 Si
544 1350 646 1393 ergo
663 1338 976 1395 separationem
997 1357 1084 1385 non
1100 1343 1219 1388 vides
1237 1346 1279 1388 in
1297 1346 1410 1402 lnce,

20 1400 126 1459 quid
161 1403 475 1460 separationem
510 1407 668 1465 qnaeris
694 1407 738 1450 in
776 1412 931 1467 opere?
969 1411 1078 1456 vide
1115 1417 1277 1467 Deum,
1313 1417 1414 1461 vide

6 1470 210 1514 'Verbum
246 1474 338 1532 ejns
369 1474 580 1519 inliaerere
606 1478 751 1521 Verbo
776 1477 936 1524 dicenti
976 1501 982 1525 :
1011 1484 1111 1542 qnia
1147 1485 1235 1543 ipse
1266 1486 1414 1531 dicens

20 1555 110 1584 non
131 1541 307 1599 syllabis
333 1543 466 1602 dicit3
488 1545 562 1589 sed
586 1546 819 1606 splendore
848 1553 1071 1610 sapientiai
1103 1554 1270 1614 fulgere
1287 1593 1297 1611 ‚
1330 1559 1412 1603 hoc

21 1619 84 1654 est
107 1611 264 1656 dicere.
292 1613 409 1667 Quid
435 1615 600 1660 dictum
635 1627 698 1661 est
721 1620 942 1678 sapientias
966 1624 1129 1681 ipsius?
1151 1627 1326 1672 Candor
1349 1639 1414 1674 est

19 1679 128 1726 lucis
146 1692 322 1728 aeternae
339 1688 371 1728 ².
394 1687 584 1730 Attende
596 1690 828 1733 candorem
846 1692 960 1736 solis.
986 1697 1033 1738 In
1053 1696 1166 1740 coelo
1184 1708 1262 1753 est,
1284 1710 1414 1744 etex-

18 1753 173 1812 pandit
195 1755 429 1800 candorem
456 1773 532 1815 per
555 1767 688 1803 terras
711 1776 883 1816 01111105,
912 1779 988 1823 per
1012 1768 1145 1821 maria
1167 1773 1311 1816 omnia
1336 1792 1344 1816 ;
1370 1782 1414 1817 et

6 1824 172 1884 ,utique
194 1827 514 1886 corporalislnx
532 1842 609 1872 est.
635 1830 676 1874 Si
699 1847 869 1891 separas
887 1835 1121 1882 candorem
1143 1839 1242 1884 solis
1257 1858 1279 1886 a
1302 1842 1408 1899 sole,

5 1907 168 1954 csepara
200 1898 394 1941 Verbum
425 1914 448 1942 a
479 1903 620 1944 Patre.
660 1905 721 1946 De.
756 1904 844 1948 sole
875 1905 1047 1967 loquor.
1084 1913 1294 1957 Lucerna*
1322 1932 1410 1960 una

21 1965 246 2011 flammula
277 1970 446 2025 tenuis,
466 1987 566 2030 quae
588 1987 678 2017 uno
699 1973 806 2019 flatu
829 1978 961 2036 possit
985 1982 1197 2041 exstingui
1212 2020 1223 2038 ‚
1248 1989 1412 2046 spargit

21 2033 164 2082 lucem
193 2054 312 2083 suam
345 2056 475 2100 snper
513 2054 672 2088 cuncta
707 2061 806 2106 quw
836 2049 1074 2109 subjacent.
1110 2054 1240 2100 Vides
1266 2056 1411 2103 lucem

6 2121 213 2168 isparsam
236 2125 259 2153 a
281 2110 505 2156 flammula
528 2125 797 2172 generatam,
825 2120 1097 2167 emissionem
1126 2126 1260 2183 vides,
1285 2144 1411 2189 sepa-

6 2179 236 2224 ‘ratiouem
256 2197 345 2225 non
359 2181 492 2226 vides.
515 2183 748 2244 Intelligite
761 2203 878 2247 ergo,
899 2191 1050 2237 [ratres
1069 2196 1322 2254 charissimi,
1336 2204 1414 2246 Pa-

7 2257 135 2308 trem
166 2260 210 2295 et
233 2252 395 2297 Filium
418 2263 462 2298 et
492 2255 700 2315 Spiritum
735 2271 933 2307 sanctum
967 2265 1310 2326 inseparabiliter
1331 2273 1413 2317 sibi

6 2322 267 2378 :cohaerere‚
293 2325 548 2370 Trinitatem
571 2327 683 2373 hanc
707 2347 842 2376 unum
866 2337 1027 2394 Deurn3
1053 2348 1095 2382 et
1116 2342 1258 2386 omnia
1283 2359 1414 2404 opera

25 2393 155 2438 unius
177 2395 270 2449 Dei,
296 2395 390 2440 haec
413 2413 502 2441 esse
525 2401 683 2456 Patris,
711 2402 804 2448 haec
827 2421 916 2450 esse
935 2408 1057 2464 Filii,
1086 2413 1175 2457 haec
1197 2429 1288 2459 esse
1313 2418 1412 2476 Spi-

26 2462 132 2508 'ritus
155 2467 306 2510 sancti.
347 2468 517 2512 Caetera
553 2486 651 2529 quae
683 2487 1030 2535 consequuntur,
1062 2498 1161 2542 quae
1192 2487 1412 2544 pertinent

75 2551 190 2582 ¹Joan.
212 2562 234 2591 1,
258 2560 286 2583 1.
308 2569 348 2574 —
369 2560 381 2574 ²
407 2554 480 2595 Sap.
505 2566 562 2595 vn,
583 2556 635 2587 26.
