1809 3173
373 198 452 235 168
790 204 822 232 S.
860 205 1086 234 Aucus'rmi
1123 208 1299 235 EPlscovi

371 292 391 315 «
426 276 522 318 Non
545 273 644 315 licet
667 272 760 326 tibi,
788 272 1007 331 inquiunt,
1029 270 1167 315 facere
1189 271 1307 331 quod
1332 270 1448 325 lacis,
1474 273 1625 316 tollere
1655 288 1749 330 gra-

370 362 389 383 »
425 342 575 386 batum
594 351 719 386 tuum
748 345 776 385 ¹.
808 360 826 381 »
853 344 908 384 Et
930 341 1001 385 ille
1022 350 1242 385 auctorem
1266 342 1455 385 sanitatis
1474 357 1562 384 snae
1580 343 1748 401 objicie-

366 416 441 458 bat
463 413 850 457 calumniatoribus
874 432 881 455 :
912 431 930 453 «
957 412 1057 466 Qui⁷
1083 413 1240 471 inquit,
1268 428 1335 455 me
1354 412 1451 457 fecit
1471 410 1641 468 sanum,
1660 414 1750 472 ipse

368 504 388 527 »
425 485 530 528 mihi
553 484 677 538 dixit,
705 483 824 528 Tolle
850 484 1078 541 grabatum
1106 492 1230 526 tuum
1248 517 1258 537 ,
1284 492 1327 526 et
1346 483 1517 527 ambula
1537 487 1570 526 Ἰ.
1599 503 1618 524 »
1652 488 1749 530 Νοη

363 557 600 615 acciperem
616 556 868 615 jussionem,
891 570 914 597 a
937 570 1024 613 quo
1048 568 1293 612 receperam
1314 555 1568 597 sanitatem?
1590 558 1646 598 Et
1668 555 1746 610 illi,
1808 547 1809 580 1

370 647 389 669 «
425 627 530 680 Quis
552 636 614 669 est
631 625 704 668 ille
721 626 852 669 homo
870 624 945 684 qui
966 623 1161 668 tibidixit
1189 644 1195 667 1
1220 623 1339 667 Tolle
1359 624 1584 681 grabatum
1604 634 1745 680 tuum,

368 716 388 739 »
425 706 466 740 et
490 696 665 741 ambula
690 697 734 739 3?
757 713 776 736 »

421 770 500 811 XI.
542 785 561 807 «
587 765 672 810 Sed
689 766 765 825 qui
787 779 914 809 sanus
932 762 1171 807 eratfactus
1190 763 1407 808 nesciebat
1429 765 1524 824 quis
1539 774 1646 810 essct
1661 801 1671 820 ,
1694 768 1709 791 4
1726 784 1744 807 η
1806 811 1807 819 ¹

365 856 388 884 a
408 853 496 898 quo
517 838 601 881 hoc
618 835 829 880 audierat.
855 855 874 877 z<
901 838 1023 879 Jesus
1040 844 1186 878 autem
1202 870 1212 890 ‚
1237 853 1256 876 »
1284 849 1383 879 cum
1396 835 1479 880 hoc
1497 834 1680 892 fecisset,
1706 846 1749 881 et

358 909 580 969 jussisset,
611 926 630 949 «
657 906 950 951 declinaverat
978 906 1032 949 ab
1056 921 1107 950 eo
1130 906 1174 949 in
1193 906 1334 950 turba.
1360 924 1379 948 »
1407 906 1562 950 Videte
1591 923 1749 967 quem-

364 977 601 1022 admodum
643 985 685 1020 et
724 977 807 1021 hoc
843 976 1090 1035 impleatur.
1130 979 1356 1020 Portamus
1392 977 1635 1035 proximum
1659 1013 1669 1032 ,
1707 987 1750 1022 et

365 1048 640 1093 ambulamus
662 1046 717 1091 ad
745 1050 885 1091 Deum
919 1066 928 1091 ι
961 1046 1037 1091 scd
1066 1062 1165 1090 eum
1198 1046 1253 1090 ad
1278 1062 1408 1107 quem
1444 1046 1717 1092 ambulamus
1735 1084 1746 1103 ‚

365 1119 563 1163 nondum
576 1117 774 1162 videmus
796 1116 918 1161 :ideo
941 1126 983 1160 et
1001 1116 1073 1160 ille
1092 1116 1289 1161 nondum
1307 1126 1486 1162 noverat
1501 1119 1662 1161 Jesum.
1682 1121 1748 1163 Sa-

366 1199 637 1235 cramentum
659 1189 742 1233 hoc
772 1187 1127 1232 commendatum
1149 1197 1240 1243 est,
1275 1189 1376 1247 quia
1406 1188 1450 1230 in
1484 1203 1584 1231 eum
1614 1188 1750 1233 credi-

366 1277 462 1305 mus
481 1275 610 1320 quem
628 1258 824 1303 nondum
838 1257 1035 1303 videmus
1062 1279 1069 1303 z
1093 1268 1135 1302 et
1153 1267 1201 1302 ut
1219 1274 1308 1302 non
1326 1258 1539 1313 videatur,
1557 1258 1749 1304 declinat

364 1333 410 1375 in
428 1330 571 1375 turba.
598 1328 783 1373 Difficile
810 1338 872 1372 est
895 1329 937 1371 in
962 1328 1090 1372 turba
1115 1328 1262 1372 videre
1289 1329 1509 1373 Christum
1532 1328 1749 1374 :solitudo

367 1401 567 1462 quaedam
603 1400 837 1443 necessaria
876 1408 938 1442 est
972 1399 1107 1442 menti
1141 1408 1298 1442 nostrae
1333 1418 1342 1443 2
1373 1399 1562 1459 quadam
1598 1399 1749 1443 solitu-

367 1473 469 1516 dine
503 1471 752 1515 intentionis
783 1469 955 1513 videtur
991 1473 1118 1513 Deus.
1159 1470 1302 1514 Turba
1326 1470 1555 1528 strepitum
1576 1470 1710 1514 habet
1735 1489 1743 1514 ε

368 1544 472 1587 visio
490 1542 569 1585 ista
592 1550 805 1585 secretum
824 1540 1053 1584 desiderat.
1086 1560 1105 1581 «
1138 1540 1258 1584 Tolle
1287 1541 1515 1599 grabatum
1538 1550 1661 1584 tuum
1682 1575 1692 1595 ‚
1729 1559 1747 1581 »

369 1622 492 1673 porta
515 1621 710 1671 portatus
737 1611 977 1669 proximum
1005 1620 1155 1667 tuum3
1185 1630 1203 1651 «
1232 1614 1287 1654 Et
1305 1611 1504 1666 ambula,
1534 1630 1552 1651 n
1580 1621 1629 1655 ut
1659 1627 1753 1671 per-

369 1686 529 1728 venias.
566 1683 663 1727 Noli
701 1686 846 1726 Jcsum
874 1697 1068 1741 quaerere
1097 1682 1140 1725 in
1166 1682 1321 1736 turba,
1350 1698 1436 1725 non
1459 1692 1522 1726 est
1545 1692 1751 1742 tanquam

372 1769 485 1798 unus
508 1754 562 1796 de
585 1752 712 1796 turba
737 1772 743 1795 ;
766 1752 974 1810 praevenit
997 1766 1170 1795 omnem
1200 1751 1389 1795 turbam.
1418 1753 1538 1796 Prior
1562 1752 1753 1796 ascendit

372 1824 426 1869 de
451 1825 556 1868 mari
576 1823 701 1882 piscis
723 1821 794 1865 ille
814 1837 995 1880 magnus
1014 1857 1024 1875 ‚
1050 1832 1092 1865 et
1113 1822 1158 1865 in
1180 1822 1301 1866 coelis
1328 1822 1447 1866 sedet
1475 1822 1754 1882 interpellans

372 1911 451 1956 pro
476 1895 600 1938 nobis
624 1913 632 1938 :
655 1903 859 1953 tanquam
876 1891 1072 1936 sacerdos
1086 1908 1290 1951 magnus,
1306 1909 1418 1937 unus
1431 1894 1608 1937 intravit
1630 1895 1675 1939 in
1692 1895 1755 1938 in-

374 1968 529 2010 teriora
547 1964 630 2010 veli
645 2000 655 2020 ‚
675 1964 801 2008 turba
825 1963 927 2007 soris
950 1972 1047 2006 stat.
1072 1962 1259 2007 Ambula
1277 1973 1340 2017 tu,
1361 1964 1435 2023 qui
1454 1974 1598 2023 portas
1618 1964 1755 2024 proxi-

374 2053 495 2081 mum
517 2046 641 2080 tuum
661 2056 670 2092 3
690 2036 723 2080 si
742 2034 925 2079 didicisti
945 2044 1128 2093 portare,
1150 2036 1224 2094 qui
1241 2034 1408 2078 solebas
1426 2035 1606 2094 portari.
1628 2035 1757 2079 Deni-

375 2125 460 2169 que
487 2108 618 2152 modo
644 2105 840 2151 nondum
864 2107 975 2150 nosti
1004 2108 1148 2149 Jesum
1165 2141 1175 2160 ,
1203 2105 1399 2150 nondum
1427 2105 1545 2150 vides
1567 2109 1714 2150 Jesum
1743 2126 1751 2151 :

376 2178 482 2240 quid
500 2187 646 2238 postea
673 2177 892 2236 sequitur?
914 2176 1129 2229 Quoniam
1163 2192 1252 2220 non
1274 2176 1438 2220 destitit
1468 2175 1540 2220 ille
1560 2176 1756 2221 tollendo

377 2250 602 2309 grabatum
620 2263 763 2302 suum,
790 2257 833 2291 et
855 2246 1142 2301 ambulando,
1171 2266 1189 2288 «
1210 2246 1331 2290 Vidit
1348 2262 1448 2290 eum
1470 2256 1619 2305 postea
1633 2250 1756 2291 Jesus

378 2339 397 2361 »
434 2322 477 2362 in
501 2318 664 2378 templo
689 2321 718 2361 ⁵.
751 2339 766 2357 »
796 2321 845 2361 In
869 2318 995 2360 turba
1018 2332 1103 2361 non
1127 2331 1226 2359 eum
1243 2315 1367 2370 vidit,
1390 2318 1432 2360 in
1452 2316 1614 2376 templo
1628 2317 1752 2362 vidit.

375 2391 583 2434 Dominus
617 2388 794 2448 quidem
826 2390 946 2431 Jesus
978 2397 1020 2430 et
1044 2388 1089 2430 in
1121 2386 1246 2430 turba
1278 2401 1377 2430 eum
1407 2385 1606 2441 videbat,
1637 2396 1680 2430 et
1711 2387 1756 2430 in

381 2460 541 2519 templo
563 2479 572 2504 2
598 2459 669 2503 ille
687 2468 830 2502 autem
854 2457 1083 2515 languidus
1101 2460 1248 2501 Jesum
1271 2457 1314 2500 in
1331 2456 1460 2500 turba
1473 2472 1561 2501 non
1579 2471 1758 2515 cognos-

427 2546 543 2575 1Joan.
566 2555 598 2585 v,
622 2555 670 2577 10.
688 2560 728 2566 --
746 2551 757 2565 ²
776 2543 855 2575 lbid.
883 2553 931 2574 11.
954 2559 993 2564 --
1014 2541 1024 2564 3
1044 2542 1111 2575 thid
1151 2550 1198 2574 12.
1221 2540 1388 2572 —41bi‹1.
1416 2540 1653 2573 13.—³31t›itl.
1679 2540 1728 2582 14.
