1809 3173
345 194 427 231 310
774 202 807 230 S.
844 201 1072 231 AUGUSTINI
1105 205 1283 230 Epis-:cori

342 268 522 327 sumpsit
544 267 597 312 ad
625 268 782 313 Christi
801 270 1003 313 accedere
1026 278 1289 313 sacramenta
1306 304 1316 323 ‚
1340 285 1436 328 quae
1459 268 1611 328 aliquis
1633 285 1718 314 non

343 339 473 398 digne
503 340 659 393 sumit,
697 340 778 384 nisi
800 341 875 400 qui
908 340 1098 384 mundus
1120 350 1182 384 est
1206 360 1214 385 2
1240 340 1295 384 de
1333 340 1493 398 quibus
1531 339 1689 385 dicitur
1706 376 1717 396 ‚

347 429 366 453 «
401 409 522 454 Beati
544 409 710 454 mundo
737 411 890 467 corde,
917 411 1124 470 quoniam
1146 411 1226 469 ipsi
1248 413 1384 454 Deum
1408 410 1622 455 videbunt
1639 413 1669 455 ¹.
1698 429 1718 453 »

402 482 525 526 XIX.
548 500 567 522 «
585 481 719 536 Sicut,
736 481 894 541 inquit,
912 481 1107 525 misitme
1129 481 1275 525 vivens
1299 484 1440 536 Pater,
1457 490 1499 525 et
1522 496 1602 540 ego
1628 482 1723 527 vivo

344 571 365 594 »
384 560 564 611 propter
582 554 768 606 Patrem,
785 560 828 595 et
846 552 920 611 qui
939 550 1173 595 manducat
1187 566 1271 606 me,
1287 560 1329 595 et
1350 552 1439 610 ipse
1457 552 1572 596 vivet
1592 567 1723 611 prop-

343 641 364 666 »
382 631 447 666 ter
464 637 532 665 me
546 623 578 666 2.
599 639 619 662 »
645 624 742 666 Non
764 622 848 675 ait,
871 622 991 666 Sicut
1010 621 1228 666 manduco
1246 625 1412 665 Patrem
1431 643 1442 679 3
1460 631 1502 666 et
1523 637 1601 680 ego
1623 623 1722 667 vivo

339 702 517 754 propter
539 696 734 736 Patrem:
755 692 832 751 qui
860 692 1095 736 manducat
1116 707 1184 736 me
1201 728 1211 747 ,
1234 702 1277 736 et
1300 694 1388 752 ipse
1409 693 1524 737 vivet
1545 702 1723 752 propter

339 780 424 808 me.
437 766 533 809 Non
547 763 661 806 enim
677 762 811 806 Filius
825 761 1155 822 participatione
1168 763 1302 807 Patris
1320 763 1368 806 fit
1386 762 1553 817 melior,
1571 764 1646 823 qui
1659 773 1723 808 est

339 844 466 879 natus
480 831 658 893 aequalis
676 851 684 879 2
703 833 812 877 sicut
829 833 1160 893 participatione
1173 832 1271 876 Filii
1295 849 1370 892 per
1392 833 1604 877 unitatem
1622 849 1720 878 cor-

337 906 453 966 poris
475 906 567 965 ejus
589 913 631 947 et
656 904 895 962 sanguinis,
923 904 1043 964 quod
1070 903 1143 948 illa
1166 904 1443 948 manducatio
1467 905 1722 966 potatioque

336 976 563 1036 significat,
576 991 653 1019 nos
671 975 885 1020 efficimur
900 974 1114 1019 meliores.
1126 975 1321 1020 Vivimus
1336 990 1438 1034 ergo
1452 990 1529 1019 nos
1544 985 1721 1034 propter

335 1049 493 1109 ipsum,
511 1046 824 1090 manducantes
848 1061 945 1090 eum
964 1066 974 1103 3
1001 1045 1047 1089 id
1067 1054 1146 1100 est,
1164 1045 1303 1105 ipsum
1322 1045 1577 1105 accipientes
1600 1055 1722 1090 aeter-

336 1135 439 1164 nam
460 1119 591 1164 vitam
608 1153 618 1173 ,
642 1134 774 1178 quam
797 1133 886 1162 non
907 1117 1174 1161 habebamus
1193 1133 1243 1161 ex
1263 1117 1388 1162 nobis
1410 1136 1418 1161 :
1450 1117 1553 1161 vivit
1576 1127 1720 1162 autem

335 1191 426 1251 ipse
449 1198 626 1249 propter
646 1192 832 1242 Patrem,
848 1187 1001 1231 missus
1024 1187 1078 1231 ab
1094 1203 1145 1232 eo
1160 1189 1175 1214 3
1193 1208 1202 1244 3
1222 1188 1322 1247 quia
1342 1187 1618 1246 semetipsum
1638 1188 1721 1232 cxi-

341 1260 508 1304 nanivit
531 1259 669 1303 factus
687 1258 894 1302 obediens
918 1272 1055 1317 usque
1073 1258 1127 1301 ad
1149 1267 1333 1301 mortem
1356 1258 1512 1302 crucis.
1543 1258 1584 1302 Si
1605 1258 1721 1302 enim

340 1332 583 1377 secundum
605 1329 649 1373 id
677 1329 909 1388 accipimus
928 1363 938 1383 ,
964 1348 983 1370 «
1005 1329 1115 1373 Vivo
1132 1336 1308 1388 propter
1333 1332 1502 1372 Patrem
1521 1363 1533 1383 ‚
1555 1347 1574 1370 »
1601 1328 1722 1388 quod

341 1401 444 1445 alibi
461 1401 533 1454 ait,
553 1403 678 1444 Pater
693 1400 826 1459 major
843 1414 912 1442 me
930 1408 992 1443 est
1007 1400 1021 1423 4
1040 1420 1050 1456 3
1067 1399 1178 1443 sicut
1195 1408 1238 1443 et
1257 1415 1334 1443 nos
1350 1399 1533 1444 vivimus
1546 1409 1722 1459 propter

337 1473 500 1531 ipsum,
519 1471 595 1531 qui
618 1471 753 1530 major
767 1479 829 1514 est
844 1469 990 1514 nobis:
1010 1470 1092 1514 hoc
1104 1485 1155 1513 ex
1171 1485 1221 1514 eo
1235 1469 1353 1530 quod
1368 1471 1519 1514 missus
1536 1479 1613 1526 est,
1630 1469 1722 1516 fae-

338 1553 432 1587 tum
457 1551 534 1586 est.
551 1542 696 1586 Missio
719 1541 882 1600 quippe
897 1541 986 1600 ejus
1004 1540 1237 1585 exinanitio
1254 1539 1546 1600 suimetipsius
1564 1548 1652 1596 est,
1679 1549 1722 1584 01

338 1614 490 1659 formae
513 1612 675 1657 servilis
714 1612 906 1671 acceptio
934 1631 942 1656 :
969 1612 1089 1671 quod
1112 1621 1226 1656 recte
1247 1611 1527 1669 intelligitur,
1554 1621 1721 1656 servata

339 1686 468 1730 etiam
487 1685 585 1728 Filii
605 1700 704 1729 cum
730 1688 855 1728 Patre
877 1683 1124 1744 aequalitate
1141 1692 1322 1727 naturae.
1349 1684 1488 1743 Major
1514 1684 1629 1727 enim
1657 1692 1720 1727 est

340 1760 467 1800 Pater
487 1755 663 1800 homine
684 1754 802 1809 filio,
840 1753 915 1798 sed
949 1753 1163 1814 aequalem
1197 1754 1328 1798 habet
1349 1757 1488 1798 Deum
1522 1753 1681 1797 Filium
1708 1772 1718 1799 ι

339 1841 440 1870 011111
462 1825 577 1869 idern
596 1825 686 1884 ipse
701 1825 752 1868 sit
770 1834 812 1868 et
834 1827 946 1868 Deus
965 1833 1007 1868 et
1028 1825 1160 1868 homo
1177 1859 1190 1878 ,
1218 1824 1294 1868 1)θί
1314 1822 1448 1868 Filius
1469 1832 1512 1866 et
1535 1823 1721 1868 hominis

338 1895 451 1940 filius
470 1931 480 1951 ,
516 1911 629 1939 unus
652 1895 848 1940 Christus
870 1897 1007 1938 Jesus.
1036 1897 1087 1937 In
1109 1910 1241 1954 quam
1262 1895 1519 1938 sententiam
1544 1894 1578 1938 si
1604 1903 1720 1938 recte

341 1967 613 2026 accipiuntur
633 1967 727 2009 haec
744 1965 875 2009 verba
892 2000 902 2020 ,
925 1965 983 2009 ita
1005 1963 1111 2008 dixit
1138 1983 1146 2010 z
1171 1983 1190 2006 «
1218 1964 1335 2009 Sicut
1353 1979 1419 2007 me
1439 1964 1553 2008 misit
1571 1964 1720 2009 vivens

343 2057 363 2081 >i
399 2041 526 2083 Pater
543 2073 553 2092 ,
580 2046 622 2080 et
644 2051 723 2095 ego
745 2036 844 2081 vivo
879 2044 1055 2095 propter
1088 2038 1281 2089 Patrem,
1307 2043 1349 2078 et
1375 2035 1451 2094 qui
1484 2034 1720 2079 manducat

343 2128 364 2152 »
400 2124 495 2164 me,
522 2117 565 2152 et
588 2107 678 2167 ipse
710 2107 825 2151 vivet
853 2115 1031 2166 propter
1051 2121 1119 2149 me
1141 2125 1149 2150 :
1176 2124 1195 2146 »
1220 2121 1268 2149 ac
1292 2105 1325 2150 si
1347 2106 1534 2161 diceret,
1560 2108 1616 2150 Ut
1639 2121 1720 2164 ego

341 2181 483 2227 vivam
500 2188 676 2239 propter
698 2182 886 2233 Patrem,
909 2177 954 2221 id
976 2187 1053 2232 θεῖ,
1076 2177 1131 2221 ad
1151 2177 1260 2221 illud
1282 2186 1491 2238 tanquam
1512 2179 1719 2237 majorem

340 2250 526 2296 referam
556 2250 689 2294 vitam
718 2265 856 2293 meam
875 2284 886 2304 ,
912 2248 1146 2293 exinanitio
1166 2263 1261 2292 mea
1298 2247 1427 2304 fecit,
1462 2249 1508 2292 in
1530 2264 1617 2308 qua
1648 2264 1719 2293 me

339 2321 456 2367 misit
478 2340 486 2366 z
511 2329 561 2364 ut
583 2328 727 2364 autem
755 2320 938 2380 quisquc
973 2320 1089 2364 vivat
1122 2329 1299 2378 propter
1332 2333 1422 2373 me,
1447 2319 1717 2378 participatio

337 2392 441 2438 facit
462 2407 549 2452 qua
570 2389 804 2435 manducat
823 2406 906 2445 me.
929 2393 1020 2448 Ego
1042 2390 1186 2449 itaque
1204 2389 1454 2436 humiliatus
1474 2391 1572 2435 vivo
1590 2406 1718 2450 prop-

336 2473 402 2509 ter
434 2465 631 2517 Patrem,
666 2460 740 2507 ille
767 2469 933 2506 erectus
960 2461 1063 2505 vivit
1095 2469 1269 2519 propter
1297 2475 1380 2506 me.
1421 2462 1462 2507 Si
1488 2470 1632 2506 autern
1654 2461 1715 2506 ita

389 2555 399 2571 ¹
419 2547 531 2583 Matth.
556 2558 588 2589 v,
612 2547 643 2580 8.
675 2564 710 2570 ι·
729 2553 742 2569 ²
761 2549 851 2578 Joan.
873 2557 918 2587 γι,
937 2545 989 2578 58.
1013 2562 1053 2567 --
1075 2543 1088 2568 3
1112 2544 1213 2587 Philip
1245 2556 1279 2585 11,
1298 2545 1329 2577 8.
1355 2562 1395 2568 -—
1415 2544 1430 2575 4
1447 2548 1540 2579 Joan.
1559 2557 1633 2587 xlv,
1655 2545 1710 2578 28.
