1809 3173
374 214 455 251 118
805 219 838 245 s.
873 215 1103 244 Aucus'ruu
1136 215 1314 243 Emscol‘l

371 299 415 334 ct
436 290 577 346 ipsum
599 286 812 329 Joanncm
836 283 906 327 hic
925 297 1070 326 secum
1096 296 1209 335 esse,
1234 278 1458 340 quomodo
1479 279 1640 338 pariter
1657 292 1751 321 crc-

370 366 544 412 verant‚
570 356 629 400 ita
651 355 810 415 pariter
831 369 1051 399 senescere
1071 361 1272 411 poterant
1297 371 1306 396 :
1329 365 1463 411 quare
1493 364 1596 408 ergo
1613 383 1625 405 ,
1654 367 1674 390 «
1694 349 1753 392 Il-

375 450 397 475 »
430 428 522 473 lum
547 435 719 487 oportet
740 440 931 470 crescere
946 460 957 480 ,
976 439 1046 468 me
1064 432 1209 467 autern
1231 420 1400 465 minui?
1425 439 1444 461 n
1472 420 1631 474 Primo,
1651 420 1754 479 quia
1784 415 1788 423 ’

364 504 451 565 jam
469 509 513 545 et
542 498 752 544 Dominus
770 497 945 555 triginta
966 508 1182 540 annorum
1204 501 1294 536 erat
1308 495 1321 518 1
1352 509 1360 534 :
1394 490 1608 551 numquid
1623 492 1751 550 juve-

367 573 432 620 nis
450 608 460 628 ,
485 572 519 616 si
536 572 627 632 jam
648 569 825 628 triginta
847 581 1063 613 annorum
1095 568 1175 619 sit,
1201 562 1344 607 adhuc
1373 563 1556 606 crescit?
1578 563 1675 605 Jam
1698 561 1752 606 ab

366 646 457 706 ipsa
478 651 605 687 aetate
624 655 801 700 vergere
816 639 1033 698 incipiunt
1055 635 1267 689 homineS‚
1287 642 1330 677 et
1347 631 1636 677 declinaread
1654 647 1753 690 gra-

366 717 532 762 viorem
557 722 756 767 aetatem,
794 720 837 755 et
864 709 966 754 inde
994 707 1050 752 ad
1077 713 1360 752 senectutem.
1397 703 1481 749 Sed
1511 713 1554 747 et
1575 704 1607 747 si
1629 704 1753 762 pueri

367 795 508 834 essent
535 785 690 839 ambo,
722 798 810 827 non
834 781 998 826 diceret
1019 799 1027 824 :
1057 797 1078 821 «
1103 778 1235 822 Illum
1257 784 1428 835 oportet
1449 789 1660 829 crescere,
1683 790 1753 818 me

367 877 389 902 »
425 865 571 903 autem
599 855 737 899 minui
760 873 768 897 :
797 871 816 894 »
843 851 918 896 sed
944 849 1134 903 diceret,
1173 847 1311 893 Simul
1342 862 1420 891 nos
1451 855 1623 905 oportet
1644 860 1755 890 cres»

366 943 478 975 cere.
506 928 633 972 Nunc
667 932 814 969 autem
835 921 1011 979 triginta
1028 933 1244 964 annorum
1265 916 1337 961 ille
1354 951 1365 972 ‚
1389 916 1564 974 triginta
1586 924 1630 958 et
1655 914 1749 959 ille:

367 1013 438 1045 sex
461 1010 629 1042 menses
651 994 727 1054 qui
763 994 1002 1037 intererant
1017 1025 1029 1046 ,
1064 987 1232 1033 nullam
1266 987 1541 1045 distinguunt
1557 993 1749 1030 aetatem:
1772 976 1778 980 ’

366 1069 504 1128 magis
525 1065 636 1111 illud
651 1065 820 1110 invenit
835 1063 965 1107 lectio
982 1075 1116 1121 quam
1136 1057 1339 1118 aspectio.

425 1142 480 1184 V.
505 1137 621 1192 Quid
639 1151 743 1195 ergo
760 1143 823 1179 est
843 1169 854 1189 ‚
879 1152 899 1176 «
927 1131 1060 1176 Illum
1081 1139 1254 1190 oportet
1276 1141 1465 1173 crescere
1483 1161 1493 1182 ,
1519 1141 1589 1170 me
1610 1134 1755 1170 autem

369 1229 391 1254 »
425 1209 594 1255 minui?
619 1227 638 1249 »
660 1210 871 1265 Magnum
888 1205 972 1248 hoc
993 1209 1311 1247 sacramentum
1328 1234 1339 1254 ‚
1363 1197 1579 1255 intelligat
1601 1195 1754 1241 Chari-

366 1293 431 1329 tas
454 1285 621 1326 Vestra.
659 1282 908 1338 Antequam
941 1275 1108 1320 veniret
1138 1272 1349 1317 Dominus
1373 1271 1495 1313 Jesus
1513 1303 1524 1323 ‚
1556 1268 1755 1312 homines

368 1354 668 1414 gloriabantur
695 1350 750 1394 de
773 1364 816 1393 se
838 1368 847 1393 :
877 1347 997 1393 venit
1019 1345 1092 1390 ille
1114 1345 1246 1389 homo
1264 1378 1275 1398 ,
1302 1351 1350 1386 ut
1371 1341 1642 1385 minueretur
1670 1339 1754 1383 ho-

367 1425 507 1470 minis-
524 1423 688 1483 gloria,
719 1430 762 1466 et
797 1427 1029 1478 augeretur
1048 1415 1181 1475 gloria
1210 1414 1302 1459 Dei.
1339 1411 1514 1456 Etenim
1537 1411 1656 1454 venit
1684 1408 1756 1453 ille
1789 1447 1792 1450 ,

370 1498 462 1542 sine
487 1502 667 1555 peccato
685 1527 696 1548 ,
721 1501 764 1536 et
784 1491 951 1535 invenit
967 1503 1117 1534 omnes
1140 1501 1238 1531 cum
1263 1492 1458 1544 peccat0.
1488 1481 1532 1526 Si
1558 1481 1617 1525 sic
1640 1480 1757 1525 venit

366 1567 442 1612 ille
459 1576 509 1611 ut
525 1564 765 1613 dimitteret
785 1569 979 1621 peccata,
1004 1563 1118 1603 Deus
1139 1556 1347 1614 largiatur
1363 1589 1374 1609 ‚
1398 1554 1531 1597 homo
1549 1552 1757 1596 confitea-

366 1649 454 1685 tur.
478 1636 656 1682 Etenim
676 1633 891 1679 confessio
908 1630 1095 1676 hominis
1111 1663 1122 1684 ,
1141 1626 1361 1672 humilitas
1381 1624 1568 1669 hominis
1596 1641 1604 1667 :
1625 1623 1755 1666 mise-

366 1710 476 1755 ratio
493 1708 594 1763 Dei,
614 1704 801 1751 altitudo
823 1703 916 1748 Dei.
946 1702 989 1746 Si
1006 1714 1107 1758 ergo
1128 1698 1248 1743 venit
1264 1696 1335 1740 ille
1352 1694 1569 1739 dimittere
1590 1692 1756 1737 homini

367 1788 546 1843 peccata
562 1814 574 1835 ‚
607 1784 813 1837 agnoscat
835 1776 969 1818 homo
999 1769 1292 1816 humilitatem
1313 1782 1436 1811 suam
1455 1801 1466 1821 ‚
1491 1774 1535 1809 et
1556 1767 1671 1809 Deus
1692 1764 1757 1808 fa-
1796 1818 1797 1821 Ἰ

368 1854 454 1900 ciat
481 1847 819 1896 misericordiam
853 1859 992 1889 suam.
1023 1841 1198 1886 «Illum
1233 1847 1406 1898 oportet
1438 1851 1652 1890 crescere,
1687 1850 1757 1879 me

371 1944 393 1969 »
428 1933 574 1969 autem
595 1921 761 1966 minui:
787 1936 807 1960 »
831 1919 916 1962 hoc
933 1924 1016 1970 est,
1032 1913 1159 1958 illum
1181 1918 1353 1970 oportet
1375 1908 1499 1962 dare,
1523 1921 1593 1950 me
1611 1907 1757 1950 autent

370 1997 565 2056 accipere
596 2013 605 2038 :
631 1991 757 2036 illum
783 1996 956 2049 oportet
981 1983 1236 2044 glorificari,
1269 1996 1339 2025 me
1370 1988 1516 2024 autem
1539 1977 1752 2022 confiteri.

372 2067 593 2126 Intelligat
612 2066 747 2109 homo
770 2060 952 2121 gradum
975 2072 1102 2103 suum
1118 2091 1128 2111 ,
1153 2064 1196 2099 et
1212 2053 1472 2098 confiteatur
1493 2053 1599 2105 Deo,
1620 2058 1664 2093 et
1683 2064 1757 2093 au-

370 2138 460 2184 diat
496 2134 755 2197 Apostolum
787 2132 1006 2176 dicentem
1035 2126 1203 2172 homini
1231 2122 1500 2183 superbienti
1535 2130 1578 2164 et
1610 2119 1752 2175 elato,

371 2209 576 2255 extollere
603 2222 647 2252 se
667 2204 860 2259 volenti,
890 2221 910 2244 «
934 2200 1051 2254 Quid
1073 2198 1190 2243 enim
1213 2196 1346 2241 habes
1368 2194 1490 2255 quod
1511 2207 1602 2236 non
1632 2205 1755 2236 acce-

372 2299 395 2324 »
429 2280 558 2340 pisti?
581 2279 617 2324 si
648 2286 794 2322 autem
832 2283 876 2318 et
908 2271 1131 2331 accepisti,
1162 2267 1269 2329 quid
1298 2264 1493 2326 gloriaris
1521 2263 1644 2324 quasi
1665 2277 1755 2307 non
1784 2254 1791 2256 ’

373 2369 395 2394 »
431 2349 698 2412 acceperis2?
723 2366 743 2389 »
776 2343 998 2403 Intelligat
1037 2356 1141 2400 ergo
1167 2341 1301 2384 homo
1323 2337 1425 2396 quia
1454 2335 1642 2394 accepit,
1678 2333 1756 2393 qui
1800 2323 1802 2325 θ

367 2422 544 2469 volebat
563 2435 691 2466 suum
713 2419 856 2464 dicere
880 2414 1001 2477 quod
1020 2430 1111 2459 non
1131 2421 1195 2457 est
1215 2412 1306 2472 ejus
1322 2431 1333 2468 3
1351 2418 1394 2453 et
1410 2408 1653 2452 minuatur:
1674 2406 1756 2451 bo-

367 2509 477 2540 num
503 2503 567 2539 est
597 2493 715 2538 enim
734 2489 797 2535 illi
826 2498 876 2534 ut
897 2491 1014 2533 Deus
1034 2487 1080 2531 in
1102 2485 1179 2531 illo
1209 2482 1489 2543 glorificetur.
1515 2483 1613 2539 Ipse
1634 2479 1682 2535 in
1710 2491 1754 2522 se

417 2585 427 2602 ¹
443 2581 521 2612 Luc.
535 2588 582 2620 111,
601 2577 656 2612 23.
677 2592 718 2601 -
736 2582 750 2600 2
771 2585 785 2608 1
805 2575 879 2608 Cor.
900 2567 998 2613 1v‚‘7‚
