1809 3173
344 194 397 230 30
781 202 812 228 s.
851 201 1079 230 Aucusrim
1113 204 1292 231 El'lscom

341 276 522 311 matrem
561 266 678 325 prior
700 274 836 310 matre
873 268 1132 322 moriturus,
1158 277 1201 312 et
1234 276 1333 312 ante
1364 269 1511 312 matris
1540 278 1722 313 mortem

342 346 657 381 resurrecturus
684 356 692 381 ε
719 336 999 381 commendat
1019 338 1151 383 homo
1174 339 1340 384 homini
1365 340 1600 384 hominem.
1632 342 1724 384 lloc

342 417 567 467 pepererat
587 408 737 452 Maria.
754 407 832 452 Illa
850 408 954 452 hora
972 410 1061 468 jam
1078 419 1272 466 venerat,
1299 409 1353 454 de
1370 426 1457 470 qua
1479 419 1584 455 tunc
1607 411 1725 454 dixe·

341 488 407 524 rat
431 499 439 523 :
470 498 489 521 «
514 478 720 524 Nondum
737 479 857 523 venit
877 480 983 524 hora
1005 495 1115 524 mea.
1145 499 1165 522 n

398 552 454 593 X.
488 551 711 602 Quantum
735 549 942 604 arbitror,
980 548 1152 605 iratres,
1180 566 1434 610 responsum
1465 561 1528 596 est
1549 552 1725 596 haereti-

339 620 399 664 cis
427 639 435 664 :
461 619 776 664 mathematicis
800 620 1154 678 respondeamus.
1181 624 1238 665 Et
1268 621 1349 680 ipsi
1374 621 1492 665 unde
1512 631 1726 667 conantur

339 690 619 745 convincere,
647 690 749 750 quia
774 690 855 734 sub
883 689 974 735 fato
1003 700 1094 735 erat
1119 692 1276 735 JesusP
1299 691 1406 743 Quia
1428 691 1518 751 ipse
1545 693 1631 748 ait,
1656 693 1726 735 in-

339 761 499 821 quiunt
518 779 561 804 2«
586 760 792 806 Nondum
815 761 933 804 venit
955 760 1061 804 hora
1084 775 1192 805 mea.
1222 779 1241 802 »
1268 763 1382 818 Ergo
1399 760 1464 804 illi
1486 762 1723 819 credimus,

361 840 389 874 »t
415 831 448 874 si
465 830 636 874 dixisset
657 849 667 874 ι
696 833 855 875 Horam
877 846 966 875 non
987 830 1152 886 habeo,
1178 829 1424 875 exclusisset
1444 832 1725 876 mathemati-

339 917 410 946 cos
434 920 442 945 :
467 900 543 944 sed
565 916 684 956 ecce,
706 900 935 960 inquiunt,
957 901 1045 960 ipse
1068 900 1197 945 dixit:
1213 919 1232 943 α
1256 901 1461 947 Nondum
1479 903 1599 946 venit
1620 903 1727 947 hora

342 990 362 1013 »
398 986 507 1014 mea.
538 989 556 1011 »
585 971 627 1015 Si
650 985 752 1029 ergo
780 970 952 1015 dixisset
974 990 981 1015 :
1005 973 1166 1015 Horam
1189 987 1278 1016 non
1295 972 1460 1027 habeo,
1481 971 1728 1018 exclusisset

340 1041 682 1096 mathematicos,
704 1057 794 1085 non
814 1051 924 1086 esset
941 1041 1059 1086 unde
1081 1041 1472 1088 calumniarentur:
1490 1059 1608 1088 nunc
1624 1059 1726 1088 vero

339 1112 440 1172 quia
463 1111 570 1155 dixit
599 1131 608 1156 2
638 1130 657 1153 «
692 1110 898 1157 Nondum
920 1112 1040 1156 venit
1069 1112 1175 1157 hora
1214 1127 1331 1168 mea,
1371 1132 1390 1154 »
1418 1122 1568 1158 contra
1595 1113 1728 1173 ipsius

338 1184 468 1228 verba
489 1182 596 1243 quid
626 1198 854 1242 possumus
874 1182 1017 1227 dicere
1035 1185 1052 1226 Ρ
1070 1184 1229 1228 Mirum
1253 1195 1316 1228 est
1338 1184 1459 1244 quod
1486 1185 1728 1229 mathema-

341 1254 412 1298 tici
436 1252 654 1298 credendo
678 1253 818 1298 verbis
846 1253 1028 1308 Christi,
1058 1263 1275 1298 conantur
1299 1257 1558 1299 convincere
1580 1255 1728 1300 Chris-
1784 1253 1800 1258 x

338 1326 476 1371 tianos
497 1325 618 1385 quod
640 1325 721 1369 sub
744 1325 850 1369 hora
870 1324 992 1369 fatali
1013 1325 1166 1369 vixerit
1182 1326 1393 1371 Christus.
1413 1325 1602 1371 Credant
1624 1342 1727 1386 ergo

337 1396 509 1442 Christo
542 1395 705 1440 dicenti
734 1414 743 1440 ε
778 1414 799 1438 (ι
830 1398 1092 1440 Potestatem
1134 1396 1276 1441 habeo
1310 1396 1504 1456 ponendi
1538 1397 1728 1442 animam

340 1486 360 1508 »
395 1482 536 1510 meam
555 1501 565 1521 ‚
587 1476 629 1511 et
650 1467 810 1511 iterum
830 1466 1032 1511 sumendi
1054 1482 1173 1512 eam:
1193 1483 1322 1512 nemo
1343 1467 1459 1513 tollit
1480 1483 1574 1512 eam
1594 1484 1617 1512 a
1631 1484 1724 1525 me,

342 1557 363 1580 »
398 1537 475 1582 sed
504 1554 585 1597 ego
614 1554 731 1598 pono
752 1553 846 1582 eam
869 1554 889 1582 a
913 1554 984 1582 me
1004 1539 1096 1598 ipso
1113 1573 1124 1595 ,
1148 1547 1191 1583 et
1213 1540 1372 1583 iterum
1396 1555 1521 1585 sumo
1538 1542 1674 1584 eam1.
1704 1559 1724 1582 »

338 1613 533 1668 Ergo-ne
561 1610 640 1654 ista
664 1619 851 1669 potestas
875 1611 956 1654 sub
987 1608 1078 1655 fato
1112 1612 1210 1655 est?
1242 1610 1473 1656 ostendant
1504 1611 1728 1656 hominem

339 1680 416 1741 qui
438 1689 696 1739 potestatem
718 1681 878 1725 habeat
899 1679 1077 1741 quando
1098 1681 1309 1726 moriatur
1323 1717 1333 1736 ,
1355 1681 1553 1742 quandiu
1572 1682 1690 1727 vivat
1715 1700 1724 1726 ε

338 1751 516 1795 omnino
538 1766 627 1795 non
649 1751 894 1795 ostendent.
922 1751 1115 1796 Credant
1136 1766 1236 1810 ergo
1257 1755 1347 1796 Deo
1376 1752 1538 1796 dicenti
1566 1771 1574 1797 :
1599 1771 1619 1794 «
1645 1755 1730 1797 Po-

342 1840 362 1863 »
399 1830 596 1866 testatem
635 1821 774 1865 habeo
819 1820 1011 1880 ponendi
1051 1822 1239 1866 animam
1280 1838 1422 1867 meam
1442 1858 1452 1877 ,
1495 1832 1539 1867 et
1573 1824 1729 1867 iterum

343 1911 362 1933 »
398 1891 598 1936 sumendi
629 1907 723 1935 eam
746 1911 755 1935 ;
784 1910 803 1933 >›
832 1901 875 1935 et
897 1901 1095 1950 quaerant
1118 1908 1252 1951 quare
1274 1892 1328 1936 sit
1351 1891 1518 1936 dictum
1542 1912 1551 1937 2
1579 1895 1730 1939 «Non-

344 1982 363 2004 »
400 1962 505 2007 dum
538 1962 657 2007 venit
689 1964 794 2007 hora
827 1978 923 2006 mea
963 1982 971 2006 :
1003 1980 1023 2003 ³>
1059 1978 1139 2006 nec
1173 1962 1272 2006 ideo
1299 1964 1390 2022 jam
1419 1963 1501 2007 sub
1524 1963 1616 2008 fato
1648 1980 1729 2023 po-

341 2042 449 2077 nant
479 2033 746 2078 conditorem
770 2032 870 2077 coeli
888 2068 898 2087 ,
924 2042 1162 2077 creatorem
1197 2042 1327 2093 atque
1350 2033 1643 2078 ordinatorem
1671 2035 1730 2078 si-

342 2104 510 2148 derum.
539 2094 649 2157 Quia
670 2105 704 2147 si
726 2113 834 2148 esset
856 2103 994 2147 latum
1014 2103 1067 2147 de
1091 2104 1319 2157 sideribus,
1340 2120 1429 2149 non
1454 2114 1624 2163 poterat
1640 2121 1730 2150 esse

343 2176 424 2219 sub
444 2175 693 2219 necessitate
716 2174 904 2218 siderum
925 2174 1125 2219 conditor
1142 2174 1347 2219 siderum.
1369 2174 1494 2219 Adde
1516 2176 1619 2236 quia
1641 2192 1730 2221 non

343 2245 484 2290 solum
503 2246 698 2290 Christus
725 2261 813 2290 non
836 2244 992 2288 habuit
1014 2245 1134 2304 quod
1155 2244 1344 2304 appellas
1367 2243 1507 2289 fatum
1528 2265 1536 2291 :
1557 2247 1633 2290 sed
1650 2262 1729 2291 nec

343 2326 413 2371 tu,
441 2325 515 2359 aut
537 2331 615 2374 ego
633 2351 644 2371 ,
670 2325 743 2359 aut
764 2315 859 2371 ille,
883 2324 957 2359 aut
979 2315 1211 2376 quisquam
1232 2316 1474 2365 hominum.

399 2390 478 2432 xi.
506 2389 816 2430 Verumtamen
841 2386 1007 2430 seducti
1030 2386 1245 2430 seducunt
1263 2396 1305 2430 et
1323 2397 1576 2446 proponunt
1598 2387 1726 2431 falla-

341 2458 427 2502 cias
456 2458 733 2502 hominibus:
760 2457 947 2502 tendunt
980 2457 1035 2501 ad
1068 2456 1300 2517 capiendos
1328 2457 1524 2503 homines
1542 2492 1553 2514 ,
1579 2467 1622 2502 et
1644 2459 1726 2504 hoe

397 2549 406 2567 ¹
424 2546 515 2576 Joan.
539 2555 570 2584 x,
592 2543 642 2577 18.
