1809 3173
376 166 460 207 254
773 177 807 208 s.
842 176 1072 209 mausum
1105 181 1285 210 muscom

374 352 1753 375 mmmmmmwwwwmmmmmwmmmmmm

746 482 1151 529 TRACTATUS
1184 484 1340 531 XXIII
1354 482 1385 530 ¹.

377 643 429 684 In
444 640 563 685 illam
591 641 823 686 lectionem
845 643 1086 703 Evangelii,
1112 643 1170 690 Si
1188 660 1276 707 ego
1298 646 1617 690 testimonium
1640 662 1759 706 per-

436 709 575 756 lzc'beo
601 710 660 756 de
681 728 772 768 me,
791 723 878 758 ete.
904 730 1041 774 usque
1070 714 1125 759 ad
1147 716 1208 771 id,
1229 715 1279 760 E
1283 725 1299 760 t
1325 732 1421 761 non
1438 715 1578 761 valtis
1597 718 1757 762 venire

436 781 508 826 ad
530 797 628 838 me,
656 792 707 827 ut
734 784 885 828 vitam
925 782 1162 829 habeatis.
1203 788 1312 830 Tum
1342 787 1471 830 etiam
1501 797 1758 846 repetuntur

436 852 676 911 superiores
712 853 916 898 lectiones
941 855 1032 914 jam
1060 865 1159 900 ante
1184 865 1398 912 tractatae,
1438 857 1600 902 scilicet
1619 859 1672 902 ab
1693 858 1758 903 his

436 924 594 977 verbis,
615 925 792 980 Amen,
813 941 956 969 amen
973 924 1082 970 dico
1100 926 1250 985 vobis,
1275 944 1370 973 non
1383 938 1540 988 potest
1552 929 1605 973 F
1603 929 1709 974 ilias
1726 946 1759 974 a

436 993 677 1056 sefacere
699 993 962 1054 quidquam
985 1006 1073 1041 etc.

438 1154 472 1195 I.
493 1154 685 1205 QUODAM
706 1153 803 1198 loco
833 1153 878 1197 in
900 1154 1137 1211 Evangelio
1159 1154 1368 1199 Dominus
1395 1157 1468 1211 ait,
1499 1156 1759 1216 prudentem

377 1223 620 1268 auditorem
645 1224 755 1268 versi
777 1224 844 1268 sui
874 1223 1057 1268 similem
1081 1240 1170 1269 esse
1197 1226 1356 1270 debere
1379 1227 1565 1280 homini,
1591 1228 1667 1287 qui
1689 1242 1762 1271 vo-

376 1292 469 1338 lens
490 1293 720 1349 aedificare,
740 1294 852 1338 fodit
869 1293 1012 1349 altius,
1033 1295 1173 1339 donec
1195 1296 1416 1355 perveniat
1431 1296 1485 1340 ad
1502 1296 1763 1342 fundamen·

376 1373 471 1408 tum
493 1364 737 1409 stabilitatis
754 1374 912 1424 petrae,
945 1375 989 1409 et
1005 1365 1067 1408 ibi
1086 1381 1261 1411 securus
1294 1368 1528 1413 constituat
1550 1369 1671 1429 quod
1693 1368 1760 1413 fa-

376 1435 514 1478 bricat
547 1434 750 1480 adversus
788 1436 998 1494 impetum
1038 1436 1229 1480 fluminis
1251 1439 1266 1462 ²
1305 1457 1313 1482 :
1355 1447 1402 1481 ut
1435 1454 1534 1482 cum
1565 1439 1757 1495 venerit,

375 1501 692 1564 repercutiatur
709 1506 852 1565 potius
882 1505 1085 1550 firmitate
1106 1507 1291 1562 aedificii,
1319 1523 1450 1567 quem
1475 1507 1666 1567 impulsu
1683 1525 1760 1553 suo

376 1575 545 1619 ruinam
578 1574 707 1621 faciat
739 1575 802 1618 illi
835 1576 999 1619 domui.
1028 1580 1234 1621 Putemus
1266 1578 1530 1636 Scripturam
1558 1579 1640 1632 ,Dei
1665 1589 1761 1623 tan-

375 1661 507 1706 quam
521 1661 672 1704 agrum
689 1661 795 1700 esse,
823 1646 897 1689 ubi
916 1646 1116 1691 volumus
1134 1646 1299 1707 aliquid
1328 1648 1556 1692 aedifieare.
1582 1651 1678 1694 Non
1700 1650 1758 1693 si—

375 1732 472 1761 mus
490 1717 616 1776 pigri,
636 1733 716 1761 nec
733 1717 959 1777 superficie
971 1719 1168 1762 contenti
1188 1738 1197 1763 :
1214 1717 1429 1764 fodiamus
1451 1720 1595 1775 altius,
1620 1720 1758 1765 donec

375 1789 678 1847 perveniamus
701 1787 755 1831 ad
778 1798 943 1847 petram
973 1807 982 1833 ε
1007 1808 1027 1830 «
1051 1793 1175 1834 Petra
1198 1799 1342 1834 autem
1367 1800 1457 1834 erat
1479 1792 1715 1836 Christusss.
1734 1810 1754 1833 »

435 1861 493 1902 ΙΙ.
522 1857 741 1902 Hodierna
770 1857 898 1903 lectio
920 1857 974 1901 de
992 1859 1238 1904 testimonio
1256 1861 1427 1904 Domini
1453 1861 1579 1905 nobis
1612 1860 1757 1906 locuta

375 1938 454 1984 est,
474 1929 576 1989 quia
600 1944 689 1973 non
714 1929 873 1972 habeat
894 1929 1180 1973 necessarium
1212 1930 1267 1974 ab
1289 1931 1540 1975 hominibus
1562 1933 1757 1977 testimo-

374 2000 522 2055 nium,
547 1999 622 2044 sed
651 2000 810 2043 habeat
836 2000 973 2058 majus
999 2014 1131 2058 quam
1159 2009 1261 2044 sunt
1287 2001 1483 2044 homines
1513 2020 1521 2045 :
1553 2010 1683 2061 atque
1711 2001 1757 2046 id

374 2070 673 2115 testimonium
685 2069 790 2113 dixit
807 2068 916 2129 quid
929 2069 982 2113 sit
999 2088 1007 2113 :
1027 2070 1218 2128 «Opera,
1234 2070 1392 2129 inquit,
1413 2086 1512 2130 quae
1526 2087 1606 2130 ego
1622 2071 1751 2127 facio,

377 2158 398 2183 »
436 2142 728 2185 testimonium
747 2140 978 2199 perhibent
994 2138 1047 2183 de
1061 2154 1130 2182 me
1145 2140 1174 2183 ⁴.
1197 2158 1216 2181 »
1240 2139 1404 2184 Deinde
1421 2141 1633 2200 adjunxit,
1654 2161 1674 2183 «
1698 2145 1754 2186 Et

377 2230 397 2254 »
434 2213 729 2257 testimonium
763 2211 962 2270 perhibet
985 2211 1039 2254 de
1069 2226 1138 2254 me
1160 2211 1237 2270 qui
1259 2212 1372 2255 misit
1393 2227 1462 2255 me
1490 2216 1631 2258 Pater.
1657 2216 1754 2271 Ipsa

374 2299 551 2344 quoque
568 2298 697 2341 opera
712 2297 810 2341 quae
828 2280 947 2334 facit,
959 2297 981 2324 a
994 2284 1119 2324 Patre
1136 2297 1180 2325 se
1192 2282 1403 2341 accepisse
1416 2283 1534 2326 dicit.
1550 2283 1751 2327 Testimo-

374 2355 495 2398 nium
513 2369 615 2412 ergo
638 2353 869 2412 perhibent
891 2366 1036 2410 opera,
1064 2352 1357 2396 testimonium
1380 2352 1580 2411 perhibet
1608 2356 1747 2396 Pater.

422 2468 431 2485 ¹
460 2461 592 2494 Habitus
615 2461 668 2493 die
694 2460 840 2502 proximo
866 2464 941 2501 post
965 2459 1163 2501 superiorem
1179 2460 1364 2492 Tractatum
1382 2470 1421 2491 ex
1439 2470 1470 2491 n.
1493 2459 1525 2492 5.
1546 2476 1586 2482 —
1603 2466 1617 2482 ²
1637 2461 1747 2493 Matth.

374 2527 431 2559 vn,
450 2514 505 2559 24.
526 2531 567 2539 -
587 2514 602 2539 3
625 2527 638 2548 1
659 2516 731 2548 Cor.
756 2525 790 2556 x,
808 2514 841 2556 4.
861 2530 903 2537 -
919 2512 936 2543 4
952 2516 1042 2547 Joan.
1062 2523 1095 2556 v,
1114 2512 1169 2546 36.
