1809 3173
382 156 465 195 424
807 169 840 198 s.
877 172 1107 201 AUGUSTIM
1141 175 1320 203 Emscom

380 242 606 291 terrogate.
634 238 796 280 Praesto
820 247 882 281 est
904 239 1032 282 etiam
1057 240 1145 298 ipse
1168 243 1376 286 Dominus
1399 244 1473 303 qui
1490 246 1652 305 ubique
1680 257 1760 304 est,

379 304 527 348 audiat
576 306 871 365 interrogandi
910 311 1138 365 affectum,
1191 322 1234 356 ct
1276 313 1546 373 intelligendi
1589 328 1763 376 praestet

377 376 598 419 effectum.
620 379 728 420 Nam
747 393 825 435 ego
840 380 1000 438 (cluibus
1017 381 1174 432 verbis,
1191 392 1234 425 et
1251 384 1283 425 si
1307 383 1417 427 forte
1431 384 1596 445 aliquid
1619 390 1758 446 capio,

374 446 614 504 perducere
637 462 811 506 possum
842 449 961 508 quod
984 450 1106 507 capio
1129 450 1183 493 ad
1205 453 1333 497 eorda
1356 458 1525 499 vestra?
1555 456 1760 509 Quisnam

373 517 536 561 sufficit
556 533 686 562 sonus
705 521 722 562 P
744 536 843 578 quae
867 521 1058 579 suppetit
1075 521 1355 581 eloquentia?
1376 541 1475 585 quae
1497 527 1605 571 vires
1628 528 1760 572 intel-

372 586 535 644 ligendi
551 590 568 631 P
583 605 681 647 quae
702 588 882 632 facultas
905 590 1188 648 proferendi?

430 661 485 701 X.
514 660 659 702 Dicam
679 675 780 717 ergo
801 661 984 704 Domino
1012 672 1159 706 nostro
1183 666 1286 708 Jesu
1307 665 1503 720 Christo,
1529 666 1691 724 dicam,
1717 679 1760 715 et

369 729 517 773 audiat
551 745 633 772 mc.
662 730 803 774 Credo
830 742 1086 790 praesentem
1103 769 1113 787 ‚
1141 735 1320 779 omnino
1344 752 1433 781 non
1465 737 1644 796 dubit03
1669 741 1759 800 ipse

367 801 482 843 enim
500 799 607 843 dixit
630 820 638 843 ι
669 819 687 841 «
715 803 825 845 Ecce
848 817 926 859 ego
949 803 1174 848 vobiscum
1199 822 1294 849 sum
1317 823 1456 867 usque
1478 810 1523 852 in
1550 826 1758 855 consum-

370 890 388 911 »
425 870 660 913 mationem
683 871 870 914 saeculi1.
905 891 923 912 »
951 875 987 915 Ο
1013 875 1193 919 Domine
1217 879 1330 921 Deus
1365 888 1536 933 noster,
1563 881 1669 939 quid
1697 891 1759 926 est

364 939 485 1000 quod
504 941 618 995 aisti,
649 960 669 982 «
689 942 776 987 Nisi
797 942 1065 987 credideritis
1087 946 1188 1004 quia
1205 962 1284 1004 ego
1301 950 1427 992 sum?
1455 968 1474 990 »
1502 950 1619 1003 Quid
1641 952 1757 995 enim

365 1026 456 1054 non
485 1020 547 1054 est
584 1027 734 1055 eorum
769 1029 868 1072 quae
899 1013 1071 1058 fecisti?
1100 1017 1324 1076 Numquid
1351 1018 1513 1063 coelum
1543 1036 1632 1064 non
1663 1024 1760 1066 est?

366 1080 583 1141 numquid
617 1091 728 1126 terra
761 1099 850 1126 non
873 1086 967 1127 est?
993 1086 1211 1145 numquid
1241 1103 1332 1132 non
1366 1099 1468 1133 sunt
1498 1105 1546 1134 ea
1581 1107 1680 1151 quae
1712 1092 1757 1136 in

364 1162 477 1196 terra
498 1162 540 1196 et
562 1153 606 1196 in
630 1154 743 1197 coelo
779 1157 912 1198 sunt?
935 1157 1151 1216 numquid
1185 1158 1318 1202 homo
1338 1159 1429 1218 ipse
1461 1162 1531 1204 cui
1567 1161 1757 1222 loqueris

364 1240 455 1268 non
477 1226 569 1268 est?
591 1225 809 1284 numquid
833 1227 1023 1284 Angelus
1053 1244 1184 1287 quem
1209 1229 1343 1274 mittis
1376 1247 1465 1275 non
1487 1235 1578 1276 est?
1603 1234 1644 1278 Si
1663 1250 1757 1278 om-

363 1295 435 1339 nia
458 1305 559 1339 sunt
593 1296 687 1340 haec
710 1313 808 1355 quae
835 1313 910 1355 per
934 1308 975 1341 te
1000 1299 1111 1342 lacta
1142 1308 1267 1354 sunt,
1302 1301 1408 1360 quid
1431 1312 1494 1346 est
1533 1305 1653 1363 quod
1677 1305 1756 1349 tibi

363 1367 589 1426 proprium
612 1367 823 1427 quiddam
843 1370 1019 1413 tenuisti
1041 1371 1180 1428 ipsum
1203 1387 1291 1416 esse
1313 1372 1434 1432 quod
1456 1374 1546 1419 aliis
1569 1391 1657 1420 non
1680 1377 1756 1420 de-

364 1437 480 1492 disti⁷
502 1446 552 1481 ut
588 1447 635 1481 tu
668 1438 783 1482 solus
806 1455 915 1483 esses
944 1459 952 1484 ε
975 1443 1083 1485 Nam
1106 1441 1329 1501 quomodo
1353 1443 1507 1499 audio,
1538 1448 1631 1504 Ego
1660 1462 1755 1491 sum

363 1509 440 1567 qui
470 1523 566 1551 sum
593 1528 601 1552 :
627 1510 750 1568 quasi
773 1509 855 1553 alia
880 1526 968 1554 non
992 1511 1105 1555 sint?
1131 1515 1186 1555 Et
1201 1513 1423 1571 quomodo
1441 1516 1597 1571 audio,
1622 1536 1641 1559 «
1666 1518 1755 1563 Nisi

365 1598 385 1620 »
422 1578 688 1623 credideritis
722 1581 825 1640 quia
855 1597 935 1639 ego
960 1584 1089 1626 sum?
1121 1602 1138 1623 υ
1172 1583 1240 1627 Illi
1273 1585 1389 1628 enim
1422 1601 1512 1630 non
1534 1598 1656 1632 erant
1677 1590 1755 1648 qui

361 1648 629 1694 audiebant?
648 1652 703 1692 Et
738 1651 772 1694 si
796 1662 1041 1710 peccatores
1067 1663 1212 1708 erant,
1247 1654 1445 1700 homines
1469 1666 1608 1701 erant.
1637 1659 1755 1711 Quid

363 1736 464 1778 ergo
482 1720 595 1765 facio
609 1721 626 1762 ⁶?
644 1721 761 1773 Quid
779 1723 832 1765 sit
850 1724 991 1782 ipsum
1014 1740 1103 1768 esse
1121 1760 1131 1779 ,
1157 1724 1274 1769 dicat
1293 1726 1414 1770 cordi
1430 1762 1441 1780 ,
1468 1728 1585 1772 intus
1618 1729 1750 1786 dicat,

364 1792 482 1836 intus
507 1790 735 1850 loquatur,
776 1793 908 1837 homo
932 1795 1112 1838 interior
1142 1795 1312 1851 audiat,
1338 1812 1459 1842 mens
1492 1799 1633 1858 capiat
1654 1816 1755 1845 vere

365 1877 456 1907 esse
482 1881 491 1906 2
520 1870 582 1904 est
610 1863 723 1905 enim
747 1878 915 1922 semper
946 1865 1098 1907 eodem
1129 1865 1260 1914 modo
1283 1882 1386 1910 esse.
1423 1871 1507 1912 Res
1536 1870 1650 1914 enim
1674 1871 1754 1914 ali-

364 1950 478 1995 qua,
512 1932 719 1992 quaelibet
752 1935 956 1989 omnino,
980 1936 1134 1994 (quasi
1166 1937 1281 1995 coepi
1310 1936 1550 1996 disputare,
1578 1949 1620 1984 et
1652 1943 1752 1986 des-

363 2005 431 2050 titi
454 2018 670 2064 quaerere‚
696 2002 807 2047 sorte
829 2006 949 2064 quod
987 2004 1133 2048 audivi
1154 2005 1253 2049 volo
1274 2005 1420 2066 loqui⁷
1456 2010 1625 2053 auditui
1654 2026 1752 2057 meo

364 2076 439 2120 det
458 2075 768 2119 exultationem
794 2084 837 2119 et
858 2083 1001 2118 vestro
1024 2090 1124 2118 cum
1148 2075 1306 2135 loquor
1330 2095 1338 2121 :
1363 2078 1379 2133 )
1400 2093 1466 2122 res
1488 2080 1605 2122 enim
1626 2096 1752 2140 quae-

363 2147 498 2201 libet,
519 2162 693 2205 prorsus
716 2145 1027 2206 qualicumque
1052 2145 1303 2191 excellentia
1321 2182 1332 2202 ‚
1358 2148 1392 2192 si
1414 2149 1635 2195 mutabilis
1659 2162 1722 2198 est
1736 2189 1748 2209 ,

363 2233 453 2262 non
473 2232 574 2261 vere
591 2227 655 2261 est
675 2236 684 2263 :
708 2232 799 2261 non
821 2216 935 2260 enim
959 2226 1022 2260 est
1043 2217 1104 2261 ibi
1119 2232 1269 2261 verum
1290 2233 1379 2262 esse
1395 2254 1406 2274 ‚
1427 2220 1503 2263 ubi
1519 2229 1584 2265 est
1600 2231 1644 2266 et
1660 2238 1750 2269 non

362 2303 468 2332 esse.
486 2287 711 2347 Quidquid
729 2288 843 2332 enim
860 2289 1016 2332 mutari
1036 2297 1191 2348 potest,
1212 2298 1427 2334 mutatum
1447 2306 1536 2336 non
1550 2301 1612 2336 est
1629 2294 1750 2354 quod

363 2367 454 2402 erat
473 2358 531 2402 :si
549 2374 636 2402 non
659 2368 722 2403 est
739 2359 860 2419 quod
884 2368 995 2414 erat,
1018 2375 1134 2404 mors
1154 2361 1355 2420 quaedam
1369 2362 1427 2406 ihi
1441 2361 1550 2407 facta
1564 2373 1626 2407 est
1643 2386 1654 2422 3
1672 2380 1749 2424 pe-

363 2438 581 2487 remptum
594 2438 656 2472 est
668 2428 834 2489 aliquid
846 2429 906 2474 ibi
919 2431 1039 2489 quod
1051 2440 1156 2487 erat,
1175 2440 1218 2476 et
1229 2447 1317 2477 non
1332 2442 1408 2478 est.
1427 2433 1614 2492 Nigredo
1627 2450 1747 2481 mor-

415 2521 423 2536 ¹
444 2514 564 2546 Matth.
584 2515 692 2555 xxvni,
714 2522 768 2546 20.
