1809 3173
367 127 450 166 510
801 140 834 167 s.
870 138 1099 170 AUGUSTINI
1132 143 1312 171 Enscom

362 211 485 246 estet
503 202 715 249 ostiarius.
737 206 788 248 In
802 205 928 250 bonis
945 221 1047 266 ergo
1070 208 1229 251 ostium
1251 215 1336 262 est,
1355 207 1576 262 ostiarius,
1596 217 1741 267 pastor

363 280 406 315 et
423 287 522 316 oves
549 292 558 317 :
578 273 624 317 in
646 274 767 319 malis
789 275 905 320 fures
922 286 965 321 et
984 276 1172 322 latrones
1187 313 1199 333 ‚
1224 279 1480 322 mercenaaii
1497 313 1508 333 ,
1533 278 1678 338 lupus.

422 346 482 387 ΙΙ.
511 345 680 389 Ostium
702 347 937 392 Dominum
970 349 1192 393 Christum
1230 349 1489 408 accipimus,
1528 358 1742 408 pastorem

363 414 504 471 ipsum
531 416 782 461 :ostiarium
806 420 969 478 quem?
998 422 1101 463 Haec
1130 420 1245 463 enim
1275 420 1363 464 duo
1398 421 1489 479 ipse
1515 420 1738 479 exposuit,

361 483 583 529 ostiarium
605 487 730 530 nobis
762 487 937 547 reliquit
959 488 1260 547 quaerendum.
1286 492 1343 533 Et
1364 491 1471 549 quid
1509 490 1567 534 ait
1588 489 1642 533 de
1670 505 1744 534 os-

363 553 520 598 tiario?
546 573 564 597 «
598 556 734 612 Huic,
774 557 942 617 inquit,
969 558 1163 601 ostiarius
1198 559 1378 617 aperit1.
1408 578 1427 599 »
1457 560 1537 604 Cui
1578 559 1744 618 aperit?

364 625 540 682 pastori.
567 626 678 679 Quid
705 626 842 685 aperit
863 627 1059 686 pastori?
1089 628 1273 671 Ostium.
1300 631 1356 672 Et
1378 629 1475 688 quis
1507 638 1572 672 est
1601 630 1744 687 ipsum

363 695 557 739 ostium?
582 699 678 754 Ipse
712 706 871 755 pastor.
892 697 1115 756 Numquid
1138 698 1170 741 si
1193 698 1401 742 Dominus
1423 698 1618 743 Christus
1654 713 1744 742 non

363 766 649 824 exposuisset,
670 782 759 811 non
782 768 870 826 ipse
885 768 1073 823 dixisset,
1093 787 1111 809 «
1133 771 1227 827 Ego
1245 784 1340 813 sum
1358 779 1501 828 pastor
1519 787 1538 810 »
1558 778 1601 812 et
1615 788 1634 810 «
1650 772 1745 828 Ego

371 854 391 876 »
427 851 520 880 sum
541 838 722 893 ostium,
751 857 770 879 »
797 839 974 883 auderet
996 839 1225 899 quisquam
1246 849 1443 883 nostrum
1464 839 1606 884 dicere
1625 839 1746 899 quod

364 905 454 964 ipse
476 907 669 952 Christus
704 908 757 952 sit
787 918 829 952 et
865 918 1010 968 pastor
1042 918 1085 953 et
1117 910 1304 953 ostium?
1329 910 1371 954 Si
1406 910 1518 953 enirn
1554 909 1740 964 diceret,

367 994 387 1017 «
422 979 514 1034 Ego
537 993 631 1021 sum
653 988 814 1038 pastor,
834 997 853 1019 »
875 988 918 1023 et
941 995 1028 1023 non
1046 978 1230 1035 diceret,
1258 983 1388 1038 «Ego
1403 995 1498 1023 sum
1517 979 1674 1023 ostium
1693 996 1703 1021 ε
1721 997 1742 1020 »

362 1048 587 1105 quaesituri
610 1064 778 1093 eramus
809 1050 918 1110 quid
953 1059 1061 1094 esset
1084 1051 1264 1106 ostium,
1299 1060 1342 1095 et
1375 1049 1485 1095 forte
1518 1050 1637 1094 aliud
1659 1066 1744 1109 pu-

366 1127 504 1163 tantes
527 1129 627 1163 ante
648 1121 806 1164 ostium
824 1122 1075 1165 remansuri.
1093 1122 1239 1165 Gratia
1256 1120 1369 1165 illius
1392 1131 1435 1165 et
1456 1120 1746 1165 misericordia

363 1189 490 1233 nobis
522 1191 717 1249 exposuit
751 1202 966 1251 pastorem
985 1227 995 1247 ,
1030 1208 1074 1236 se
1104 1193 1246 1251 ipsum
1282 1194 1413 1250 dixit3
1448 1193 1644 1251 exposuit
1674 1208 1745 1236 os-

365 1258 499 1313 tium,
521 1275 564 1303 se
585 1261 728 1319 ipsum
752 1261 858 1306 dixit
889 1281 898 1306 :
924 1263 1147 1306 ostiarium
1184 1263 1471 1322 quaerendum
1497 1263 1621 1306 nobis
1645 1262 1746 1306 reli-

365 1329 476 1387 quit,
503 1332 643 1382 Quem
669 1347 746 1375 nos
768 1332 926 1376 dicturi
954 1347 1102 1376 sumus
1129 1333 1379 1377 ostiarium?
1409 1332 1654 1386 Quemlibet
1677 1334 1746 1376 in-

363 1399 608 1444 venerimus
627 1435 637 1455 ,
674 1403 916 1446 cavendum
953 1412 1017 1446 est
1053 1418 1108 1446 ne
1146 1404 1281 1463 major
1317 1403 1577 1447 existimetur
1613 1418 1746 1462 quam

368 1468 510 1527 ipsum
534 1471 691 1515 ostium
718 1491 728 1517 :
752 1473 854 1532 quia
885 1473 1082 1517 ostiarius
1103 1473 1148 1516 in
1169 1474 1372 1517 domibus
1403 1474 1630 1518 hominum
1653 1489 1746 1518 ma-

356 1540 429 1598 j0r
461 1550 524 1584 est
546 1543 669 1587 ostio.
705 1544 914 1587 Ostiarius
951 1544 1063 1587 enim
1102 1544 1233 1602 ostio,
1266 1560 1355 1588 non
1387 1545 1545 1588 ostium
1574 1559 1745 1603 praepo-

362 1609 482 1653 nitur
504 1612 704 1672 ostiari03
730 1615 831 1674 quia
855 1614 1052 1659 ostiarius
1070 1614 1250 1670 ostium,
1268 1631 1357 1659 non
1380 1616 1535 1659 ostium
1557 1614 1745 1659 custodit

362 1681 600 1727 ostiarium.
629 1687 727 1730 Non
751 1685 890 1729 audeo
908 1684 1050 1728 dicere
1070 1684 1257 1745 aliquem
1280 1686 1390 1730 ostio
1412 1687 1641 1745 majorem,
1669 1701 1745 1729 au-

362 1749 451 1795 divi
473 1755 587 1798 enim
609 1756 700 1815 jam
722 1755 829 1814 quid
859 1756 913 1799 sit
934 1755 1094 1799 ostium
1120 1774 1128 1800 :
1155 1771 1244 1800 non
1272 1771 1341 1799 me
1369 1756 1501 1811 latet,
1537 1771 1625 1800 non
1646 1770 1743 1800 sum

362 1825 559 1869 dimissus
576 1825 836 1884 conjecturae
865 1840 996 1880 meae,
1021 1841 1111 1869 non
1132 1826 1239 1869 mihi
1262 1826 1453 1870 humana
1475 1835 1538 1869 est
1556 1825 1743 1869 relaxata

362 1895 563 1954 suspicio,
589 1898 702 1938 Deus
726 1894 847 1950 dixit,
864 1895 1019 1940 veritas
1040 1894 1162 1949 dixit,
1181 1896 1339 1940 mutari
1354 1911 1443 1940 non
1460 1904 1602 1955 potest
1622 1893 1743 1954 quod

362 1963 644 2008 immutabilis
667 1963 790 2007 dixit.

420 2037 500 2077 ΙΙΙ.
522 2034 670 2077 Dicam
702 2048 805 2091 ergo
826 2033 873 2076 in
892 2033 1021 2092 hujus
1050 2031 1348 2091 profunditate
1378 2033 1606 2093 quaetionis
1635 2032 1742 2091 quid

359 2103 467 2147 mihi
488 2102 711 2147 videatur:
733 2103 862 2160 eligat
873 2102 1172 2162 unusquisque
1189 2103 1308 2162 quod
1326 2103 1489 2162 placet3
1510 2103 1579 2161 pie
1595 2112 1741 2146 tamen

357 2174 530 2228 sentiat,
569 2172 694 2217 sicuti
721 2172 930 2230 scriptum
954 2181 1018 2217 est
1039 2190 1047 2216 :
1078 2191 1097 2213 «
1123 2173 1288 2216 Sentite
1311 2172 1365 2216 de
1389 2173 1573 2216 Domino
1594 2172 1639 2216 in
1662 2172 1741 2215 bo-

360 2262 379 2284 »
416 2243 550 2286 nitate
566 2277 576 2297 ,
603 2252 645 2286 et
670 2243 715 2285 in
744 2241 1016 2300 simplicitate
1039 2241 1179 2286 cordis
1201 2243 1381 2301 quaerite
1401 2241 1586 2285 illlum2.
1616 2259 1636 2282 »
1661 2242 1741 2284 Os·

356 2313 529 2357 tiarium
551 2312 664 2356 forte
691 2313 832 2371 ipsum
866 2313 1100 2356 Dominum
1122 2312 1331 2356 debemus
1367 2312 1570 2371 accipere.
1598 2310 1739 2356 Multo

356 2392 459 2429 sunt
473 2383 589 2428 enim
605 2383 718 2427 inter
733 2388 791 2427 ‘se
810 2380 977 2427 diversa
999 2382 1045 2427 in
1065 2381 1195 2426 rebus
1217 2381 1418 2426 humanis
1438 2390 1584 2441 pastor
1606 2389 1649 2425 et
1666 2396 1738 2426 os·-

407 2476 413 2492 ¹
432 2470 524 2502 Joan.
546 2479 579 2510 x,
599 2467 630 2500 3.
660 2480 701 2491 —-
717 2473 731 2492 ²
746 2467 818 2509 Sap.
840 2477 863 2508 1,
892 2477 921 2499 1.
