1825 3214
239 238 282 263 iu
315 234 491 264 soumis
523 233 835 271 sznoELmM,
870 237 1016 265 Tmcw.
1053 239 1241 266 xxxvm.
1349 228 1431 267 425

52 311 124 346 tua
135 310 197 345 est
212 302 254 345 in
267 303 408 362 capite
421 301 676 346 albescentis
687 302 815 356 senis,
830 302 1111 361 pulchritudo
1124 316 1295 350 mortua
1309 308 1433 351 estin

49 388 229 432 corpore
245 374 342 418 sessi
356 383 398 417 et
414 372 582 416 incurvi
601 373 728 426 senis,
746 382 929 417 mortum
942 385 1043 418 sunt
1060 376 1169 419 vires
1192 377 1234 420 in
1254 393 1434 436 corpore

49 444 309 503 languentis,
324 453 493 488 mortua
509 454 571 488 cst
585 445 710 488 statio
727 444 769 487 in
785 459 964 503 corpore
975 446 1251 500 ambulantis,
1264 458 1434 493 mortua

48 525 112 559 est
130 515 368 559 ambulatio
390 516 431 558 in
450 531 630 574 corpore
655 516 824 569 stantis,
857 524 1025 558 mortua
1044 526 1106 560 est
1131 518 1370 562 ambulatio
1391 530 1434 564 ct

48 586 174 630 statio
206 586 250 629 in
286 601 466 644 corpore
494 586 700 646 jacentis,
734 596 902 630 mortua
935 596 998 630 est
1022 585 1184 631 locutio
1211 587 1253 630 in
1282 588 1430 647 lingua

50 657 228 700 tacentis
255 677 262 701 :
290 656 503 717 quidquid
524 666 716 700 mutatur
733 666 776 700 et
793 658 987 716 estquod
1002 672 1087 701 non
1106 667 1212 711 erat,
1231 658 1357 702 video
1373 660 1431 703 ibi

47 727 282 788 quamdam
301 729 432 772 vitam
452 729 493 770 in
508 743 558 771 eo
573 728 690 787 quod
707 737 785 781 cst,
807 738 847 771 ct
868 739 1045 772 mortem
1071 729 1113 771 in
1130 730 1313 789 eoquod
1335 729 1428 774 fuit.

48 798 244 858 Denique
262 799 315 842 de
342 807 515 842 mortuo
537 814 636 841 cum
668 798 847 851 dicitur,
873 800 953 842 Ubi
976 808 1039 843 est
1061 800 1192 843 homo
1214 798 1314 843 ille?
1344 816 1432 844 res-

48 869 289 928 pondetur,
312 869 425 912 Fuit.
448 870 485 912 O
505 869 657 912 veritas
688 885 786 929 quse
805 885 903 912 vcrc
929 885 971 913 es
991 870 999 912 ἔ
1025 872 1132 914 Nam
1158 871 1200 913 in
1230 872 1433 916 omnibus

48 940 291 983 actionibus
313 949 355 983 et
377 940 567 984 motibus
598 941 773 995 nostris,
811 951 853 985 ct
882 942 924 984 in
954 943 1070 985 omni
1095 957 1267 1000 prorsus
1300 943 1434 999 agita-

47 1010 165 1055 tione
181 1020 388 1054 creaturae
412 1012 501 1054 duo
525 1021 717 1070 tempora
735 1012 931 1066 invenio,
954 1013 1221 1071 praeteritum
1244 1022 1287 1057 et
1308 1012 1432 1058 futu-

46 1096 160 1125 rum.
181 1085 371 1125 Prsescns
391 1098 540 1141 quaero
554 1117 564 1136 ,
586 1082 693 1125 nibil
709 1091 792 1126 stat
810 1102 818 1126 :
838 1081 957 1142 quod
976 1082 1104 1137 dixit,
1123 1085 1215 1143 jam
1235 1100 1321 1128 non
1341 1094 1431 1143 est3

46 1150 166 1211 quod
203 1152 398 1195 dicturus
436 1168 554 1206 sum,
594 1153 789 1197 nondum
813 1162 876 1197 est
903 1173 911 1197 :
937 1153 1058 1213 quod
1093 1153 1196 1209 feci,
1227 1156 1315 1213 jam
1345 1171 1434 1200 non

46 1231 138 1279 est3
180 1221 300 1282 quod
341 1221 531 1266 facturus
565 1238 682 1275 sum,
716 1222 914 1267 nondum
937 1232 1001 1267 est
1027 1226 1179 1283 :quod
1209 1225 1316 1279 vixi,
1341 1227 1431 1285 jam

46 1309 135 1337 non
153 1303 217 1338 est
236 1315 247 1350 ς
271 1293 389 1353 quod
413 1294 606 1338 victurus
628 1310 740 1349 sum,
762 1294 958 1339 nondum
979 1304 1058 1338 est.
1088 1297 1360 1340 Praeteritum
1393 1307 1435 1342 et

46 1365 247 1408 futurum
276 1365 451 1409 invenio
480 1366 524 1408 in
547 1366 667 1409 omni
696 1375 820 1410 motu
855 1381 999 1409 rerum
1026 1382 1035 1407 :
1069 1367 1113 1409 in
1134 1367 1314 1411 veritate
1336 1384 1435 1428 quae

46 1445 209 1490 manet,
253 1436 520 1494 praeteritum
551 1445 594 1480 et
618 1436 814 1480 futurum
840 1452 929 1481 non
963 1438 1157 1491 invenio,
1188 1437 1263 1482 sed
1293 1439 1432 1483 solum

47 1521 250 1565 praesens,
277 1516 319 1550 et
349 1507 432 1550 hoc
462 1508 865 1567 incorruptibiliter,
894 1508 1014 1568 quod
1053 1509 1098 1552 in
1120 1518 1314 1554 creatura
1344 1526 1433 1555 non

47 1586 125 1621 est.
154 1578 327 1622 Discute
341 1594 483 1622 rerum
500 1580 760 1623 mutationes
772 1615 782 1634 ,
799 1580 990 1623 invenies
1009 1580 1092 1624 fuit
1108 1581 1244 1625 eterit
1267 1601 1274 1625 ε
1295 1583 1433 1640 cogita

47 1650 202 1703 Deum,
229 1650 420 1694 invenies
455 1660 547 1704 est,
584 1651 658 1694 ubi
682 1651 767 1695 fuit
789 1660 831 1695 et
860 1651 942 1695 erit
971 1666 1061 1695 esse
1094 1666 1181 1694 non
1206 1652 1353 1710 possit.
1378 1655 1433 1697 Ut

47 1734 148 1777 ergo
170 1730 212 1764 et
236 1729 285 1764 tu
316 1721 390 1773 sis,
430 1721 687 1765 transcende
711 1731 895 1780 tempus.
926 1721 1010 1766 Sed
1034 1723 1129 1781 quis
1159 1723 1434 1768 transcendet

47 1789 213 1834 viribus
245 1791 360 1834 suis?
382 1794 512 1835 Levet
534 1791 638 1836 illuc
676 1791 750 1836 ille
772 1792 848 1852 qui
887 1792 999 1836 Patri
1033 1792 1142 1836 dixit
1168 1811 1177 1836 ε
1207 1812 1226 1833 «
1252 1792 1363 1837 Volo
1385 1803 1435 1838 ut

49 1877 71 1900 »
105 1859 180 1903 ubi
202 1875 283 1919 ego
305 1875 421 1915 sum,
448 1870 490 1904 et
511 1862 590 1920 ipsi
612 1863 698 1906 sint
730 1864 944 1905 mecum‘.
974 1880 993 1902 »
1028 1864 1120 1905 Hoc
1148 1862 1296 1922 itaque
1328 1879 1434 1923 pro-

46 1930 221 1974 mittens
245 1946 300 1974 ne
320 1932 558 1975 moriamur
582 1933 624 1975 in
649 1934 835 1991 peccatis
868 1933 1049 1988 nostris,
1073 1933 1181 1977 nihil
1206 1934 1324 1978 aliud
1345 1939 1432 1980 Do-

46 2000 190 2044 minus
224 2002 346 2044 Jesus
375 2001 571 2045 Christus
608 2003 715 2046 mihi
748 2003 920 2046 videtur
959 2004 1024 2047 his
1066 2005 1208 2048 verbis
1245 2005 1429 2062 dixisse,

51 2089 70 2111 «
106 2069 195 2115 Nisi
236 2070 504 2114 credideritis
527 2072 628 2131 quia
665 2088 745 2131 ego
777 2088 871 2116 sum
901 2093 909 2117 2
939 2092 958 2113 »
983 2089 1156 2131 prorsus
1187 2075 1293 2118 nihil
1312 2076 1432 2120 aliud

47 2140 155 2184 mihi
176 2140 350 2184 videtur
381 2141 446 2184 his
467 2142 608 2185 verbis
629 2141 784 2187 dixisse
803 2159 933 2203 quam
955 2144 1058 2198 boc,
1086 2164 1102 2183 «
1126 2145 1212 2190 Nisi
1233 2146 1432 2191 credide-

50 2230 70 2253 »
106 2211 195 2255 ritis
217 2211 318 2271 quia
335 2227 415 2270 ego
439 2215 551 2256 Deus
569 2228 679 2267 sum,
698 2213 942 2257 moriemini
960 2214 1004 2258 in
1022 2216 1208 2273 peccatis
1225 2219 1387 2261 vestris.
1408 2237 1429 2260 »

47 2284 185 2337 Bene,
211 2285 300 2325 Deo
323 2282 498 2340 gratias,
525 2283 625 2342 quia
648 2283 782 2338 dixit,
812 2302 832 2325 «
856 2283 944 2328 Nisi
973 2283 1267 2330 credideritis:
1298 2306 1317 2329 »
1343 2304 1432 2333 non

47 2351 174 2407 dixit,
209 2352 296 2396 Nisi
329 2353 539 2412 ceperitis.
566 2354 670 2407 Quis
706 2354 822 2398 enim
852 2354 935 2399 hoc
973 2356 1146 2415 capiat?
1173 2360 1263 2402 Aut
1301 2374 1428 2415 vere,

48 2424 150 2483 quia
174 2439 300 2467 ausus
320 2439 413 2468 sum
436 2425 602 2479 dicere,
621 2435 664 2470 et
685 2426 763 2470 visi
785 2426 882 2470 estis
904 2426 1145 2486 intelligere
1159 2464 1169 2483 ,
1196 2429 1361 2489 aliquid
1376 2429 1430 2474 de

49 2502 168 2538 tanta
202 2494 503 2540 ineffabilitate
542 2497 713 2556 cepistis
731 2497 814 2556 ?4³Si
836 2511 939 2555 ergo
971 2513 1060 2542 non
1083 2499 1221 2559 capis,
1260 2498 1365 2544 fides
1389 2510 1430 2544 te

97 2584 106 2601 ¹
127 2579 216 2611 Joan.
237 2588 315 2619 xvn,
335 2577 389 2620 24.
