<?xml version="1.0" encoding="UTF-8"?>
<!DOCTYPE html PUBLIC "-//W3C//DTD XHTML 1.0 Transitional//EN"
    "http://www.w3.org/TR/xhtml1/DTD/xhtml1-transitional.dtd">
<html xmlns="http://www.w3.org/1999/xhtml" xml:lang="en" lang="en">
 <head>
  <title>
</title>
<meta http-equiv="Content-Type" content="text/html;charset=utf-8" />
  <meta name='ocr-system' content='tesseract 3.04.00' />
  <meta name='ocr-capabilities' content='ocr_page ocr_carea ocr_par ocr_line ocrx_word'/>
</head>
<body>
  <div class='ocr_page' id='page_1' title='image "./operaomniaaccura15auguuoft_0159.png"; bbox 0 0 1825 3214; ppageno 0'>
   <div class='ocr_carea' id='block_1_1' title="bbox 280 211 1419 257">
    <p class='ocr_par' dir='ltr' id='par_1_1' title="bbox 280 211 1419 257">
     <span class='ocr_line' id='line_1_1' title="bbox 280 211 1419 257; baseline 0.004 -12"><span class='ocrx_word' id='word_1_1' title='bbox 280 222 320 247; x_wconf 68' lang='lat' dir='ltr'>in</span> <span class='ocrx_word' id='word_1_2' title='bbox 356 220 528 247; x_wconf 69' lang='lat' dir='ltr'>isumus</span> <span class='ocrx_word' id='word_1_3' title='bbox 560 217 868 257; x_wconf 61' lang='lat' dir='ltr'>numerium,</span> <span class='ocrx_word' id='word_1_4' title='bbox 903 222 1048 249; x_wconf 61' lang='lat' dir='ltr'>‘raum</span> <span class='ocrx_word' id='word_1_5' title='bbox 1088 224 1157 250; x_wconf 87' lang='lat' dir='ltr'>xv.</span> <span class='ocrx_word' id='word_1_6' title='bbox 1345 211 1419 250; x_wconf 73' lang='lat'>147</span> 
     </span>
    </p>
   </div>
   <div class='ocr_carea' id='block_1_2' title="bbox 0 284 1435 2482">
    <p class='ocr_par' dir='ltr' id='par_1_2' title="bbox 26 284 1426 1123">
     <span class='ocr_line' id='line_1_2' title="bbox 44 284 1421 346; baseline 0.005 -19"><span class='ocrx_word' id='word_1_7' title='bbox 44 284 221 328; x_wconf 87' lang='lat' dir='ltr'>dixerim</span> <span class='ocrx_word' id='word_1_8' title='bbox 258 284 314 328; x_wconf 90' lang='lat' dir='ltr'>de</span> <span class='ocrx_word' id='word_1_9' title='bbox 342 284 496 342; x_wconf 82' lang='lat' dir='ltr'>hydria</span> <span class='ocrx_word' id='word_1_10' title='bbox 526 303 535 329; x_wconf 92' lang='lat'>:</span> <span class='ocrx_word' id='word_1_11' title='bbox 566 299 640 329; x_wconf 89' lang='lat' dir='ltr'>vas</span> <span class='ocrx_word' id='word_1_12' title='bbox 682 294 774 331; x_wconf 91' lang='lat' dir='ltr'>erat</span> <span class='ocrx_word' id='word_1_13' title='bbox 806 284 923 330; x_wconf 89' lang='lat' dir='ltr'>unde</span> <span class='ocrx_word' id='word_1_14' title='bbox 959 301 1072 346; x_wconf 90' lang='lat' dir='ltr'>aqua</span> <span class='ocrx_word' id='word_1_15' title='bbox 1107 289 1388 334; x_wconf 82' lang='lat' dir='ltr'>hauriebatur</span> <span class='ocrx_word' id='word_1_16' title='bbox 1409 324 1421 345; x_wconf 90' lang='lat'>,</span> 
     </span>
     <span class='ocr_line' id='line_1_3' title="bbox 45 354 1422 417; baseline 0.001 -19"><span class='ocrx_word' id='word_1_17' title='bbox 45 369 187 414; x_wconf 82' lang='lat' dir='ltr'>graeco</span> <span class='ocrx_word' id='word_1_18' title='bbox 219 354 396 400; x_wconf 86' lang='lat' dir='ltr'>nominc</span> <span class='ocrx_word' id='word_1_19' title='bbox 431 355 675 416; x_wconf 86' lang='lat' dir='ltr'>appellatur</span> <span class='ocrx_word' id='word_1_20' title='bbox 710 356 893 414; x_wconf 83' lang='lat' dir='ltr'>hydria,</span> <span class='ocrx_word' id='word_1_21' title='bbox 927 357 1136 417; x_wconf 89' lang='lat' dir='ltr'>quoniam</span> <span class='ocrx_word' id='word_1_22' title='bbox 1170 373 1307 417; x_wconf 84' lang='lat' dir='ltr'>graece</span> <span class='ocrx_word' id='word_1_23' title='bbox 1338 366 1422 414; x_wconf 71' lang='grc' dir='ltr'>ὕδωρ</span> 
     </span>
     <span class='ocr_line' id='line_1_4' title="bbox 43 426 1426 492; baseline 0.007 -22"><span class='ocrx_word' id='word_1_24' title='bbox 43 440 155 486; x_wconf 86' lang='lat' dir='ltr'>aqua</span> <span class='ocrx_word' id='word_1_25' title='bbox 189 426 381 471; x_wconf 74' lang='lat' dir='ltr'>dicitur?</span> <span class='ocrx_word' id='word_1_26' title='bbox 406 436 617 488; x_wconf 83' lang='lat' dir='ltr'>tanquam</span> <span class='ocrx_word' id='word_1_27' title='bbox 637 429 672 472; x_wconf 91' lang='lat' dir='ltr'>si</span> <span class='ocrx_word' id='word_1_28' title='bbox 712 428 940 488; x_wconf 88' lang='lat' dir='ltr'>aquarium</span> <span class='ocrx_word' id='word_1_29' title='bbox 976 427 1208 475; x_wconf 86' lang='lat' dir='ltr'>diceretur.</span> <span class='ocrx_word' id='word_1_30' title='bbox 1241 434 1426 492; x_wconf 89' lang='lat' dir='ltr'>Projecit</span> 
     </span>
     <span class='ocr_line' id='line_1_5' title="bbox 42 495 1423 558; baseline 0.007 -18"><span class='ocrx_word' id='word_1_31' title='bbox 42 510 145 556; x_wconf 87' lang='lat' dir='ltr'>ergo</span> <span class='ocrx_word' id='word_1_32' title='bbox 164 495 381 554; x_wconf 81' lang='lat' dir='ltr'>hydriam,</span> <span class='ocrx_word' id='word_1_33' title='bbox 399 513 500 558; x_wconf 79' lang='lat' dir='ltr'>quae</span> <span class='ocrx_word' id='word_1_34' title='bbox 523 499 613 558; x_wconf 88' lang='lat' dir='ltr'>jam</span> <span class='ocrx_word' id='word_1_35' title='bbox 653 513 743 544; x_wconf 92' lang='lat' dir='ltr'>non</span> <span class='ocrx_word' id='word_1_36' title='bbox 762 499 877 554; x_wconf 90' lang='lat' dir='ltr'>usui,</span> <span class='ocrx_word' id='word_1_37' title='bbox 901 499 977 544; x_wconf 89' lang='lat' dir='ltr'>sed</span> <span class='ocrx_word' id='word_1_38' title='bbox 998 500 1120 544; x_wconf 89' lang='lat' dir='ltr'>oneri</span> <span class='ocrx_word' id='word_1_39' title='bbox 1150 499 1235 546; x_wconf 88' lang='lat' dir='ltr'>fuit</span> <span class='ocrx_word' id='word_1_40' title='bbox 1262 521 1271 547; x_wconf 92' lang='lat'>:</span> <span class='ocrx_word' id='word_1_41' title='bbox 1299 504 1423 550; x_wconf 86' lang='lat' dir='ltr'>avida</span> 
     </span>
     <span class='ocr_line' id='line_1_6' title="bbox 39 567 1420 630; baseline 0.006 -19"><span class='ocrx_word' id='word_1_42' title='bbox 39 567 202 628; x_wconf 85' lang='lat' dir='ltr'>quippe</span> <span class='ocrx_word' id='word_1_43' title='bbox 222 567 495 613; x_wconf 83' lang='lat' dir='ltr'>desiderabat</span> <span class='ocrx_word' id='word_1_44' title='bbox 518 584 630 630; x_wconf 89' lang='lat' dir='ltr'>aqua</span> <span class='ocrx_word' id='word_1_45' title='bbox 664 569 737 614; x_wconf 88' lang='lat' dir='ltr'>illa</span> <span class='ocrx_word' id='word_1_46' title='bbox 758 570 916 615; x_wconf 87' lang='lat' dir='ltr'>satiari.</span> <span class='ocrx_word' id='word_1_47' title='bbox 944 572 1000 615; x_wconf 90' lang='lat' dir='ltr'>Ut</span> <span class='ocrx_word' id='word_1_48' title='bbox 1029 572 1250 617; x_wconf 83' lang='lat' dir='ltr'>nuntiaret</span> <span class='ocrx_word' id='word_1_49' title='bbox 1270 575 1420 619; x_wconf 90' lang='lat' dir='ltr'>Chris-</span> 
     </span>
     <span class='ocr_line' id='line_1_7' title="bbox 41 640 1423 700; baseline 0.005 -17"><span class='ocrx_word' id='word_1_50' title='bbox 41 647 134 683; x_wconf 87' lang='lat' dir='ltr'>tum</span> <span class='ocrx_word' id='word_1_51' title='bbox 149 673 160 693; x_wconf 97' lang='lat'>,</span> <span class='ocrx_word' id='word_1_52' title='bbox 185 653 317 684; x_wconf 89' lang='lat' dir='ltr'>onere</span> <span class='ocrx_word' id='word_1_53' title='bbox 339 640 525 700; x_wconf 89' lang='lat' dir='ltr'>abjecto,</span> <span class='ocrx_word' id='word_1_54' title='bbox 545 659 567 684; x_wconf 85' lang='lat'>«</span> <span class='ocrx_word' id='word_1_55' title='bbox 586 642 789 687; x_wconf 89' lang='lat' dir='ltr'>Cucurrit</span> <span class='ocrx_word' id='word_1_56' title='bbox 810 642 864 685; x_wconf 90' lang='lat' dir='ltr'>ad</span> <span class='ocrx_word' id='word_1_57' title='bbox 886 642 1123 699; x_wconf 82' lang='lat' dir='ltr'>civitatem,</span> <span class='ocrx_word' id='word_1_58' title='bbox 1148 652 1193 689; x_wconf 91' lang='lat' dir='ltr'>et</span> <span class='ocrx_word' id='word_1_59' title='bbox 1213 644 1320 690; x_wconf 92' lang='lat' dir='ltr'>dicit</span> <span class='ocrx_word' id='word_1_60' title='bbox 1339 645 1423 691; x_wconf 90' lang='lat' dir='ltr'>illis</span> 
     </span>
     <span class='ocr_line' id='line_1_8' title="bbox 46 711 1426 776; baseline 0.007 -23"><span class='ocrx_word' id='word_1_61' title='bbox 46 730 64 751; x_wconf 86' lang='lat'><strong>»</strong></span> <span class='ocrx_word' id='word_1_62' title='bbox 98 711 364 766; x_wconf 85' lang='lat' dir='ltr'>hominibus,</span> <span class='ocrx_word' id='word_1_63' title='bbox 394 713 559 768; x_wconf 90' lang='lat' dir='ltr'>Venite,</span> <span class='ocrx_word' id='word_1_64' title='bbox 584 722 628 758; x_wconf 92' lang='lat' dir='ltr'>et</span> <span class='ocrx_word' id='word_1_65' title='bbox 640 712 786 758; x_wconf 90' lang='lat' dir='ltr'>videte</span> <span class='ocrx_word' id='word_1_66' title='bbox 803 714 1024 758; x_wconf 91' lang='lat' dir='ltr'>hominem</span> <span class='ocrx_word' id='word_1_67' title='bbox 1043 750 1054 770; x_wconf 90' lang='lat'>,</span> <span class='ocrx_word' id='word_1_68' title='bbox 1079 716 1155 776; x_wconf 87' lang='lat' dir='ltr'>qni</span> <span class='ocrx_word' id='word_1_69' title='bbox 1180 717 1284 762; x_wconf 91' lang='lat' dir='ltr'>mihi</span> <span class='ocrx_word' id='word_1_70' title='bbox 1315 716 1426 763; x_wconf 87' lang='lat' dir='ltr'>dixit</span> 
     </span>
     <span class='ocr_line' id='line_1_9' title="bbox 45 782 1423 849; baseline 0.007 -25"><span class='ocrx_word' id='word_1_71' title='bbox 45 799 66 822; x_wconf 74' lang='lat' dir='ltr'>u</span> <span class='ocrx_word' id='word_1_72' title='bbox 100 782 244 826; x_wconf 89' lang='lat' dir='ltr'>omnia</span> <span class='ocrx_word' id='word_1_73' title='bbox 278 798 567 844; x_wconf 84' lang='lat' dir='ltr'>quaecumque</span> <span class='ocrx_word' id='word_1_74' title='bbox 605 782 731 829; x_wconf 86' lang='lat' dir='ltr'>feci¹.</span> <span class='ocrx_word' id='word_1_75' title='bbox 759 803 780 827; x_wconf 86' lang='lat'>»</span> <span class='ocrx_word' id='word_1_76' title='bbox 801 785 1091 842; x_wconf 84' lang='lat' dir='ltr'>Pedetcntim,</span> <span class='ocrx_word' id='word_1_77' title='bbox 1131 803 1186 831; x_wconf 91' lang='lat' dir='ltr'>ne</span> <span class='ocrx_word' id='word_1_78' title='bbox 1218 787 1280 832; x_wconf 91' lang='lat' dir='ltr'>illi</span> <span class='ocrx_word' id='word_1_79' title='bbox 1301 790 1423 849; x_wconf 85' lang='lat' dir='ltr'>quasi</span> 
     </span>
     <span class='ocr_line' id='line_1_10' title="bbox 26 853 1425 918; baseline 0.006 -22"><span class='ocrx_word' id='word_1_80' title='bbox 26 853 338 909; x_wconf 77' lang='lat' dir='ltr'>irascerentur,</span> <span class='ocrx_word' id='word_1_81' title='bbox 370 864 413 899; x_wconf 91' lang='lat' dir='ltr'>et</span> <span class='ocrx_word' id='word_1_82' title='bbox 436 854 783 914; x_wconf 83' lang='lat' dir='ltr'>indignarentur,</span> <span class='ocrx_word' id='word_1_83' title='bbox 823 867 867 902; x_wconf 90' lang='lat' dir='ltr'>et</span> <span class='ocrx_word' id='word_1_84' title='bbox 893 869 1272 918; x_wconf 86' lang='lat' dir='ltr'>persequerentur.</span> <span class='ocrx_word' id='word_1_85' title='bbox 1296 879 1318 903; x_wconf 93' lang='lat'>«</span> <span class='ocrx_word' id='word_1_86' title='bbox 1344 863 1425 905; x_wconf 59' lang='lat' dir='ltr'>Vca</span> 
     </span>
     <span class='ocr_line' id='line_1_11' title="bbox 30 923 1420 992; baseline 0.009 -27"><span class='ocrx_word' id='word_1_87' title='bbox 30 941 65 964; x_wconf 82' lang='lat'>„,</span> <span class='ocrx_word' id='word_1_88' title='bbox 99 923 190 967; x_wconf 84' lang='lat' dir='ltr'>nite</span> <span class='ocrx_word' id='word_1_89' title='bbox 209 959 219 979; x_wconf 88' lang='lat'>,</span> <span class='ocrx_word' id='word_1_90' title='bbox 245 933 289 968; x_wconf 87' lang='lat' dir='ltr'>et</span> <span class='ocrx_word' id='word_1_91' title='bbox 307 924 452 969; x_wconf 85' lang='lat' dir='ltr'>videte</span> <span class='ocrx_word' id='word_1_92' title='bbox 475 926 695 971; x_wconf 91' lang='lat' dir='ltr'>hominem</span> <span class='ocrx_word' id='word_1_93' title='bbox 712 962 723 983; x_wconf 93' lang='lat'>,</span> <span class='ocrx_word' id='word_1_94' title='bbox 753 929 830 989; x_wconf 89' lang='lat' dir='ltr'>qui</span> <span class='ocrx_word' id='word_1_95' title='bbox 852 927 959 973; x_wconf 82' lang='lat' dir='ltr'>dixit</span> <span class='ocrx_word' id='word_1_96' title='bbox 985 930 1091 974; x_wconf 89' lang='lat' dir='ltr'>mihi</span> <span class='ocrx_word' id='word_1_97' title='bbox 1114 932 1261 977; x_wconf 88' lang='lat' dir='ltr'>omnia</span> <span class='ocrx_word' id='word_1_98' title='bbox 1293 948 1420 992; x_wconf 81' lang='lat' dir='ltr'>quae-</span> 
     </span>
     <span class='ocr_line' id='line_1_12' title="bbox 45 994 1419 1058; baseline 0.009 -22"><span class='ocrx_word' id='word_1_99' title='bbox 45 1011 66 1035; x_wconf 87' lang='lat'>»</span> <span class='ocrx_word' id='word_1_100' title='bbox 98 1010 286 1056; x_wconf 79' lang='lat' dir='ltr'>cumque</span> <span class='ocrx_word' id='word_1_101' title='bbox 308 994 390 1040; x_wconf 85' lang='lat' dir='ltr'>feei</span> <span class='ocrx_word' id='word_1_102' title='bbox 411 1015 420 1041; x_wconf 74' lang='grc' dir='ltr'>ε</span> <span class='ocrx_word' id='word_1_103' title='bbox 445 998 661 1058; x_wconf 87' lang='lat' dir='ltr'>numquid</span> <span class='ocrx_word' id='word_1_104' title='bbox 684 999 774 1058; x_wconf 82' lang='lat' dir='ltr'>ipse</span> <span class='ocrx_word' id='word_1_105' title='bbox 795 1008 859 1044; x_wconf 86' lang='lat' dir='ltr'>est</span> <span class='ocrx_word' id='word_1_106' title='bbox 875 999 1104 1046; x_wconf 74' lang='lat' dir='ltr'>Christus?</span> <span class='ocrx_word' id='word_1_107' title='bbox 1130 1003 1342 1048; x_wconf 86' lang='lat' dir='ltr'>Exierunt</span> <span class='ocrx_word' id='word_1_108' title='bbox 1363 1003 1419 1048; x_wconf 92' lang='lat' dir='ltr'>de</span> 
     </span>
     <span class='ocr_line' id='line_1_13' title="bbox 46 1066 895 1123; baseline 0.004 -14"><span class='ocrx_word' id='word_1_109' title='bbox 46 1084 66 1107; x_wconf 73' lang='lat' dir='ltr'>n</span> <span class='ocrx_word' id='word_1_110' title='bbox 100 1066 290 1123; x_wconf 85' lang='lat' dir='ltr'>civitate,</span> <span class='ocrx_word' id='word_1_111' title='bbox 316 1076 359 1112; x_wconf 90' lang='lat' dir='ltr'>et</span> <span class='ocrx_word' id='word_1_112' title='bbox 372 1068 606 1114; x_wconf 87' lang='lat' dir='ltr'>veniebant</span> <span class='ocrx_word' id='word_1_113' title='bbox 623 1069 679 1113; x_wconf 88' lang='lat' dir='ltr'>ad</span> <span class='ocrx_word' id='word_1_114' title='bbox 699 1085 800 1114; x_wconf 92' lang='lat' dir='ltr'>eum</span> <span class='ocrx_word' id='word_1_115' title='bbox 813 1073 844 1114; x_wconf 75' lang='lat'>².</span> <span class='ocrx_word' id='word_1_116' title='bbox 873 1088 895 1112; x_wconf 88' lang='lat'>»</span> 
     </span>
    </p>

    <p class='ocr_par' dir='ltr' id='par_1_3' title="bbox 0 1137 1435 2482">
     <span class='ocr_line' id='line_1_14' title="bbox 102 1137 1426 1203; baseline 0.008 -24"><span class='ocrx_word' id='word_1_117' title='bbox 102 1137 264 1181; x_wconf 85' lang='lat' dir='ltr'>XXXI.</span> <span class='ocrx_word' id='word_1_118' title='bbox 288 1140 384 1182; x_wconf 90' lang='lat' dir='ltr'>«Et</span> <span class='ocrx_word' id='word_1_119' title='bbox 406 1139 568 1183; x_wconf 88' lang='lat' dir='ltr'>interea</span> <span class='ocrx_word' id='word_1_120' title='bbox 595 1140 809 1202; x_wconf 80' lang='lat' dir='ltr'>rogabant</span> <span class='ocrx_word' id='word_1_121' title='bbox 842 1157 943 1186; x_wconf 89' lang='lat' dir='ltr'>eum</span> <span class='ocrx_word' id='word_1_122' title='bbox 979 1142 1185 1203; x_wconf 85' lang='lat' dir='ltr'>Discipuli</span> <span class='ocrx_word' id='word_1_123' title='bbox 1215 1144 1426 1200; x_wconf 91' lang='lat' dir='ltr'>dicentes,</span> 
     </span>
     <span class='ocr_line' id='line_1_15' title="bbox 47 1209 1427 1271; baseline 0.009 -22"><span class='ocrx_word' id='word_1_124' title='bbox 47 1226 66 1249; x_wconf 70' lang='grc' dir='ltr'>»ι</span> <span class='ocrx_word' id='word_1_125' title='bbox 101 1209 258 1265; x_wconf 87' lang='lat' dir='ltr'>Rabbi,</span> <span class='ocrx_word' id='word_1_126' title='bbox 284 1209 541 1255; x_wconf 68' lang='lat' dir='ltr'>manducass.</span> <span class='ocrx_word' id='word_1_127' title='bbox 572 1232 589 1253; x_wconf 90' lang='lat'>»</span> <span class='ocrx_word' id='word_1_128' title='bbox 617 1214 760 1256; x_wconf 88' lang='lat' dir='ltr'>lerant</span> <span class='ocrx_word' id='word_1_129' title='bbox 792 1213 906 1258; x_wconf 88' lang='lat' dir='ltr'>enim</span> <span class='ocrx_word' id='word_1_130' title='bbox 926 1229 1068 1258; x_wconf 91' lang='lat' dir='ltr'>emere</span> <span class='ocrx_word' id='word_1_131' title='bbox 1094 1214 1241 1271; x_wconf 89' lang='lat' dir='ltr'>cibos,</span> <span class='ocrx_word' id='word_1_132' title='bbox 1277 1225 1321 1260; x_wconf 91' lang='lat' dir='ltr'>et</span> <span class='ocrx_word' id='word_1_133' title='bbox 1349 1231 1427 1261; x_wconf 87' lang='lat' dir='ltr'>ve-</span> 
     </span>
     <span class='ocr_line' id='line_1_16' title="bbox 44 1279 1426 1343; baseline 0.007 -21"><span class='ocrx_word' id='word_1_134' title='bbox 44 1289 212 1324; x_wconf 88' lang='lat' dir='ltr'>nerant.</span> <span class='ocrx_word' id='word_1_135' title='bbox 239 1298 260 1322; x_wconf 89' lang='lat'>«</span> <span class='ocrx_word' id='word_1_136' title='bbox 286 1279 365 1324; x_wconf 88' lang='lat' dir='ltr'>Ille</span> <span class='ocrx_word' id='word_1_137' title='bbox 386 1291 530 1326; x_wconf 88' lang='lat' dir='ltr'>autem</span> <span class='ocrx_word' id='word_1_138' title='bbox 553 1281 675 1337; x_wconf 83' lang='lat' dir='ltr'>dixit,</span> <span class='ocrx_word' id='word_1_139' title='bbox 696 1286 790 1343; x_wconf 85' lang='lat' dir='ltr'>Ego</span> <span class='ocrx_word' id='word_1_140' title='bbox 812 1284 955 1330; x_wconf 89' lang='lat' dir='ltr'>habeo</span> <span class='ocrx_word' id='word_1_141' title='bbox 979 1286 1127 1330; x_wconf 86' lang='lat' dir='ltr'>cibum</span> <span class='ocrx_word' id='word_1_142' title='bbox 1160 1286 1426 1332; x_wconf 88' lang='lat' dir='ltr'>manducare</span> 
     </span>
     <span class='ocr_line' id='line_1_17' title="bbox 46 1353 1429 1416; baseline 0.008 -24"><span class='ocrx_word' id='word_1_143' title='bbox 46 1367 65 1391; x_wconf 87' lang='lat'><strong>»</strong></span> <span class='ocrx_word' id='word_1_144' title='bbox 99 1364 230 1409; x_wconf 88' lang='lat' dir='ltr'>quem</span> <span class='ocrx_word' id='word_1_145' title='bbox 260 1365 335 1395; x_wconf 88' lang='lat' dir='ltr'>vos</span> <span class='ocrx_word' id='word_1_146' title='bbox 357 1367 446 1396; x_wconf 91' lang='lat' dir='ltr'>non</span> <span class='ocrx_word' id='word_1_147' title='bbox 467 1353 597 1397; x_wconf 87' lang='lat' dir='ltr'>scitis.</span> <span class='ocrx_word' id='word_1_148' title='bbox 629 1354 843 1399; x_wconf 87' lang='lat' dir='ltr'>Dicebant</span> <span class='ocrx_word' id='word_1_149' title='bbox 871 1371 976 1415; x_wconf 84' lang='lat' dir='ltr'>ergo</span> <span class='ocrx_word' id='word_1_150' title='bbox 999 1356 1208 1416; x_wconf 89' lang='lat' dir='ltr'>Discipuli</span> <span class='ocrx_word' id='word_1_151' title='bbox 1230 1356 1286 1402; x_wconf 90' lang='lat' dir='ltr'>ad</span> <span class='ocrx_word' id='word_1_152' title='bbox 1314 1359 1429 1403; x_wconf 91' lang='lat' dir='ltr'>invi-</span> 
     </span>
     <span class='ocr_line' id='line_1_18' title="bbox 46 1421 1432 1489; baseline 0.009 -28"><span class='ocrx_word' id='word_1_153' title='bbox 46 1437 65 1460; x_wconf 84' lang='lat'>»</span> <span class='ocrx_word' id='word_1_154' title='bbox 99 1434 212 1476; x_wconf 90' lang='lat' dir='ltr'>cem,</span> <span class='ocrx_word' id='word_1_155' title='bbox 257 1421 483 1481; x_wconf 89' lang='lat' dir='ltr'>Numquid</span> <span class='ocrx_word' id='word_1_156' title='bbox 515 1422 671 1483; x_wconf 87' lang='lat' dir='ltr'>aliquis</span> <span class='ocrx_word' id='word_1_157' title='bbox 703 1424 851 1470; x_wconf 90' lang='lat' dir='ltr'>attulit</span> <span class='ocrx_word' id='word_1_158' title='bbox 882 1426 921 1470; x_wconf 89' lang='lat' dir='ltr'>ei</span> <span class='ocrx_word' id='word_1_159' title='bbox 942 1426 1259 1472; x_wconf 70' lang='lat' dir='ltr'>manducare4i&#39;</span> <span class='ocrx_word' id='word_1_160' title='bbox 1286 1428 1432 1489; x_wconf 84' lang='lat' dir='ltr'>»quid</span> 
     </span>
     <span class='ocr_line' id='line_1_19' title="bbox 43 1490 1431 1557; baseline 0.008 -24"><span class='ocrx_word' id='word_1_161' title='bbox 43 1490 200 1534; x_wconf 90' lang='lat' dir='ltr'>mirum</span> <span class='ocrx_word' id='word_1_162' title='bbox 222 1490 256 1535; x_wconf 94' lang='lat' dir='ltr'>si</span> <span class='ocrx_word' id='word_1_163' title='bbox 278 1492 436 1536; x_wconf 92' lang='lat' dir='ltr'>mulier</span> <span class='ocrx_word' id='word_1_164' title='bbox 464 1492 537 1537; x_wconf 82' lang='lat' dir='ltr'>ilia</span> <span class='ocrx_word' id='word_1_165' title='bbox 570 1509 659 1538; x_wconf 90' lang='lat' dir='ltr'>non</span> <span class='ocrx_word' id='word_1_166' title='bbox 686 1494 955 1553; x_wconf 80' lang='lat' dir='ltr'>intelligebat</span> <span class='ocrx_word' id='word_1_167' title='bbox 988 1499 1176 1557; x_wconf 82' lang='lat' dir='ltr'>aquam?</span> <span class='ocrx_word' id='word_1_168' title='bbox 1206 1514 1305 1543; x_wconf 91' lang='lat' dir='ltr'>ecce</span> <span class='ocrx_word' id='word_1_169' title='bbox 1334 1500 1431 1543; x_wconf 91' lang='lat' dir='ltr'>Dis-</span> 
     </span>
     <span class='ocr_line' id='line_1_20' title="bbox 43 1561 1432 1630; baseline 0.007 -24"><span class='ocrx_word' id='word_1_170' title='bbox 43 1561 178 1621; x_wconf 87' lang='lat' dir='ltr'>cipuli</span> <span class='ocrx_word' id='word_1_171' title='bbox 200 1563 397 1607; x_wconf 89' lang='lat' dir='ltr'>nondum</span> <span class='ocrx_word' id='word_1_172' title='bbox 423 1564 676 1625; x_wconf 84' lang='lat' dir='ltr'>intelligunt</span> <span class='ocrx_word' id='word_1_173' title='bbox 697 1582 853 1612; x_wconf 88' lang='lat' dir='ltr'>escam.</span> <span class='ocrx_word' id='word_1_174' title='bbox 878 1568 1058 1613; x_wconf 88' lang='lat' dir='ltr'>Audivit</span> <span class='ocrx_word' id='word_1_175' title='bbox 1089 1579 1234 1615; x_wconf 89' lang='lat' dir='ltr'>autem</span> <span class='ocrx_word' id='word_1_176' title='bbox 1265 1572 1432 1630; x_wconf 85' lang='lat' dir='ltr'>cogita-</span> 
     </span>
     <span class='ocr_line' id='line_1_21' title="bbox 46 1632 1428 1701; baseline 0.009 -26"><span class='ocrx_word' id='word_1_177' title='bbox 46 1633 182 1677; x_wconf 89' lang='lat' dir='ltr'>tiones</span> <span class='ocrx_word' id='word_1_178' title='bbox 197 1632 388 1689; x_wconf 83' lang='lat' dir='ltr'>illorum,</span> <span class='ocrx_word' id='word_1_179' title='bbox 412 1643 456 1678; x_wconf 89' lang='lat' dir='ltr'>et</span> <span class='ocrx_word' id='word_1_180' title='bbox 474 1636 564 1695; x_wconf 85' lang='lat' dir='ltr'>jam</span> <span class='ocrx_word' id='word_1_181' title='bbox 586 1635 761 1680; x_wconf 88' lang='lat' dir='ltr'>instruit</span> <span class='ocrx_word' id='word_1_182' title='bbox 784 1646 834 1681; x_wconf 89' lang='lat' dir='ltr'>ut</span> <span class='ocrx_word' id='word_1_183' title='bbox 854 1639 1059 1697; x_wconf 82' lang='lat' dir='ltr'>magister</span> <span class='ocrx_word' id='word_1_184' title='bbox 1085 1659 1093 1685; x_wconf 76' lang='grc' dir='ltr'>ε</span> <span class='ocrx_word' id='word_1_185' title='bbox 1114 1656 1205 1686; x_wconf 91' lang='lat' dir='ltr'>non</span> <span class='ocrx_word' id='word_1_186' title='bbox 1237 1657 1316 1701; x_wconf 91' lang='lat' dir='ltr'>per</span> <span class='ocrx_word' id='word_1_187' title='bbox 1341 1643 1428 1687; x_wconf 92' lang='lat' dir='ltr'>cir-</span> 
     </span>
     <span class='ocr_line' id='line_1_22' title="bbox 44 1703 1427 1771; baseline 0.008 -25"><span class='ocrx_word' id='word_1_188' title='bbox 44 1703 228 1758; x_wconf 90' lang='lat' dir='ltr'>cuitum,</span> <span class='ocrx_word' id='word_1_189' title='bbox 259 1704 370 1748; x_wconf 90' lang='lat' dir='ltr'>sicut</span> <span class='ocrx_word' id='word_1_190' title='bbox 399 1704 519 1748; x_wconf 84' lang='lat' dir='ltr'>illam</span> <span class='ocrx_word' id='word_1_191' title='bbox 552 1707 674 1766; x_wconf 90' lang='lat' dir='ltr'>cujus</span> <span class='ocrx_word' id='word_1_192' title='bbox 705 1706 848 1752; x_wconf 89' lang='lat' dir='ltr'>adhuc</span> <span class='ocrx_word' id='word_1_193' title='bbox 878 1709 1021 1753; x_wconf 92' lang='lat' dir='ltr'>virum</span> <span class='ocrx_word' id='word_1_194' title='bbox 1051 1711 1314 1771; x_wconf 84' lang='lat' dir='ltr'>requirebat,</span> <span class='ocrx_word' id='word_1_195' title='bbox 1350 1714 1427 1757; x_wconf 90' lang='lat' dir='ltr'>sed</span> 
     </span>
     <span class='ocr_line' id='line_1_23' title="bbox 39 1775 1433 1838; baseline 0.009 -20"><span class='ocrx_word' id='word_1_196' title='bbox 39 1775 129 1834; x_wconf 88' lang='lat' dir='ltr'>jam</span> <span class='ocrx_word' id='word_1_197' title='bbox 153 1784 299 1834; x_wconf 86' lang='lat' dir='ltr'>aperte</span> <span class='ocrx_word' id='word_1_198' title='bbox 319 1794 328 1819; x_wconf 89' lang='grc'>;</span> <span class='ocrx_word' id='word_1_199' title='bbox 358 1794 378 1817; x_wconf 92' lang='lat'>«</span> <span class='ocrx_word' id='word_1_200' title='bbox 400 1779 539 1832; x_wconf 86' lang='lat' dir='ltr'>Meus,</span> <span class='ocrx_word' id='word_1_201' title='bbox 562 1778 721 1838; x_wconf 88' lang='lat' dir='ltr'>inquit,</span> <span class='ocrx_word' id='word_1_202' title='bbox 751 1779 875 1824; x_wconf 90' lang='lat' dir='ltr'>cibus</span> <span class='ocrx_word' id='word_1_203' title='bbox 896 1790 976 1836; x_wconf 90' lang='lat' dir='ltr'>est,</span> <span class='ocrx_word' id='word_1_204' title='bbox 998 1790 1049 1825; x_wconf 91' lang='lat' dir='ltr'>ut</span> <span class='ocrx_word' id='word_1_205' title='bbox 1084 1781 1240 1828; x_wconf 86' lang='lat' dir='ltr'>faciam</span> <span class='ocrx_word' id='word_1_206' title='bbox 1268 1782 1433 1830; x_wconf 87' lang='lat' dir='ltr'>volun-</span> 
     </span>
     <span class='ocr_line' id='line_1_24' title="bbox 49 1847 1431 1913; baseline 0.01 -27"><span class='ocrx_word' id='word_1_207' title='bbox 49 1862 69 1885; x_wconf 89' lang='lat'>»</span> <span class='ocrx_word' id='word_1_208' title='bbox 103 1854 235 1889; x_wconf 90' lang='lat' dir='ltr'>tatem</span> <span class='ocrx_word' id='word_1_209' title='bbox 258 1847 349 1906; x_wconf 88' lang='lat' dir='ltr'>ejus</span> <span class='ocrx_word' id='word_1_210' title='bbox 368 1847 445 1906; x_wconf 88' lang='lat' dir='ltr'>qui</span> <span class='ocrx_word' id='word_1_211' title='bbox 466 1847 580 1892; x_wconf 88' lang='lat' dir='ltr'>misit</span> <span class='ocrx_word' id='word_1_212' title='bbox 600 1850 714 1893; x_wconf 84' lang='lat' dir='ltr'>me⁵.</span> <span class='ocrx_word' id='word_1_213' title='bbox 742 1867 763 1890; x_wconf 68' lang='lat' dir='ltr'>n</span> <span class='ocrx_word' id='word_1_214' title='bbox 788 1852 906 1910; x_wconf 80' lang='lat' dir='ltr'>Ergo</span> <span class='ocrx_word' id='word_1_215' title='bbox 927 1860 970 1895; x_wconf 89' lang='lat' dir='ltr'>et</span> <span class='ocrx_word' id='word_1_216' title='bbox 991 1861 1120 1912; x_wconf 89' lang='lat' dir='ltr'>potus</span> <span class='ocrx_word' id='word_1_217' title='bbox 1149 1854 1240 1913; x_wconf 88' lang='lat' dir='ltr'>ipse</span> <span class='ocrx_word' id='word_1_218' title='bbox 1272 1865 1364 1900; x_wconf 90' lang='lat' dir='ltr'>erat</span> <span class='ocrx_word' id='word_1_219' title='bbox 1384 1856 1431 1900; x_wconf 91' lang='lat' dir='ltr'>in</span> 
     </span>
     <span class='ocr_line' id='line_1_25' title="bbox 45 1914 1427 1984; baseline 0.009 -25"><span class='ocrx_word' id='word_1_220' title='bbox 45 1914 120 1959; x_wconf 86' lang='lat' dir='ltr'>illa</span> <span class='ocrx_word' id='word_1_221' title='bbox 138 1916 338 1972; x_wconf 89' lang='lat' dir='ltr'>muliere,</span> <span class='ocrx_word' id='word_1_222' title='bbox 363 1925 413 1961; x_wconf 91' lang='lat' dir='ltr'>ut</span> <span class='ocrx_word' id='word_1_223' title='bbox 433 1917 596 1962; x_wconf 90' lang='lat' dir='ltr'>faceret</span> <span class='ocrx_word' id='word_1_224' title='bbox 610 1917 882 1972; x_wconf 84' lang='lat' dir='ltr'>voluntatem</span> <span class='ocrx_word' id='word_1_225' title='bbox 898 1922 1006 1982; x_wconf 87' lang='lat' dir='ltr'>ejus,</span> <span class='ocrx_word' id='word_1_226' title='bbox 1022 1924 1099 1984; x_wconf 89' lang='lat' dir='ltr'>qui</span> <span class='ocrx_word' id='word_1_227' title='bbox 1120 1925 1294 1970; x_wconf 88' lang='lat' dir='ltr'>miserat</span> <span class='ocrx_word' id='word_1_228' title='bbox 1309 1941 1427 1970; x_wconf 91' lang='lat' dir='ltr'>eum.</span> 
     </span>
     <span class='ocr_line' id='line_1_26' title="bbox 48 1985 1433 2048; baseline 0.009 -19"><span class='ocrx_word' id='word_1_229' title='bbox 48 1985 152 2030; x_wconf 87' lang='lat' dir='ltr'>Ideo</span> <span class='ocrx_word' id='word_1_230' title='bbox 174 1986 364 2042; x_wconf 89' lang='lat' dir='ltr'>dicebat,</span> <span class='ocrx_word' id='word_1_231' title='bbox 392 2006 413 2030; x_wconf 92' lang='lat'>«</span> <span class='ocrx_word' id='word_1_232' title='bbox 437 1987 558 2043; x_wconf 91' lang='lat' dir='ltr'>Sitio,</span> <span class='ocrx_word' id='word_1_233' title='bbox 591 1988 646 2033; x_wconf 89' lang='lat' dir='ltr'>da</span> <span class='ocrx_word' id='word_1_234' title='bbox 668 1990 775 2034; x_wconf 91' lang='lat' dir='ltr'>mihi</span> <span class='ocrx_word' id='word_1_235' title='bbox 805 1991 972 2048; x_wconf 90' lang='lat' dir='ltr'>bibere,</span> <span class='ocrx_word' id='word_1_236' title='bbox 994 1990 1016 2035; x_wconf 64' lang='grc' dir='ltr'>η’</span> <span class='ocrx_word' id='word_1_237' title='bbox 1041 1993 1203 2040; x_wconf 90' lang='lat' dir='ltr'>scilicet</span> <span class='ocrx_word' id='word_1_238' title='bbox 1228 2004 1280 2040; x_wconf 88' lang='lat' dir='ltr'>ut</span> <span class='ocrx_word' id='word_1_239' title='bbox 1299 1995 1433 2041; x_wconf 91' lang='lat' dir='ltr'>fidem</span> 
     </span>
     <span class='ocr_line' id='line_1_27' title="bbox 46 2055 1431 2127; baseline 0.009 -27"><span class='ocrx_word' id='word_1_240' title='bbox 46 2055 93 2100; x_wconf 86' lang='lat' dir='ltr'>in</span> <span class='ocrx_word' id='word_1_241' title='bbox 113 2071 164 2101; x_wconf 91' lang='lat' dir='ltr'>ea</span> <span class='ocrx_word' id='word_1_242' title='bbox 179 2066 445 2117; x_wconf 86' lang='lat' dir='ltr'>operaretur,</span> <span class='ocrx_word' id='word_1_243' title='bbox 467 2067 511 2103; x_wconf 86' lang='lat' dir='ltr'>et</span> <span class='ocrx_word' id='word_1_244' title='bbox 531 2058 664 2103; x_wconf 88' lang='lat' dir='ltr'>fidem</span> <span class='ocrx_word' id='word_1_245' title='bbox 683 2061 774 2120; x_wconf 85' lang='lat' dir='ltr'>ejus</span> <span class='ocrx_word' id='word_1_246' title='bbox 797 2061 982 2119; x_wconf 87' lang='lat' dir='ltr'>biberet,</span> <span class='ocrx_word' id='word_1_247' title='bbox 1003 2073 1047 2108; x_wconf 89' lang='lat' dir='ltr'>et</span> <span class='ocrx_word' id='word_1_248' title='bbox 1072 2079 1168 2109; x_wconf 87' lang='lat' dir='ltr'>eam</span> <span class='ocrx_word' id='word_1_249' title='bbox 1189 2065 1236 2110; x_wconf 91' lang='lat' dir='ltr'>in</span> <span class='ocrx_word' id='word_1_250' title='bbox 1274 2081 1431 2127; x_wconf 91' lang='lat' dir='ltr'>corpus</span> 
     </span>
     <span class='ocr_line' id='line_1_28' title="bbox 47 2128 1434 2197; baseline 0.008 -26"><span class='ocrx_word' id='word_1_251' title='bbox 47 2141 173 2172; x_wconf 89' lang='lat' dir='ltr'>suum</span> <span class='ocrx_word' id='word_1_252' title='bbox 208 2128 427 2188; x_wconf 85' lang='lat' dir='ltr'>trajiceret</span> <span class='ocrx_word' id='word_1_253' title='bbox 452 2148 461 2174; x_wconf 88' lang='lat'>:</span> <span class='ocrx_word' id='word_1_254' title='bbox 484 2144 642 2190; x_wconf 90' lang='lat' dir='ltr'>corpus</span> <span class='ocrx_word' id='word_1_255' title='bbox 679 2132 795 2176; x_wconf 90' lang='lat' dir='ltr'>enirn</span> <span class='ocrx_word' id='word_1_256' title='bbox 837 2134 928 2193; x_wconf 85' lang='lat' dir='ltr'>ejus</span> <span class='ocrx_word' id='word_1_257' title='bbox 964 2135 1173 2180; x_wconf 88' lang='lat' dir='ltr'>Ecclesia.</span> <span class='ocrx_word' id='word_1_258' title='bbox 1203 2155 1224 2179; x_wconf 91' lang='lat'>«</span> <span class='ocrx_word' id='word_1_259' title='bbox 1251 2140 1348 2197; x_wconf 87' lang='lat' dir='ltr'>Ipse</span> <span class='ocrx_word' id='word_1_260' title='bbox 1369 2146 1434 2182; x_wconf 85' lang='lat' dir='ltr'>est</span> 
     </span>
     <span class='ocr_line' id='line_1_29' title="bbox 50 2199 1433 2270; baseline 0.01 -29"><span class='ocrx_word' id='word_1_261' title='bbox 50 2215 71 2240; x_wconf 89' lang='lat'>»</span> <span class='ocrx_word' id='word_1_262' title='bbox 106 2213 223 2258; x_wconf 87' lang='lat' dir='ltr'>ergo,</span> <span class='ocrx_word' id='word_1_263' title='bbox 253 2199 413 2260; x_wconf 84' lang='lat' dir='ltr'>inquit,</span> <span class='ocrx_word' id='word_1_264' title='bbox 450 2201 573 2246; x_wconf 89' lang='lat' dir='ltr'>cibus</span> <span class='ocrx_word' id='word_1_265' title='bbox 599 2217 739 2259; x_wconf 90' lang='lat' dir='ltr'>meus,</span> <span class='ocrx_word' id='word_1_266' title='bbox 763 2213 814 2249; x_wconf 91' lang='lat' dir='ltr'>ut</span> <span class='ocrx_word' id='word_1_267' title='bbox 853 2203 1012 2251; x_wconf 86' lang='lat' dir='ltr'>faciam</span> <span class='ocrx_word' id='word_1_268' title='bbox 1032 2207 1304 2254; x_wconf 89' lang='lat' dir='ltr'>voluntatem</span> <span class='ocrx_word' id='word_1_269' title='bbox 1342 2210 1433 2270; x_wconf 88' lang='lat' dir='ltr'>ejus</span> 
     </span>
     <span class='ocr_line' id='line_1_30' title="bbox 0 2271 475 2330; baseline 0.002 -19"><span class='ocrx_word' id='word_1_270' title='bbox 0 2316 1 2321; x_wconf 16' lang='lat'>¹</span> <span class='ocrx_word' id='word_1_271' title='bbox 51 2285 73 2311; x_wconf 70' lang='lat' dir='ltr'>n</span> <span class='ocrx_word' id='word_1_272' title='bbox 108 2271 183 2330; x_wconf 90' lang='lat' dir='ltr'>qui</span> <span class='ocrx_word' id='word_1_273' title='bbox 204 2285 274 2315; x_wconf 90' lang='lat' dir='ltr'>me</span> <span class='ocrx_word' id='word_1_274' title='bbox 295 2271 425 2316; x_wconf 88' lang='lat' dir='ltr'>misit.</span> <span class='ocrx_word' id='word_1_275' title='bbox 453 2289 475 2313; x_wconf 85' lang='lat'>»</span> 
     </span>
     <span class='ocr_line' id='line_1_31' title="bbox 0 2337 1435 2410; baseline 0.009 -27"><span class='ocrx_word' id='word_1_276' title='bbox 0 2337 1 2341; x_wconf 67' lang='grc'>’</span> <span class='ocrx_word' id='word_1_277' title='bbox 106 2343 295 2386; x_wconf 83' lang='lat' dir='ltr'>XXXII.</span> <span class='ocrx_word' id='word_1_278' title='bbox 318 2360 337 2384; x_wconf 90' lang='lat'>«</span> <span class='ocrx_word' id='word_1_279' title='bbox 361 2344 516 2388; x_wconf 91' lang='lat' dir='ltr'>Nonne</span> <span class='ocrx_word' id='word_1_280' title='bbox 531 2359 606 2389; x_wconf 90' lang='lat' dir='ltr'>vos</span> <span class='ocrx_word' id='word_1_281' title='bbox 623 2343 780 2401; x_wconf 89' lang='lat' dir='ltr'>dicitis,</span> <span class='ocrx_word' id='word_1_282' title='bbox 800 2346 921 2406; x_wconf 93' lang='lat' dir='ltr'>quod</span> <span class='ocrx_word' id='word_1_283' title='bbox 939 2347 1083 2393; x_wconf 91' lang='lat' dir='ltr'>adhuc</span> <span class='ocrx_word' id='word_1_284' title='bbox 1100 2359 1290 2410; x_wconf 83' lang='lat' dir='ltr'>quatuor</span> <span class='ocrx_word' id='word_1_285' title='bbox 1310 2366 1435 2396; x_wconf 88' lang='lat' dir='ltr'>men-</span> 
     </span>
     <span class='ocr_line' id='line_1_32' title="bbox 0 2415 1434 2482; baseline 0.009 -28"><span class='ocrx_word' id='word_1_286' title='bbox 0 2423 1 2471; x_wconf 57' lang='lat'><em>]</em></span> <span class='ocrx_word' id='word_1_287' title='bbox 52 2428 73 2452; x_wconf 73' lang='lat' dir='ltr'>n</span> <span class='ocrx_word' id='word_1_288' title='bbox 106 2416 171 2456; x_wconf 80' lang='lat' dir='ltr'>ses</span> <span class='ocrx_word' id='word_1_289' title='bbox 191 2421 294 2456; x_wconf 87' lang='lat' dir='ltr'>sunt</span> <span class='ocrx_word' id='word_1_290' title='bbox 308 2447 319 2467; x_wconf 91' lang='lat'>,</span> <span class='ocrx_word' id='word_1_291' title='bbox 344 2422 387 2457; x_wconf 90' lang='lat' dir='ltr'>et</span> <span class='ocrx_word' id='word_1_292' title='bbox 409 2415 554 2459; x_wconf 88' lang='lat' dir='ltr'>messis</span> <span class='ocrx_word' id='word_1_293' title='bbox 571 2415 754 2460; x_wconf 66' lang='lat' dir='ltr'>venitfi?</span> <span class='ocrx_word' id='word_1_294' title='bbox 778 2433 800 2457; x_wconf 92' lang='lat'>»</span> <span class='ocrx_word' id='word_1_295' title='bbox 820 2419 878 2462; x_wconf 51' lang='lat' dir='ltr'>¹In</span> <span class='ocrx_word' id='word_1_296' title='bbox 898 2433 1008 2478; x_wconf 87' lang='lat' dir='ltr'>opus</span> <span class='ocrx_word' id='word_1_297' title='bbox 1028 2419 1242 2477; x_wconf 86' lang='lat' dir='ltr'>fervebat,</span> <span class='ocrx_word' id='word_1_298' title='bbox 1267 2431 1311 2467; x_wconf 89' lang='lat' dir='ltr'>et</span> <span class='ocrx_word' id='word_1_299' title='bbox 1326 2437 1434 2482; x_wconf 89' lang='lat' dir='ltr'>ope-</span> 
     </span>
    </p>
   </div>
   <div class='ocr_carea' id='block_1_3' title="bbox 0 2509 1431 2597">
    <p class='ocr_par' dir='ltr' id='par_1_4' title="bbox 0 2509 1431 2597">
     <span class='ocr_line' id='line_1_33' title="bbox 0 2509 1431 2559; baseline 0.008 -21"><span class='ocrx_word' id='word_1_300' title='bbox 0 2535 4 2552; x_wconf 48' lang='lat'>,</span> <span class='ocrx_word' id='word_1_301' title='bbox 95 2513 105 2530; x_wconf 86' lang='lat'>¹</span> <span class='ocrx_word' id='word_1_302' title='bbox 124 2509 219 2540; x_wconf 80' lang='lat' dir='ltr'>Joan.</span> <span class='ocrx_word' id='word_1_303' title='bbox 242 2519 288 2549; x_wconf 77' lang='lat' dir='ltr'>iv,</span> <span class='ocrx_word' id='word_1_304' title='bbox 308 2518 409 2552; x_wconf 80' lang='lat'>29.—</span> <span class='ocrx_word' id='word_1_305' title='bbox 423 2517 436 2532; x_wconf 89' lang='lat'>²</span> <span class='ocrx_word' id='word_1_306' title='bbox 459 2510 540 2544; x_wconf 82' lang='lat' dir='ltr'>Ibid.</span> <span class='ocrx_word' id='word_1_307' title='bbox 556 2511 657 2544; x_wconf 54' lang='lat'>30:—</span> <span class='ocrx_word' id='word_1_308' title='bbox 674 2510 782 2545; x_wconf 86' lang='lat' dir='ltr'>³1bid.</span> <span class='ocrx_word' id='word_1_309' title='bbox 812 2513 914 2546; x_wconf 84' lang='lat'>31.-</span> <span class='ocrx_word' id='word_1_310' title='bbox 932 2513 1043 2548; x_wconf 79' lang='lat' dir='ltr'>⁴1bid.</span> <span class='ocrx_word' id='word_1_311' title='bbox 1062 2515 1117 2559; x_wconf 84' lang='lat'>32,</span> <span class='ocrx_word' id='word_1_312' title='bbox 1139 2517 1241 2550; x_wconf 83' lang='lat'>33.—</span> <span class='ocrx_word' id='word_1_313' title='bbox 1259 2515 1364 2551; x_wconf 82' lang='lat' dir='ltr'>⁵1bid.</span> <span class='ocrx_word' id='word_1_314' title='bbox 1377 2517 1431 2558; x_wconf 70' lang='grc'>34.</span> 
     </span>
     <span class='ocr_line' id='line_1_34' title="bbox 51 2561 299 2597; baseline 0.004 -2"><span class='ocrx_word' id='word_1_315' title='bbox 51 2578 93 2586; x_wconf 91' lang='grc'>-</span> <span class='ocrx_word' id='word_1_316' title='bbox 111 2561 128 2585; x_wconf 80' lang='lat'><strong>⁶</strong></span> <span class='ocrx_word' id='word_1_317' title='bbox 144 2563 229 2597; x_wconf 87' lang='lat' dir='ltr'>Ibid.</span> <span class='ocrx_word' id='word_1_318' title='bbox 246 2563 299 2597; x_wconf 84' lang='lat'>35.</span> 
     </span>
    </p>
   </div>
   <div class='ocr_carea' id='block_1_4' title="bbox 1162 2625 1226 2665">
    <p class='ocr_par' dir='ltr' id='par_1_5' title="bbox 1162 2625 1226 2665">
     <span class='ocr_line' id='line_1_35' title="bbox 1162 2625 1226 2665; baseline 0 -1"><span class='ocrx_word' id='word_1_319' title='bbox 1162 2625 1226 2665; x_wconf 88' lang='lat'>10.</span> 
     </span>
    </p>
   </div>
  </div>
 </body>
</html>
