1809 3173
374 206 425 244 58
732 205 734 209 '
801 211 835 241 s.
873 212 1104 242 Anousmrm
1137 214 1317 242 zmscom

372 289 460 325 tem
483 278 690 337 longam?
713 278 789 338 qui
809 286 986 337 peccato
1008 278 1130 322 addit
1150 287 1392 337 peccatum.
1420 279 1652 332 Quomodo
1675 280 1753 324 ad-

372 350 538 395 duntur
560 358 733 408 peccata
763 349 982 408 peccatis?
1013 350 1124 393 Cum
1151 358 1323 408 peccata
1359 364 1459 409 quae
1486 349 1599 393 facta
1622 359 1749 404 sunt,

373 420 682 479 cooperiuntur
705 419 797 462 aliis
832 419 1031 478 peccatis.
1059 422 1243 463 Furtum
1281 418 1406 474 fecit,
1433 435 1488 463 ne
1510 420 1754 464 inveniatur

373 492 474 551 quia
500 490 632 545 fecit,
659 490 813 549 quaerit
841 490 1212 533 mathematicum.
1253 491 1478 535 Sussiceret
1501 489 1667 534 l'urtum
1688 491 1753 535 fe—

372 563 477 607 cisse
500 581 508 607 :
541 576 675 621 quare
702 562 765 605 vis
794 560 1029 620 adjungere
1062 570 1289 620 peccatum
1313 563 1521 619 peccato?
1545 576 1643 605 ecce
1665 561 1754 607 duo

371 642 561 693 peccata.
600 634 712 676 Cum
747 632 801 674 ad
840 632 1195 675 mathematicum
1237 631 1476 690 prohiberis
1520 632 1725 676 accedere
1739 667 1751 687 ‚

371 703 642 762 blasphemas
677 703 923 761 episcopum
953 721 962 746 ι
993 717 1091 745 ecce
1124 702 1204 745 tria
1240 709 1430 760 peccata.
1463 703 1575 746 Cum
1601 703 1751 758 audis,

371 775 496 820 Mitte
522 773 644 817 illum
666 772 779 817 foras
809 772 863 816 de
885 771 1076 816 Ecclesia
1101 791 1109 816 ε
1135 771 1240 815 dicis
1261 806 1271 826 ,
1292 775 1414 816 Duco
1432 787 1500 815 me
1517 772 1571 815 ad
1588 782 1753 831 partem

372 845 529 890 Donati
557 864 564 888 :
590 859 689 888 ecce
720 842 841 886 addis
859 852 1078 902 quartum.
1105 843 1268 886 Crescit
1290 842 1435 887 restis:
1458 843 1561 886 time
1577 852 1750 888 restem.

372 918 543 959 Bonum
569 922 631 957 est
655 913 733 956 tibi
757 922 804 955 ut
826 913 896 956 hic
915 913 1018 956 inde
1041 927 1141 956 cum
1160 912 1386 970 flagellaris
1402 948 1414 968 ,
1431 914 1681 971 corrigaris3
1700 929 1755 958 ne

371 986 415 1029 in
438 986 524 1028 fine
545 984 714 1028 dicatur
740 1002 748 1027 2
775 1002 794 1024 «
820 983 968 1040 Ligate
990 982 1051 1026 illi
1074 982 1204 1042 pedes
1226 994 1269 1028 et
1295 999 1471 1039 manus,
1497 993 1541 1028 et
1561 985 1756 1044 projicite

376 1073 396 1096 »
432 1070 531 1098 eum
556 1054 599 1097 in
618 1053 819 1097 tenebras
839 1053 1072 1097 exteriores
1086 1055 1114 1096 ¹.
1137 1071 1156 1094 »
1176 1053 1404 1098 Criniculis
1426 1054 1541 1098 enim
1561 1063 1758 1114 peccato-

374 1141 470 1170 rum
499 1140 677 1170 suorum
700 1124 1002 1184 unusquisque
1031 1125 1382 1185 constringitur2.
1409 1125 1525 1170 Illud
1548 1127 1756 1170 Dominus

373 1197 500 1250 dicit,
525 1196 636 1240 illud
657 1195 738 1239 alia
776 1196 995 1255 Scriptura
1027 1196 1156 1253 dicit3
1187 1196 1262 1240 sed
1284 1205 1520 1256 utrumque
1548 1198 1756 1241 Dominus

373 1269 492 1312 dicit.
519 1270 579 1311 De
608 1266 793 1326 peccatis
815 1267 900 1311 suis
922 1266 1113 1325 ligantur
1134 1267 1330 1312 homines
1346 1301 1358 1322 ‚
1383 1276 1428 1312 et
1447 1267 1682 1312 mittuntur
1712 1267 1757 1311 in

376 1339 572 1383 tenebras
594 1337 838 1382 exteriores.

433 1412 509 1454 VI.
541 1409 626 1462 Qui
650 1418 751 1452 sunt
780 1418 922 1453 tamen
944 1409 1019 1468 qui
1056 1407 1255 1453 vendunt
1284 1408 1445 1453 hoves?
1474 1417 1524 1453 ut
1552 1409 1597 1452 in
1618 1409 1757 1468 figura

377 1496 624 1540 quaeramus
643 1480 897 1537 mysterium
920 1479 1040 1524 facti.
1062 1480 1144 1533 Qui
1162 1488 1263 1524 sunt
1279 1480 1355 1539 qui
1374 1495 1473 1523 oves
1493 1480 1693 1524 vendunt
1714 1489 1758 1524 et

374 1551 599 1595 columbas
609 1553 623 1575 3
634 1553 651 1594 Ρ
664 1551 749 1609 Ipsi
767 1560 868 1594 sunt
881 1551 956 1610 qui
971 1566 1047 1594 sua
1061 1559 1266 1610 quaerunt
1278 1551 1323 1593 in
1334 1549 1541 1605 Ecclesia,
1556 1565 1645 1594 non
1658 1566 1758 1610 quae

374 1625 478 1666 Jesu
495 1622 668 1666 Christi.
701 1620 864 1664 Venale
890 1621 1055 1665 habent
1087 1630 1229 1664 totum
1247 1655 1258 1675 ‚
1288 1622 1364 1681 qui
1392 1621 1550 1665 nolunt
1573 1621 1724 1665 redimi
1745 1639 1754 1666 ε

375 1693 459 1736 emi
481 1692 653 1746 nolunt,
675 1702 718 1735 et
739 1691 927 1735 vendere
944 1690 1112 1736 volunt.
1135 1693 1306 1735 Bonum
1323 1691 1391 1735 ‘est
1411 1690 1526 1734 enim
1546 1691 1604 1735 eis
1625 1699 1675 1734 ut
1696 1706 1758 1735 re-

375 1762 598 1806 dimantur
633 1762 843 1820 sanguine
890 1761 1051 1806 Christi
1075 1796 1086 1815 ,
1126 1770 1175 1804 ut
1216 1762 1470 1820 perveniant
1512 1760 1567 1804 ad
1607 1776 1759 1820 pacem

375 1833 547 1878 Christi.
576 1833 689 1885 Quid
711 1832 824 1875 enim
843 1831 1019 1891 prodest
1036 1832 1258 1891 acquirere
1275 1832 1322 1874 in
1338 1831 1421 1875 hoc
1442 1830 1601 1875 saeculo
1622 1830 1759 1890 quod-

374 1904 482 1947 libet
498 1903 737 1963 temporale
764 1911 807 1946 et
829 1901 1126 1946 transitorium
1141 1936 1152 1955 ,
1178 1901 1267 1946 sive
1290 1901 1343 1945 sit
1366 1901 1572 1960 pecunia,
1597 1901 1684 1957 siye
1705 1901 1759 1944 sit

375 1974 573 2033 voluptas
596 1973 756 2017 ventris
788 1982 830 2016 et
858 1973 1065 2031 gutturis,
1092 1973 1179 2017 sive
1199 1972 1266 2016 'sit
1286 1973 1428 2016 honor
1448 1972 1493 2015 in
1513 1970 1646 2016 laude
1668 1972 1756 2015 hu·-

379 2047 532 2089 mana?
549 2047 702 2090 Nonne
719 2044 862 2087 omnia
884 2041 1029 2086 fumus
1047 2051 1090 2086 et
1106 2044 1292 2086 ventus?
1309 2057 1455 2086 nonne
1473 2042 1618 2086 omnia
1640 2051 1758 2086 tran-

378 2126 505 2161 seunt
521 2153 531 2171 ‚
566 2117 782 2160 currunt?
819 2117 874 2158 Et
897 2130 962 2159 vae
992 2114 1155 2174 hisqui
1178 2115 1381 2158 haeserint
1408 2114 1756 2168 transeuntibus,

379 2189 479 2248 quia
507 2187 636 2232 simul
663 2195 902 2231 transeunt.
928 2188 1083 2230 Nonne
1104 2185 1248 2229 omnia
1271 2185 1429 2230 fluvius
1456 2200 1646 2244 praeceps
1667 2200 1760 2229 cur-

380 2275 477 2303 rens
499 2253 543 2302 in
568 2260 713 2302 mare?
743 2260 798 2301 Et
819 2273 884 2301 vae
907 2256 981 2316 qui
1014 2255 1244 2310 ceciderit,
1269 2255 1369 2315 quia
1406 2255 1452 2298 in
1473 2271 1591 2300 mare
1612 2256 1760 2300 trahe-

381 2339 467 2374 tur.
489 2331 601 2386 Ergo
625 2339 769 2372 tenere
791 2326 1000 2370 debemus
1017 2341 1165 2370 omnes
1178 2326 1359 2370 affectus
1375 2342 1399 2369 a
1420 2325 1579 2369 talibus
1599 2341 1762 2370 concu-

382 2400 612 2461 piscentiis.
640 2403 810 2443 Fratres
831 2399 930 2453 mei,
956 2398 1031 2458 qui
1049 2397 1151 2441 talia
1168 2406 1389 2457 quaerunt,
1413 2397 1627 2441 vendunt.
1653 2398 1762 2442 Nam

385 2480 428 2514 et
448 2471 596 2515 Simon
613 2468 686 2513 ille
706 2468 804 2513 ideo
824 2468 1000 2513 volebat
1021 2483 1162 2511 emere
1186 2467 1394 2526 Spiritum
1412 2476 1612 2513 sanctum
1626 2501 1637 2522 ‚
1662 2466 1764 2526 quia

437 2567 441 2574 ⁴
465 2553 584 2586 Matth.
604 2564 684 2593 xxn,
702 2553 753 2585 13.
779 2569 819 2574 —
839 2559 851 2574 ²
870 2554 965 2585 Prov.
984 2562 1016 2593 v,
1029 2560 1084 2584 22.
1104 2567 1145 2574 —
1165 2549 1178 2574 3
1195 2550 1309 2593 Philip.
1328 2561 1362 2590 u,
1381 2559 1435 2583 21.
