1825 3214
296 287 342 313 m
374 282 548 314 JoAnms
579 281 892 324 nuncianum,
927 282 1072 313 Tne-r.
1108 285 1206 314 va.
1356 274 1440 316 507

60 369 81 394 »
116 365 267 395 vocem
291 352 384 410 ejus
405 350 590 394 audiunt
612 369 622 395 ;
648 359 691 394 ct
723 351 916 409 proprias
951 365 1052 394 oves
1078 361 1204 396 vocat
1241 351 1442 396 nomina-

59 440 80 463 »
118 421 217 475 tim,
241 430 284 464 et
306 421 452 464 educit
472 436 555 463 eas.
585 423 641 464 Et
678 435 777 464 cum
802 421 993 479 proprias
1011 422 1224 477 emiserit,
1250 432 1350 466 ante
1373 438 1442 467 eas

59 510 79 534 »
115 492 232 536 vadit
246 500 288 535 et
302 507 402 535 oves
417 506 517 534 eum
537 500 795 550 sequuntur,
807 490 908 550 quia
925 492 1067 535 sciunt
1086 507 1234 536 vocem
1250 493 1363 551 ejus¹
1380 495 1397 536 P
1419 512 1438 535 »

54 561 160 615 Quis
183 562 298 605 enim
314 561 420 605 alius
443 577 542 606 oves
568 561 761 621 proprias
782 569 907 606 vocat
926 561 1208 615 nominatim,
1232 571 1275 606 et
1296 562 1442 607 educit

54 647 125 676 eas
147 632 249 676 hinc
282 631 337 676 ad
359 632 491 676 vitam
512 641 742 686 aeternam,
767 632 846 675 nisi
869 631 943 691 qui
967 632 1088 676 novit
1116 633 1294 677 nomina
1327 649 1440 692 prm-

53 702 402 748 destinatorum?
428 702 551 748 Unde
590 705 647 747 ait
677 702 898 762 discipulis
921 703 1006 748 suis
1032 722 1040 748 :
1073 722 1093 746 «
1119 703 1317 748 Gaudete
1340 706 1442 764 quia

56 791 78 814 »
111 773 288 818 nomina
305 782 444 817 vestra
469 774 627 831 scripta
643 782 745 817 sunt
761 773 806 816 in
824 772 963 817 coelo‘2
983 792 990 818 :
1016 791 1036 814 »
1057 774 1159 818 hinc
1181 775 1297 819 enim
1316 784 1443 819 vocat

51 858 123 888 eas
157 843 429 887 nominatim.
456 846 508 887 Et
531 843 627 903 quis
649 843 758 886 alius
782 858 849 886 eas
872 843 1053 898 emittit,
1079 843 1160 887 nisi
1180 844 1257 903 qui
1293 859 1441 887 earum

52 923 229 974 peccata
270 913 480 968 dimittit,
524 923 573 958 ut
595 929 695 957 eum
717 915 839 973 sequi
879 915 998 959 duris
1033 913 1226 958 liberatae
1258 915 1442 960 vinculis

52 986 247 1045 possint?
279 988 335 1028 Et
355 985 452 1045 quis
485 1000 554 1029 eas
576 986 792 1045 praecessit
812 1001 901 1045 quo
932 1001 1033 1029 cum
1066 995 1325 1045 sequantur,
1360 987 1441 1030 nisi

48 1057 129 1117 qui
148 1071 328 1115 surgens
358 1072 382 1100 a
406 1057 588 1101 mortuis
604 1058 695 1116 jam
718 1072 807 1101 non
828 1057 1033 1112 moritur,
1059 1067 1102 1102 et
1122 1073 1236 1102 mors
1258 1059 1298 1101 ei
1325 1057 1440 1102 ultra

52 1142 143 1172 non
165 1126 487 1172 dominabitur3
509 1147 518 1172 :
543 1136 588 1171 et
606 1143 707 1172 cum
732 1128 802 1172 hic
819 1129 1078 1187 conspicuus
1112 1138 1223 1173 esset
1243 1128 1289 1172 in
1310 1144 1440 1173 earne

51 1198 114 1242 ait
133 1215 142 1242 z
173 1216 194 1239 «
220 1200 363 1251 Pater,
385 1212 494 1256 quos
512 1197 668 1242 dedisti
691 1198 820 1252 mihi,
846 1197 946 1242 volo
968 1207 1018 1242 ut
1040 1198 1114 1242 ubi
1137 1214 1217 1258 ego
1244 1215 1362 1255 sum,
1399 1208 1444 1243 et

55 1286 76 1310 n
110 1269 192 1327 ipsi
222 1269 308 1312 sint
330 1270 559 1313 mecum⁴P
586 1289 604 1310 »
632 1268 756 1313 Unde
793 1268 904 1312 illud
941 1279 1004 1313 est
1033 1269 1156 1330 quod
1184 1271 1269 1325 ait,
1299 1289 1320 1312 «
1346 1274 1441 1330 Ego

55 1357 78 1380 ι
111 1353 207 1383 sum
233 1338 416 1394 ostium,
442 1353 518 1397 per
545 1353 615 1382 me
651 1339 685 1383 si
716 1339 812 1399 quis
840 1340 1077 1395 introierit,
1113 1339 1373 1398 salvabitur3
1397 1351 1441 1386 et

56 1428 77 1452 »
111 1409 405 1468 ingredietur,
445 1418 488 1453 et
524 1408 792 1468 egredietur,
818 1418 862 1453 et
881 1425 1039 1468 pascua
1077 1410 1311 1454 inveniet⁵.
1341 1429 1360 1452 »
1390 1414 1441 1456 In

52 1480 137 1525 hoc
158 1479 382 1523 evidenter
406 1479 618 1535 ostendit5
646 1495 736 1525 non
765 1479 908 1524 solum
931 1489 1169 1539 pastorem,
1194 1480 1272 1525 sed
1309 1482 1440 1526 etiam

53 1565 155 1596 oves
177 1550 339 1594 intrare
361 1565 436 1609 per
452 1550 628 1594 ostium.

111 1622 210 1665 XV.
232 1620 318 1664 Sed
339 1619 443 1679 quid
459 1628 545 1674 est,
569 1619 895 1678 «ingredietur,
921 1628 965 1664 et
985 1619 1256 1677 egredietur,
1281 1630 1323 1665 et
1343 1636 1441 1680 pas—

57 1709 78 1733 »
113 1706 195 1735 cua
217 1690 441 1734 inveniet?
465 1708 484 1731 »
521 1689 697 1748 {ngredi
728 1690 892 1748 quippe
923 1689 969 1732 in
990 1689 1227 1734 Ecclesiam
1259 1705 1335 1750 per
1369 1707 1441 1736 os—

53 1761 165 1806 tium
187 1761 408 1805 Christum
425 1795 436 1815 ‚
461 1759 589 1804 valde
607 1760 773 1804 bonum
793 1769 858 1804 est
882 1777 892 1804 :
918 1760 1032 1803 exire
1053 1770 1199 1804 autem
1218 1760 1272 1805 de
1290 1762 1444 1806 Eccle-

54 1834 114 1877 sia
126 1867 137 1887 ‚
160 1832 272 1875 sicut
289 1832 347 1875 ait
364 1831 443 1874 iste
457 1831 547 1890 ipse
566 1833 755 1875 Joannes
779 1830 1039 1888 evangelista
1061 1832 1107 1874 in
1124 1831 1318 1891 Epistola
1335 1847 1412 1877 sua
1429 1852 1439 1877 ι

5 1936 24 1956 ,
60 1921 80 1944 «
114 1905 179 1946 Ex
195 1901 321 1946 nobis
343 1900 560 1955 exierunt,
585 1899 662 1945 sed
684 1916 773 1944 non
795 1909 919 1945 erant
940 1916 991 1944 ex
1013 1901 1167 1945 nobis⁶
1187 1921 1197 1946 ;
1226 1919 1247 1943 »
1268 1917 1358 1946 non
1379 1912 1444 1947 est

52 1966 209 2032 'utique
231 1971 415 2015 bonum.
444 1970 555 2013 Talis
574 1985 677 2028 ergo
696 1985 870 2029 egresus
892 1986 982 2014 non
1001 1980 1146 2030 posset
1166 1986 1190 2014 a
1213 1972 1331 2016 hono
1348 1988 1443 2032 pas-

56 2052 150 2087 tore
170 2041 338 2086 laudari
364 2060 374 2085 ς
394 2050 444 2085 ut
465 2040 650 2095 diceret,
680 2059 701 2083 κ
720 2050 764 2085 et
784 2035 1074 2099 ingredietur,
1105 2050 1151 2086 et
1171 2042 1439 2100 egredietur,

60 2133 80 2156 x
114 2123 158 2157 et
174 2127 333 2172 pascua
347 2111 552 2156 inveniet.
562 2113 665 2155 »Est
677 2125 780 2170 ergo
793 2111 945 2171 aliquis
958 2127 1048 2156 non
1058 2111 1199 2156 solum
1209 2113 1441 2171 ingressus,

57 2198 208 2228 verum
231 2183 362 2226 etiam
386 2196 578 2240 egressus
592 2181 733 2226 bonus
751 2197 830 2241 per
850 2182 1007 2226 ostium
1024 2181 1214 2238 bonum,
1239 2183 1361 2243 quod
1382 2193 1446 2229 est

56 2254 268 2300 Christus.
283 2252 367 2298 Sed
379 2253 476 2312 quis
491 2261 555 2296 est
566 2252 643 2296 iste
655 2252 885 2297 laudabilis
899 2263 942 2297 et
957 2253 1107 2297 beatus
1120 2257 1445 2311 egressusYPos-

56 2339 146 2369 sem
166 2322 345 2384 quidem
359 2322 503 2367 dicere
517 2322 682 2380 ingredi
698 2337 792 2377 nos,
806 2322 983 2382 quando
1000 2323 1179 2368 interius
1193 2324 1360 2385 aliquid
1373 2340 1445 2370 co-

58 2395 266 2454 gitamu83
282 2392 430 2452 egredi
442 2402 605 2447 autem,
618 2392 796 2453 quando
809 2394 993 2438 exterius
1009 2394 1173 2454 aliquid
1187 2410 1416 2454 operamur
1430 2415 1440 2442 ι

57 2474 100 2509 et
112 2466 336 2524 quoniam,
353 2464 465 2508 sicut
482 2463 588 2507 dicit
604 2462 859 2522 ApostoluS,
879 2480 956 2523 per
971 2464 1102 2509 fidem
1118 2465 1285 2510 habitat
1297 2466 1444 2511 Chris-

103 2569 113 2585 ¹
133 2564 226 2594 Joan.
242 2571 275 2603 x,
295 2560 370 2603 2-4.
393 2577 434 2584 --
454 2568 467 2584 ¹
483 2563 559 2594 Luc.
578 2571 609 2602 x,
629 2569 683 2594 20.
704 2571 745 2585 -’-
764 2560 778 2585 3
800 2564 892 2595 Rom.
913 2573 960 2604 u,
974 2573 1006 2605 9.
1026 2579 1068 2586 —
1086 2562 1102 2594 4
1119 2565 1210 2596 Joan.
1233 2574 1310 2606 xvu,
1330 2563 1384 2606 24.
1401 2581 1442 2588 —-

57 2617 135 2651 ⁵1d.
153 2627 186 2659 1,
202 2629 235 2660 9.
256 2615 328 2641 -6
349 2629 363 2651 1
383 2619 473 2651 Joan.
501 2628 539 2658 n,
558 2625 614 2650 20.
