1809 3173
351 168 432 205 132
772 172 805 200 S·
842 171 1071 200 AUGUs'rim
1104 175 1280 201 EPISCOPI

351 251 471 285 rente
491 240 739 298 fatigamur,
756 253 844 299 quo
861 247 1070 297 praesente
1086 239 1323 283 firmamur.
1348 239 1569 297 Fatigatur
1589 247 1729 282 tamen

350 315 503 368 Jesus;
529 320 572 354 et
593 309 799 368 fatigatur
829 309 883 353 ab
912 309 1090 364 itinere,
1116 318 1159 353 et
1179 309 1319 364 sedet,
1345 318 1387 352 ct
1405 310 1527 368 juxta
1550 318 1731 367 puteum

347 382 489 437 sedet,
520 390 563 425 et
591 381 697 425 hora
726 389 841 425 sexta
867 379 1068 439 fatigatus
1094 379 1227 424 sedet.
1260 380 1415 424 Omnia
1442 380 1521 424 ista
1542 380 1733 423 innuunt

348 451 531 513 aliquid,
557 451 749 496 indicare
771 450 928 497 volunt
951 451 1112 511 aliquid
1132 472 1142 507 3
1165 451 1354 495 intentos
1376 467 1453 495 nos
1474 450 1658 506 faciunt,
1685 459 1735 494 ut

348 522 569 583 pulsemus
594 524 839 568 hortantur.
874 525 969 580 Ipse
991 537 1093 580 ergo
1113 522 1275 580 aperiat
1297 531 1339 566 et
1366 522 1489 566 nohis
1512 531 1554 566 et
1581 521 1731 576 vobis,

349 595 426 654 qui
449 593 653 653 dignatus
676 602 739 637 est
760 594 818 637 ita
840 592 1003 637 hortari
1017 602 1065 636 ut
1089 593 1272 636 diceret:
1293 592 1491 636 «Pulsate
1508 602 1551 636 ct
1571 593 1735 651 aperie-

349 675 420 710 tur
437 664 559 709 vobis
576 667 606 708 ¹.
632 683 651 704 »
675 663 771 707 Tibi
788 662 993 720 fatigatus
1008 672 1073 707 est
1091 663 1312 707 abitinere
1330 665 1467 706 Jesus.
1489 654 1750 707 Invenimus'

349 736 566 781 Virtutem
591 737 737 778 Jesum
761 768 771 789 ,
797 743 840 778 et
870 733 1115 778 invenimus
1139 733 1360 776 infirmum
1385 735 1559 776 Jesum:
1582 731 1736 777 fortem

349 807 628 851 etinfirmum
647 808 793 849 Jesum
818 823 826 848 z
850 803 1030 858 fortem,
1053 822 1073 845 «
1093 804 1194 863 quia
1219 804 1262 847 in
1283 804 1495 863 principio
1517 812 1607 847 erat
1628 800 1739 846 Ver-

351 895 371 918 n
408 877 515 920 bum
531 910 542 930 ‚
578 885 621 919 et
652 875 847 918 Verbum
866 883 957 917 erat
981 873 1098 932 apud
1129 877 1290 929 Deum,
1321 884 1363 918 et
1386 877 1499 918 Deus
1521 882 1611 917 erat
1630 876 1738 917 Ver-

352 965 372 988 »
410 947 514 990 bum
538 965 546 990 :
572 946 654 988 hoc
677 954 768 990 erat
794 945 839 987 in
871 944 1082 1003 principio
1106 944 1222 1003 apud
1244 947 1425 988 Deun12.
1452 963 1472 985 »
1498 945 1571 988 Vis
1593 944 1739 988 videre

350 1033 482 1078 quam
505 1017 583 1060 iste
608 1016 742 1060 Filius
766 1015 841 1059 Dei
877 1014 996 1059 fortis
1018 1015 1100 1058 sit?
1129 1034 1148 1056 «
1169 1016 1324 1059 Omnia
1354 1030 1431 1074 per
1463 1015 1602 1074 ipsum
1627 1014 1739 1059 facta

352 1107 373 1129 υ
409 1097 534 1142 sunt,
560 1096 603 1130 et
625 1087 716 1130 sine
744 1087 836 1144 ipso
868 1085 1031 1129 factum
1064 1095 1127 1130 est
1158 1087 1267 1130 nihil
1285 1088 1299 1112 3
1323 1105 1331 1130 ι
1355 1105 1375 1127 »
1397 1089 1453 1130 Et
1476 1086 1565 1130 sine
1594 1085 1741 1129 labore

353 1156 469 1201 sacta
491 1165 606 1200 sunt.
637 1155 753 1208 Quid
775 1170 877 1214 ergo
908 1151 984 1199 illo
1007 1154 1183 1210 fortius,
1212 1171 1286 1215 per
1313 1171 1443 1215 quem
1473 1156 1563 1199 sine
1592 1156 1741 1199 labore

350 1228 464 1273 lacta
499 1237 601 1271 sunt
635 1226 809 1271 omnia?
848 1226 1074 1269 Infirmum
1107 1226 1169 1270 vis
1204 1229 1351 1270 nosse?
1376 1246 1396 1268 «
1422 1227 1615 1270 Verbum
1643 1242 1742 1270 caro

353 1318 375 1342 »
410 1298 575 1343 factum
600 1307 663 1342 est
679 1332 689 1352 ,
715 1307 758 1342 et
780 1297 991 1341 habitavit
1012 1297 1056 1340 in
1083 1297 1208 1341 nobis
1228 1299 1258 1340 4.
1287 1316 1305 1338 »
1328 1297 1558 1342 Fortitudo
1581 1297 1742 1342 Christi

351 1379 394 1415 te
410 1369 585 1423 creavit,
604 1368 832 1412 infirmitas
850 1367 1010 1412 Christi
1026 1377 1068 1411 te
1085 1369 1306 1411 recreavit.
1337 1367 1568 1411 Fortitudo
1584 1367 1742 1412 Christi

350 1438 457 1484 fecit
487 1448 539 1483 ut
571 1437 689 1498 quod
721 1453 809 1481 non
837 1445 929 1481 erat
962 1446 1099 1481 esset:
1125 1437 1352 1481 infirmitas
1379 1437 1540 1482 Christi
1570 1435 1672 1480 fecit
1694 1446 1743 1481 ut

352 1507 474 1568 quod
495 1517 586 1551 erat
603 1522 691 1551 non
709 1506 882 1565 periret,
905 1506 1114 1551 Condidit
1132 1522 1208 1551 nos
1226 1506 1487 1551 fortitudine
1502 1523 1578 1551 sua
1596 1542 1606 1562 ,
1627 1523 1743 1567 quae-

354 1579 454 1625 sivit
475 1593 552 1623 nos
573 1577 823 1625 infirmitate
847 1592 939 1621 sua.

416 1651 516 1693 Vll.
537 1647 684 1693 Nutrit
706 1662 807 1705 ergo
830 1648 920 1707 ipse
948 1647 1145 1692 infirmus
1173 1648 1366 1693 infirmos
1383 1684 1394 1703 ,
1421 1658 1627 1709 tanquam
1652 1649 1744 1708 gal-

358 1719 449 1764 lina
477 1717 621 1777 pullos
650 1733 779 1762 suos:
805 1718 905 1761 huic
934 1719 1049 1761 enim
1079 1733 1123 1762 se
1149 1718 1329 1762 similem
1358 1717 1487 1763 fecit:
1516 1738 1535 1761 «
1564 1720 1742 1772 Quoties

363 1808 385 1832 »
420 1788 554 1844 volui,
575 1807 594 1831 »
611 1788 754 1848 inquit
769 1788 822 1831 ad
836 1787 1091 1843 Jerusalem,
1112 1805 1406 1848 «congregare
1423 1789 1531 1834 filios
1548 1799 1642 1834 tuos
1664 1790 1745 1834 sub

368 1879 389 1903 »
426 1860 537 1916 alas,
567 1869 776 1919 tanquam
801 1858 961 1917 gallina
984 1859 1127 1918 pullos
1150 1875 1272 1915 suos,
1299 1870 1339 1903 et
1369 1860 1574 1905 noluisti?
1593 1863 1606 1886 ⁵
1628 1879 1647 1902 »
1674 1862 1747 1904 Vi-

362 1931 472 1976 detis
503 1940 670 1983 autem,
698 1932 893 1983 Fratres,
917 1928 1287 1989 quemadmodum
1318 1930 1474 1989 gallina
1503 1931 1747 1975 infirmetur

362 2018 461 2047 cum
480 2001 608 2062 pullis
630 2000 730 2045 suis.
751 1999 879 2045 Nulla
899 1998 980 2042 alia
996 1999 1082 2043 avis
1105 1999 1220 2058 quod
1243 2000 1296 2043 sit
1318 2010 1456 2044 mater
1478 2001 1740 2059 agnoscitur.

363 2072 571 2116 Videmus
590 2070 811 2114 nidificare
834 2084 1021 2127 passeres
1039 2068 1258 2128 quoslibet
1276 2079 1375 2113 ante
1393 2069 1541 2114 oculos
1558 2080 1746 2128 nostros,

363 2141 617 2186 hirundines
634 2175 644 2194 ‚
669 2139 878 2193 ciconias,
913 2138 1136 2182 columbas
1166 2139 1362 2199 quotidie
1386 2140 1581 2185 videmus
1603 2142 1769 2185 nidifi„

363 2226 460 2256 care
478 2245 488 2265 ‚
519 2226 627 2270 quos
658 2209 738 2253 nisi
771 2208 947 2269 quando
970 2209 1014 2250 in
1038 2209 1148 2251 nidis
1178 2208 1405 2264 videmus,
1438 2220 1635 2269 parentes
1659 2227 1748 2255 esse

363 2297 454 2326 non
472 2279 756 2339 agnoscimus.
783 2278 949 2322 Gallina
971 2293 1072 2321 vero
1091 2278 1150 2322 sic
1168 2279 1412 2323 infirmatur
1430 2281 1473 2324 in
1496 2281 1624 2339 pullis
1642 2282 1744 2336 suis,

366 2360 416 2396 ut
437 2351 600 2396 etiarnsi
622 2350 702 2409 ipsi
725 2347 832 2409 pulli
853 2363 942 2392 non
960 2358 1212 2408 sequantur,
1234 2349 1344 2394 filios
1363 2366 1449 2394 non
1468 2351 1613 2395 videas
1628 2386 1638 2406 ‚
1663 2367 1749 2396 ma-

419 2448 557 2481 ¹Matth.
576 2459 635 2489 vu,
658 2458 688 2488 7.
708 2463 747 2469 --
770 2453 781 2468 2
807 2448 900 2479 Joan.
927 2457 950 2485 ι,
981 2457 1008 2476 ιῚ
1032 2442 1099 2468 —3
1124 2445 1203 2478 ibid.
1227 2445 1256 2478 3.
1275 2446 1510 2487 ——41bit1214
1533 2465 1571 2470 —
1592 2447 1606 2471 5
1628 2449 1745 2481 Matth.

373 2515 457 2546 xxii,
479 2505 529 2546 37.
