1825 3214
289 215 331 240 lN
366 214 538 240 sommis
571 211 876 248 nnmerum,
913 215 1058 240 ‘intima
1097 190 1246 240 mm.⁸
1371 206 1449 240 183

69 281 212 326 omnia
243 294 317 338 per
356 280 548 322 Verbum
576 297 583 321 :
611 293 698 321 non
731 292 955 335 possumus
988 278 1128 321 dicere
1150 315 1163 333 ,
1205 282 1298 324 Non
1332 281 1450 323 audit

72 351 286 399 Verbum,
312 365 399 394 non
420 348 538 394 videt
565 348 753 392 Verbum
781 367 788 391 2
829 364 880 391 ne
904 348 1108 408 objurget
1133 365 1208 393 nos
1235 351 1424 395 l’salmus
1440 386 1451 405 ,

68 432 112 467 et
134 421 249 466 dieat
272 440 280 465 2
311 440 329 462 «
358 419 487 465 Stulti
511 418 747 479 aliquando
764 420 914 478 sapite.
932 438 951 460 »
976 423 1129 479 ltaque
1150 421 1183 462 si
1206 421 1326 465 audit
1348 425 1454 466 Ver-

70 492 176 535 bum
198 499 241 535 et
262 489 379 534 videt
404 490 597 533 Verbum
613 524 624 543 ,
650 487 773 533 audit
796 488 930 533 Filius
953 499 995 533 et
1017 488 1136 534 videt
1158 490 1316 534 Filius:
1335 507 1456 535 num-

69 562 177 621 quid
201 571 343 605 tamen
365 570 408 604 et
431 560 475 603 in
496 560 588 618 ipso
605 558 782 603 diversis
804 558 909 604 loeis
931 560 1155 619 quaesituri
1179 575 1325 603 sumus
1347 577 1453 605 oeu-

69 631 134 676 los
159 640 201 675 et
222 632 376 674 aures?
400 629 589 674 Aliunde
617 628 764 684 audit,
789 628 965 673 aliunde
991 629 1140 686 videt3
1165 639 1207 674 et
1231 630 1345 674 auris
1367 633 1456 690 ejus

70 717 159 746 non
183 710 324 760 potest
346 700 466 760 quod
488 698 655 754 oculuS,
676 709 719 743 et
737 698 888 744 oculus
911 715 1000 744 non
1017 709 1158 759 potest
1177 700 1298 760 quod
1318 710 1457 759 potest

70 772 184 817 auris
202 773 219 815 P
235 775 302 816 An
324 780 440 815 totus
459 770 530 814 ille
551 771 666 815 visus
689 779 774 825 est,
799 779 842 815 et
860 779 976 815 totus
998 770 1199 816 auditus?
1217 774 1347 816 Forte
1370 772 1427 816 ita
1447 793 1455 817 ;

70 843 158 886 imo
188 857 277 885 non
306 840 439 895 forte,
477 840 553 885 sed
581 855 681 885 vere
714 840 771 884 ita
794 860 803 886 z
827 840 934 885 dum
957 850 1102 886 tamen
1135 851 1179 886 et
1205 842 1345 901 ipsum
1369 844 1459 902 ejus

70 912 232 966 videre,
259 922 300 956 et
325 912 467 971 ipsum
489 912 582 970 ejus
604 910 770 966 audire,
795 910 925 970 longe
948 911 1033 956 alio
1054 911 1185 956 modo
1209 927 1340 972 quam
1359 928 1460 957 nos-

71 991 189 1027 trum
216 981 284 1026 sit.
321 984 378 1026 Et
401 980 575 1036 videre,
612 990 656 1025 et
690 981 842 1025 audire
863 981 992 1026 simul
1027 983 1072 1026 in
1093 982 1241 1026 Verbo
1263 991 1353 1037 est,
1379 998 1459 1027 nec

71 1051 191 1097 aliud
209 1060 272 1095 est
292 1051 354 1095 ibi
378 1050 551 1106 audire,
577 1061 621 1096 et
642 1051 763 1096 aliud
780 1052 928 1097 videre
954 1072 963 1098 ε
984 1053 1060 1097 sed
1077 1053 1250 1098 auditus
1266 1053 1399 1109 visus,
1416 1063 1459 1098 et

69 1123 188 1168 visus
209 1121 398 1166 auditus.

130 1195 187 1237 X.
209 1195 266 1236 Et
285 1207 363 1237 nos
381 1192 456 1252 qui
478 1191 601 1235 aliter
619 1190 836 1247 audimus,
857 1191 981 1236 aliter
1005 1191 1218 1247 videmus,
1239 1192 1323 1237 hoe
1341 1193 1459 1238 unde

71 1263 305 1308 novimus?
327 1260 536 1306 Redimus
562 1260 674 1306 forte
709 1262 763 1305 ad
785 1277 883 1317 nOS,
909 1262 943 1306 si
965 1277 1054 1307 non
1083 1277 1231 1306 sumus
1252 1264 1459 1321 praevari-

72 1341 260 1387 catores,
287 1331 447 1392 quibus
476 1331 644 1376 dictum
671 1341 736 1376 est
761 1349 770 1376 ε
799 1330 997 1376 «Redite
1031 1332 1379 1391 praevaricatores
1406 1333 1459 1377 ad

76 1420 97 1444 »
132 1404 247 1446 cor¹.
277 1419 296 1442 »
319 1401 473 1446 Redite
511 1401 566 1446 ad
588 1416 662 1446 cor
684 1420 692 1446 :
719 1400 828 1461 quid
849 1401 918 1445 itis
951 1417 975 1445 a
1004 1401 1150 1456 vobis,
1175 1410 1218 1446 et
1241 1402 1387 1461 peritis
1408 1418 1458 1446 ex

72 1474 224 1519 vobis?
241 1473 350 1533 quid
370 1473 438 1517 itis
460 1472 706 1518 solitudinis
727 1474 848 1518 vias?
871 1473 1034 1517 Erratis
1051 1471 1252 1531 vagando
1270 1491 1279 1518 ε
1301 1472 1452 1517 redite.

72 1546 202 1598 Quo?
227 1542 282 1588 ad
314 1543 565 1588 Dominum.
589 1542 689 1588 Cito
722 1552 786 1587 est
817 1561 826 1588 :
851 1543 991 1601 primo
1011 1542 1103 1586 redi
1136 1542 1191 1586 ad
1212 1557 1286 1587 cor
1306 1551 1454 1598 tuum,

72 1615 171 1658 exul
198 1629 222 1658 a
245 1623 287 1658 te
318 1614 483 1672 vagaris
517 1611 622 1657 foris
649 1632 658 1657 ;
685 1622 727 1657 te
753 1614 893 1672 ipsum
918 1628 1007 1657 non
1029 1613 1162 1667 nosti,
1188 1621 1231 1657 et
1253 1614 1412 1672 quaeris
1434 1628 1457 1657 a

72 1700 162 1745 quo
179 1683 320 1728 factus
340 1686 414 1728 es?
437 1684 575 1737 Redi,
594 1682 686 1726 redi
706 1682 760 1727 ad
782 1698 879 1738 cor,
907 1681 1011 1727 tolle
1033 1692 1075 1726 te
1097 1698 1120 1726 a
1134 1698 1316 1742 corpore
1342 1699 1458 1728 :cor-

72 1769 155 1814 pus
185 1763 311 1798 tuum
345 1753 557 1798 habitatio
589 1761 663 1796 tua
694 1761 758 1797 est
790 1771 800 1797 ι
825 1768 899 1797 cor
920 1761 1045 1796 tuum
1067 1753 1199 1796 sentit
1229 1753 1358 1796 etiarn
1382 1768 1458 1812 per

72 1839 230 1883 corpus
247 1832 398 1868 tuum:
429 1822 504 1867 sed
526 1837 682 1882 corpus
704 1831 832 1867 tuum
851 1838 941 1867 non
962 1821 1083 1881 quod
1105 1837 1180 1866 cor
1199 1830 1326 1866 tuum
1354 1841 1363 1867 ι
1388 1822 1458 1866 di-

72 1895 197 1939 mitte
214 1903 257 1938 et
277 1908 435 1952 corpus
463 1902 587 1936 tuum
605 1926 616 1947 ‚
643 1892 736 1936 redi
757 1892 814 1936 ad
839 1907 913 1937 eor
935 1901 1077 1936 tuum.
1105 1895 1157 1936 In
1179 1907 1360 1952 corpore
1381 1901 1458 1937 tuo

73 1965 323 2010 inveniebas
355 1965 459 2009 alibi
491 1963 641 2008 oculos
656 1997 668 2018 ‚
693 1962 796 2007 alibi
834 1978 958 2007 aures
979 1982 988 2008 ε
1007 1964 1052 2007 in
1074 1962 1206 2008 corde
1227 1972 1304 2008 tuo
1325 1979 1457 2008 num-

74 2036 182 2096 quid
203 2037 287 2081 hoc
315 2037 512 2080 invenis?
541 2039 610 2079 An
631 2033 676 2078 in
698 2035 830 2079 corde
851 2044 930 2079 tuo
961 2050 1049 2078 non
1068 2034 1202 2078 habes
1224 2036 1379 2078 aures?
1398 2038 1458 2079 De

63 2106 233 2166 *quibus
253 2120 355 2164 ergo
373 2106 584 2149 Dominus
605 2103 799 2148 dicebat:
819 2122 839 2147 «
857 2105 942 2161 Qui
958 2104 1091 2147 habet
1108 2119 1231 2148 aures
1253 2103 1458 2148 audiendi

78 2193 100 2216 »
134 2174 337 2219 audiat2?
363 2193 382 2216 »
409 2178 478 2218 An
500 2175 544 2218 in
580 2172 712 2218 corde
734 2189 823 2218 non
843 2174 978 2218 habes
1007 2173 1185 2218 oculos?
1207 2173 1332 2218 Unde
1353 2173 1459 2218 dicit

75 2244 308 2303 Apostolus
326 2262 336 2288 ι
356 2262 376 2285 «
399 2243 672 2287 Illuminatos
691 2243 839 2287 oculos
860 2243 1002 2287 cordis
1022 2243 1151 2287 vestri
1169 2245 1183 2269 ³
1199 2245 1217 2287 i>
1236 2262 1256 2284 »
1275 2242 1384 2287 Redi
1402 2243 1458 2287 ad

75 2330 150 2360 cor
174 2333 184 2359 ι
209 2314 307 2359 vide
323 2314 384 2357 ibi
401 2312 507 2373 quid
528 2313 684 2357 sentias
699 2312 810 2356 forte
832 2312 887 2357 de
907 2316 1012 2366 Deo,
1029 2314 1130 2372 quia
1154 2313 1215 2357 ibi
1232 2322 1296 2357 est
1314 2313 1454 2371 imago

75 2385 168 2439 Dei.
208 2387 260 2427 In
297 2384 500 2427 interiore
536 2383 713 2427 homine
735 2382 902 2426 habitat
940 2383 1163 2436 Christus,
1189 2383 1235 2427 in
1256 2383 1458 2426 interiore

75 2454 251 2498 homine
283 2453 500 2498 renovaris
521 2453 577 2496 ad
599 2452 831 2510 imaginem
853 2453 952 2507 Dei,
978 2453 1024 2496 in
1042 2453 1230 2512 imagine
1253 2468 1328 2497 sua
1352 2467 1457 2509 cog-

126 2544 133 2559 ¹
158 2538 227 2570 lsai.
248 2547 336 2574 uvi,
351 2537 383 2568 8.
409 2553 448 2558 —
469 2543 480 2559 ²
505 2539 581 2568 Luc.
602 2546 670 2573 vni,
693 2536 724 2566 8.
755 2551 796 2557 -—
813 2533 825 2558 3
845 2535 947 2576 Ephes
977 2547 998 2574 ι,
1019 2539 1056 2567 18
