1825 3214
282 228 321 252 m
355 223 531 252 somnis
563 223 843 252 numenium
865 241 876 261 ,
911 224 1056 252 rimer.
1096 228 1153 252 ix.
1363 215 1416 253 4‘.)

38 292 152 336 orbis
181 298 391 336 terrarum
407 295 435 334 ¹.
463 296 602 344 Quare
624 291 739 334 enim
760 291 804 334 in
826 305 922 335 arca
957 290 1121 335 inclusa
1144 301 1244 336 sunt
1273 293 1419 336 omnia

38 360 236 405 animalia
253 396 264 416 ,
289 362 367 405 nisi
386 369 435 405 ut
454 361 800 420 significarentur
821 376 970 406 omnes
992 364 1167 419 gentes?
1188 365 1284 406 Non
1302 364 1418 406 enim

37 431 185 476 deerat
203 435 291 476 Deo
315 447 461 476 rursus
476 446 621 476 creare
638 447 767 476 omne
791 446 924 490 genus
945 432 1213 476 animalium.
1233 434 1420 485 Quando

37 502 151 547 enim
170 503 315 548 omnia
336 518 425 548 non
447 512 585 556 erant,
607 518 753 548 nonne
770 501 876 547 dixit
903 522 911 547 :
941 521 961 544 «
983 503 1200 547 Producat
1226 512 1335 548 terra
1349 539 1359 558 ,
1378 514 1422 548 et

42 592 59 613 ι)
96 572 298 633 produxit
317 575 489 618 teri-212?
506 592 524 614 »
549 573 672 618 Unde
687 588 789 632 ergo
808 582 912 617 tunc
934 573 1053 629 fecit,
1075 573 1176 618 inde
1196 574 1418 631 reficeret,

35 643 168 688 verbo
202 643 331 699 fecit,
356 644 492 689 verbo
524 645 750 689 reficeret:
772 644 851 688 nisi
880 643 981 704 quia
1014 645 1268 702 mysterium
1297 660 1420 690 com-

36 714 271 760 mendabat
288 750 299 771 ,
324 725 367 760 et
383 714 618 760 secundam
641 714 842 772 hydriam
858 714 1126 775 propheticae
1141 716 1420 775 dispensatio-

36 786 102 830 nis
128 787 337 847 implebat
356 823 367 841 ,
393 797 442 832 ut
464 802 540 847 per
561 786 729 845 lignum
746 786 1005 831 liberaretur
1026 787 1165 846 figura
1194 788 1308 832 orbis
1331 797 1422 832 ter-

35 871 206 915 rarum3
230 859 331 917 quia
349 859 394 901 in
416 858 535 916 ligno
559 858 731 915 figenda
753 867 844 902 erat
864 858 952 902 vita
970 857 1086 902 orbis
1110 867 1336 903 terrarum.

92 931 193 973 XII.
233 932 329 973 Jam
357 929 402 973 in
433 929 558 972 tertia
595 929 778 986 hydria,
816 929 895 988 ipsi
930 929 1145 985 Abrahae,
1182 930 1302 990 quod
1329 931 1421 990 jam
1488 993 1490 995 ‚

34 1001 395 1054 commemoravi,
421 998 587 1043 dietum
611 1008 700 1043 est:
725 1018 744 1040 «
767 1001 817 1042 In
836 1000 997 1044 semine
1015 1010 1092 1044 tuo
1108 1000 1421 1045 benedicentur

23 1087 58 1117 ,»
93 1085 242 1116 omnes
269 1071 456 1129 gentes³.
486 1089 506 1112 »
532 1073 588 1116 Et
609 1070 705 1130 quis
726 1086 816 1115 non
837 1069 984 1115 videat
1004 1073 1126 1131 eujus
1154 1072 1344 1116 habebat
1367 1074 1420 1116 fi-

34 1155 186 1200 guram
209 1142 363 1186 unicus
379 1142 470 1202 ejus
487 1176 498 1196 ‚
532 1141 608 1202 qui
630 1141 712 1185 sibi
734 1140 789 1185 ad
805 1142 1062 1186 sacrificium
1082 1177 1092 1197 ,
1113 1158 1203 1202 quo
1229 1142 1319 1202 ipsc
1340 1145 1421 1190 im-.

34 1211 262 1257 molandus
284 1212 528 1257 ducebatur
544 1247 555 1267 ,
581 1210 696 1269 ligna
726 1212 928 1270 portabat
947 1214 964 1256 P
983 1213 1175 1257 Portavit
1197 1214 1310 1258 enim
1332 1218 1421 1259 Do-

33 1283 176 1328 minus
198 1298 371 1328 crucem
404 1298 527 1328 suam
547 1318 558 1338 ,
583 1283 694 1327 sicut
728 1283 1014 1342 Evangelium
1048 1284 1245 1345 loquitur
1263 1288 1294 1330 ⁴.
1329 1289 1421 1330 Hoc

31 1351 86 1397 de
105 1354 229 1398 tertia
248 1353 405 1412 hydria
427 1368 786 1398 commemorasse
809 1354 1046 1399 suffecerit.

89 1427 214 1469 XIII.
242 1428 303 1469 De
334 1425 471 1470 David
505 1434 674 1481 autem,
706 1425 814 1485 quid
848 1425 991 1471 dicam
1023 1426 1142 1486 quod
1177 1429 1232 1473 ad
1270 1444 1420 1473 omnes

31 1506 178 1554 gentes
200 1497 444 1556 pertinebat
465 1497 694 1556 prophetia
724 1498 846 1557 ejus3
879 1498 1058 1558 quando
1088 1498 1220 1544 modo
1248 1500 1418 1544 audivi-

30 1582 127 1611 mus
151 1567 398 1622 Psalmum,
435 1576 478 1611 et
509 1566 688 1611 difficile
716 1576 778 1611 est
805 1577 855 1612 ut
889 1567 1059 1612 dicatur
1087 1568 1308 1624 Psalmus,
1340 1571 1416 1614 ubi

30 1637 113 1683 hoc
136 1653 226 1682 non
262 1639 415 1683 sonet?
450 1636 534 1682 Sed
570 1646 711 1692 certe,
747 1646 798 1681 ut
820 1637 931 1689 dixi,
959 1638 1090 1683 modo
1113 1641 1382 1685 cantavimus
1401 1676 1411 1696 ,

33 1725 53 1749 «
90 1710 250 1767 Surge,
295 1711 431 1762 Deus,
462 1706 609 1768 judica
644 1716 827 1766 terram,
865 1710 1073 1768 quoniam
1106 1719 1154 1754 tu
1181 1711 1413 1756 haeredita-

28 1777 151 1823 bisin
167 1778 368 1823 omnibus
381 1778 582 1837 gentibus
593 1780 623 1821 ⁵.
634 1781 717 1823 »Et
730 1779 830 1823 ideo
844 1780 1077 1824 Donatistae
1090 1790 1298 1842 tanquam
1311 1798 1413 1842 pro-

23 1850 128 1910 jecti
150 1849 205 1894 de
227 1849 390 1909 nuptiis
411 1868 419 1893 :
445 1849 558 1893 sicut
582 1848 657 1893 ille
678 1849 811 1895 homo
833 1851 909 1910 qui
931 1866 1021 1899 non
1037 1852 1228 1898 habebat
1249 1863 1414 1898 vestem

27 1920 267 1980 nuptialem
285 1955 296 1976 ,
321 1920 529 1965 invitatus
551 1929 616 1965 est
637 1929 680 1965 et
717 1921 838 1966 venit
852 1923 894 1978 ⁶,
920 1921 996 1967 sed
1021 1925 1238 1984 projectus
1276 1935 1338 1970 est
1360 1925 1415 1970 de

28 2006 211 2037 numero
237 2001 492 2036 vocatorum
512 2026 523 2046 ,
543 1991 646 2051 quia
672 2007 763 2037 non
784 1993 976 2037 habebat
1000 2003 1163 2039 vestem
1192 1997 1245 2040 ad
1270 1998 1415 2056 sponsi

28 2061 205 2120 gloriam
240 2076 249 2103 :
275 2062 352 2121 qui
386 2061 499 2105 enim
535 2077 657 2105 suam
692 2062 871 2121 gloriam
892 2064 1048 2124 quaerit
1068 2099 1079 2119 ,
1109 2080 1199 2110 non
1223 2067 1409 2122 Christi,

28 2147 117 2178 non
138 2133 271 2177 habet
292 2141 454 2176 vestem
472 2131 711 2192 nuptialem
730 2148 845 2178 :non
866 2134 982 2178 enim
995 2133 1153 2180 volunt
1173 2152 1411 2182 consonare

28 2204 123 2248 voci
144 2203 260 2248 illius
281 2203 359 2264 qui
394 2203 556 2249 amicus
587 2212 678 2248 erat
701 2205 875 2264 sponsi,
908 2214 952 2250 et
980 2206 1068 2250 ait:
1099 2225 1119 2249 «
1151 2208 1230 2252 Hic
1251 2218 1316 2253 est
1335 2210 1411 2270 qui

32 2291 53 2315 »
87 2274 317 2334 baptizat⁷.
345 2293 366 2316 »
390 2277 478 2321 Nec
507 2275 724 2321 immerito
745 2276 809 2321 illi
825 2277 901 2338 qui
922 2293 1012 2323 non
1039 2279 1231 2325 habebat
1248 2291 1411 2326 vestem

30 2345 294 2405 nuptialem,
317 2345 401 2390 hoc
436 2361 514 2405 per
550 2345 890 2406 increpationem
927 2344 1148 2408 objectum
1181 2360 1264 2406 est,
1292 2352 1410 2412 quod

31 2430 120 2460 non
147 2425 238 2460 erat
263 2431 272 2458 τ
297 2434 317 2458 «
341 2416 492 2461 Amice
511 2450 522 2472 ,
558 2416 668 2476 quid
695 2417 783 2462 huc
814 2418 1032 2464 venistissP
1056 2438 1076 2461 >›
1117 2422 1174 2464 Et
1197 2422 1308 2466 sicut
1339 2422 1411 2466 ille

81 2519 90 2534 ¹
117 2513 197 2546 Gen.
218 2523 273 2554 vn,
289 2522 321 2553 7,
342 2515 405 2544 etc.
422 2527 464 2534 -
481 2511 558 2544 ²1d.
578 2523 602 2552 1,
620 2511 673 2554 24.
691 2529 733 2536 —
753 2511 766 2536 3
784 2513 831 2546 Id.
850 2525 932 2555 xxn,
953 2515 1004 2548 18.
1021 2533 1063 2540 —
1082 2515 1097 2546 4
1113 2519 1203 2549 Joan.
1229 2529 1411 2560 xix,15.—

33 2565 48 2591 5
62 2568 144 2601 Psal.
165 2579 270 2610 mxxxi,
283 2568 315 2600 8.
337 2565 405 2591 -6
420 2568 539 2601 Matth.
561 2578 637 2611 xxu,
661 2569 761 2602 13.—
778 2577 792 2604 7
810 2573 900 2604 Joan.
917 2583 940 2614 i,
961 2572 1066 2606 33.—
1081 2571 1097 2596 8
1114 2574 1227 2606 Matth.
1248 2584 1325 2616 xxii,
1343 2584 1392 2607 12.

218 2631 357 2663 cxxn.
1203 2628 1227 2665 ls-
