1809 3173
374 243 457 282 230
806 252 838 279 s.
875 248 1103 277 aueum-rm
1135 250 1287 275 musco}
1303 251 1311 273 ι

375 337 396 360 »
433 316 548 360 enim
570 324 613 359 et
634 314 809 359 dedistis
822 315 927 358 mihi
941 312 1263 357 manducarem<
1280 316 1478 372 Cumque
1495 312 1556 356 illi
1574 327 1751 372 respon-

373 387 532 442 derint,
543 406 562 428 «
573 387 771 440 Domine,
784 384 961 445 quando
976 394 1015 428 te
1031 383 1216 427 vidimus
1230 384 1485 427 esurientem
1499 385 1516 426 P
1530 383 1753 427 »dicturus

376 467 439 503 est
451 458 531 502 eis:
550 459 692 502 «Cum
708 457 783 500 uni
797 472 848 500 ex
860 456 1046 499 minimis
1059 454 1165 497 meis
1179 454 1369 508 dedistis,
1382 455 1488 497 mihi
1502 453 1675 497 dedistis
1689 457 1749 498 ¹.»

377 529 463 584 Qui
480 543 581 586 ergo
601 526 726 582 dixit,
757 544 777 567 «
795 528 908 571 Cum
930 525 1007 569 uni
1025 540 1075 567 ex
1100 524 1288 567 minimis
1309 524 1412 567 meis
1435 523 1631 578 dedistis,
1650 525 1755 567 mihi

375 618 398 644 »
431 599 630 656 dedistis,
649 616 668 639 »
688 607 732 642 et
753 612 869 641 nunc
892 596 1181 653 interrogetur
1195 610 1216 638 a
1230 593 1370 649 nohis,
1398 603 1441 638 et
1460 593 1651 638 dicamus
1673 593 1751 650 illi,

373 670 557 717 Domine
571 704 583 725 ,
607 667 785 729 quando
797 666 877 711 eris
895 666 1078 719 discens,
1094 680 1196 709 cum
1215 674 1262 707 tu
1284 665 1436 708 doceas
1459 664 1601 708 omnia
1618 666 1635 708 Ρ
1661 666 1756 708 Sta-

316 744 319 746 ’
374 742 453 787 tim
489 740 605 784 enim
628 738 754 783 nobis
776 738 822 785 in
846 736 933 780 fide
963 744 1109 779 nostra
1143 735 1389 794 respondet,
1417 736 1528 779 Cum
1559 750 1673 779 unus
1705 750 1756 779 ex

373 810 562 856 minimis
581 808 686 852 meis
703 807 844 862 discit,
867 821 948 864 ego
964 806 1099 849 disco.

433 883 558 925 VIII.
585 882 701 937 Ergo
729 876 998 935 gratulemur
1031 884 1075 920 et
1095 889 1270 933 agamus
1294 875 1470 934 gratias,
1496 890 1585 920 non
1616 875 1758 919 solum

374 967 453 997 nos
474 951 740 997 Christianos
753 947 889 993 factos
908 963 1023 1003 esse,
1040 946 1115 991 sed
1136 947 1372 992 Christum.
1393 946 1654 1005 Intelligitis,
1676 945 1758 991 fra-

374 1032 460 1068 tres
474 1057 485 1076 ,
515 1020 695 1080 gratiam
713 1019 791 1064 Dei
812 1033 941 1077 super
958 1033 1035 1062 nos
1057 1017 1237 1076 capitis?
1259 1016 1541 1060 Admiramini
1557 1051 1568 1071 ,
1593 1016 1758 1074 gaude-

374 1102 440 1148 te,
466 1091 662 1137 Christus
680 1089 784 1134 facti
805 1103 968 1133 sumus.
997 1088 1040 1132 Si
1057 1087 1171 1131 enim
1189 1096 1320 1146 caput
1340 1086 1434 1141 ille,
1455 1102 1532 1131 nos
1547 1087 1756 1146 membra3

374 1171 492 1208 totus
522 1163 682 1215 homo,
713 1158 787 1203 ille
819 1168 863 1203 et
894 1173 987 1202 nos.
1027 1159 1121 1201 Hoc
1151 1166 1215 1201 est
1243 1156 1363 1217 quod
1401 1156 1620 1216 apostolus
1655 1157 1761 1201 dicit

376 1231 552 1278 Paulus.
583 1250 602 1273 «
627 1233 681 1274 Ut
702 1229 815 1273 ultra
830 1229 921 1288 jam
943 1241 1032 1271 non
1059 1227 1192 1271 simus
1216 1226 1410 1286 parvuli,
1435 1227 1584 1286 jactati
1606 1236 1648 1271 et
1677 1227 1761 1271 cir-

381 1321 403 1345 »
439 1301 631 1347 cumdati
653 1300 771 1344 omni
795 1307 925 1343 vento
942 1297 1153 1341 doctrinae
1166 1300 1198 1340 2.
1212 1317 1227 1337 »
1248 1297 1451 1356 Superius
1474 1307 1617 1341 autem
1640 1297 1761 1340 dixe-

379 1383 473 1430 rat,
499 1392 519 1414 «
544 1375 688 1416 Donec
717 1383 994 1414 occurramus
1020 1382 1168 1411 omnes
1192 1367 1238 1410 in
1270 1368 1481 1411 unitatem
1504 1366 1627 1422 fidei,
1653 1376 1696 1410 et
1717 1368 1762 1410 in

382 1463 403 1486 »
439 1443 704 1501 agnitionem
732 1439 831 1483 Filii
863 1438 961 1493 Dei,
986 1438 1032 1480 in
1059 1437 1201 1481 virum
1227 1437 1490 1496 perfectum,
1520 1438 1565 1480 in
1586 1452 1762 1480 mensu-

382 1533 403 1557 »
439 1525 530 1557 ram
544 1512 679 1556 aetatis
693 1508 974 1570 plenitudinis
983 1508 1182 1553 Christiss.
1198 1507 1462 1551 »Plenitudo
1477 1522 1576 1565 ergo
1586 1508 1760 1563 Christi,

383 1594 515 1644 caput
537 1593 580 1628 et
601 1582 811 1626 membra.
838 1578 953 1633 Quid
974 1587 1038 1622 est
1059 1587 1191 1637 caput
1212 1587 1255 1621 et
1276 1578 1500 1621 membra?
1515 1578 1709 1622 Christus
1722 1588 1765 1622 et

382 1655 589 1701 Ecclesia.
618 1657 927 1712 Arrogaremus
949 1649 1066 1694 enim
1088 1649 1213 1693 nobis
1234 1650 1317 1693 hoc
1340 1648 1525 1708 superbe
1542 1683 1553 1703 ,
1573 1649 1654 1693 nisi
1675 1650 1765 1708 ipse

387 1727 642 1785 dignaretur
662 1725 746 1768 hoc
773 1721 1051 1781 promittere,
1076 1719 1154 1778 qui
1177 1734 1253 1778 per
1274 1719 1531 1778 Apostolum
1562 1719 1766 1764 eumdem

388 1796 524 1841 dicit:
553 1797 677 1838 «Vos
705 1801 851 1836 autem
881 1790 979 1834 estis
1007 1804 1163 1848 corpus
1192 1788 1350 1833 Christi
1382 1798 1426 1832 et
1446 1789 1638 1832 membra
1657 1790 1689 1832 4.
1711 1807 1732 1830 »

444 1868 522 1910 IX.
543 1866 656 1910 Cum
679 1877 782 1921 ergo
804 1858 994 1905 ostendit
1016 1862 1142 1902 Pater
1163 1859 1368 1906 membris
1390 1859 1573 1914 Christi,
1593 1859 1766 1903 Christo

384 1935 588 1982 ostendit.
624 1935 694 1978 Fit
721 1931 943 1993 quoddam
971 1928 1231 1973 miraculum
1263 1944 1496 1987 magnum,
1527 1929 1600 1973 sed
1622 1940 1768 1974 tamen

388 2022 541 2052 verum
565 2025 573 2050 :
598 2003 838 2049 ostenditur
854 2000 1026 2046 Christo
1049 1998 1170 2059 quod
1191 2009 1371 2043 noverat
1391 2000 1585 2044 Christus
1600 2035 1610 2055 ,
1636 2009 1679 2043 et
1701 2016 1770 2045 os-

387 2077 582 2122 tenditur
598 2075 769 2121 Christo
786 2088 863 2133 per
877 2072 1114 2117 Christum.
1136 2074 1220 2113 Res
1238 2071 1344 2114 mira
1362 2079 1424 2114 est
1438 2080 1481 2115 et
1497 2086 1651 2128 magna
1663 2106 1673 2126 ,
1694 2071 1770 2115 sed

391 2149 611 2206 Scriptura
637 2144 697 2189 sic
728 2143 937 2204 loquitur.
969 2140 1292 2187 Contradicturi
1326 2156 1474 2185 sumus
1501 2141 1657 2185 divinis
1679 2141 1769 2203 elo-

389 2218 501 2279 quiis
515 2253 525 2272 ,
551 2226 594 2261 et
615 2232 704 2260 non
727 2215 870 2274 potius
892 2212 1180 2266 intellecturi,
1203 2221 1247 2255 et
1267 2227 1317 2255 ex
1339 2212 1471 2271 ipsius
1496 2212 1613 2256 dono
1634 2212 1671 2255 ei
1693 2207 1769 2272 qui

389 2287 567 2333 donavit
590 2287 743 2345 gratias
762 2284 899 2329 acturi
912 2285 929 2325 *ἓ
951 2282 1068 2336 Quid
1089 2292 1152 2326 est
1177 2283 1295 2341 quod
1313 2281 1425 2337 dixi,
1451 2281 1770 2326 demonstratur

389 2359 561 2404 Christo
584 2373 659 2416 per
679 2357 928 2402 Christum?
951 2358 1278 2398 Demonstratur
1301 2353 1503 2396 membris
1523 2368 1598 2411 per
1619 2362 1768 2411 caput.

390 2432 504 2474 Ecce
524 2429 624 2473 vide
644 2426 754 2471 illud
776 2427 821 2469 in
843 2435 885 2469 te
905 2444 913 2469 ;
933 2439 1044 2483 pone
1072 2432 1114 2467 te
1141 2423 1292 2467 clausis
1319 2424 1452 2467 oculis
1475 2423 1584 2466 velle
1606 2421 1771 2482 aliquid

452 2533 463 2548 ¹
483 2527 595 2558 Matth.
618 2535 694 2565 xxv,
722 2523 781 2565 34,
803 2527 868 2555 etc.
889 2538 929 2545 ·-
951 2528 963 2544 ²
984 2521 1099 2563 Eplies.
1124 2531 1171 2561 ιν,
1200 2522 1250 2563 14.
1277 2537 1314 2542 —-
1344 2519 1355 2541 ³
1383 2520 1464 2551 thid.
1486 2519 1535 2561 14.
1559 2537 1600 2542 —
1619 2518 1634 2547 4
1658 2531 1669 2551 1
1695 2521 1767 2552 Cor.

396 2591 452 2621 χιι,
478 2589 532 2620 ⁴27.
