1825 3214
1358 221 1410 256 77

289 237 332 262 ΙΝ
367 235 540 260 ,ΙΟΑΣΝῙΝΙΒ
575 231 876 266 ΕΥΔΝϋΙ-ΣΙᾸῑΜ,
911 231 1056 257 umor.
1097 234 1153 258 xl.

33 302 205 361 pariunt
227 299 374 344 liberte
395 300 556 358 bonos3
579 301 677 343 Sara
698 297 863 357 peperit
890 300 1003 340 lsaac
1023 317 1029 340 :
1054 298 1226 356 pariunt
1245 296 1412 340 ancillae

31 371 164 416 malos
190 393 200 428 3
227 374 340 430 Agar
362 370 526 431 peperit
550 369 699 414 Isma’el
717 371 744 412 ¹.
776 368 993 412 Habemus
1017 368 1059 410 in
1083 383 1171 412 uno
1195 369 1412 411 Abraham

29 451 72 486 et
94 440 201 485 illud
235 456 368 499 genus
395 456 494 485 cum
525 455 600 500 pcr
625 440 759 484 bonos
784 438 916 492 boni,
953 446 996 482 ct
1024 436 1132 481 illud
1160 453 1295 496 genus
1313 453 1412 481 curn

29 527 104 574 per
126 510 260 556 malos
283 510 397 556 mali.
427 515 506 555 Per
528 511 664 555 bonos
692 508 792 553 mali
817 509 890 554 ubi
916 508 1087 566 figurati
1106 510 1241 551 sunt?
1260 507 1413 551 Libera

27 591 119 628 erat
147 582 342 627 Rebecca
371 597 477 626 uxor
501 584 616 626 Isaac
639 600 647 625 :
680 580 828 638 legite,
855 579 1023 640 peperit
1051 578 1245 637 geminos
1263 612 1274 632 ,
1301 593 1413 621 unus

28 662 120 698 crat
144 652 308 708 bonuS,
349 651 457 697 alter
489 651 626 696 malus
641 653 671 694 ².
701 651 843 695 Habes
878 659 1024 710 aperte
1059 649 1324 708 Scripturam
1349 648 1415 691 di-

27 733 197 769 centem
228 723 303 768 Dei
334 738 467 778 voce,
498 742 514 763 «
541 722 677 767 Jacob
706 720 864 776 dilexi,
891 721 1002 765 Esaii
1028 728 1174 765 autem
1204 719 1306 764 odio
1335 720 1415 763 ha-

30 813 50 836 »
87 794 208 838 bui3.
236 812 256 834 »
295 796 402 838 Istos
434 793 542 837 duos
575 792 724 850 genuit
760 791 985 846 Rebecca,
1017 790 1154 834 Jacob
1190 798 1233 833 et
1266 790 1376 833 Esaii
1403 808 1412 834 :

28 880 140 910 unus
173 864 274 909 inde
304 864 498 924 eligitur,
535 864 643 908 alius
678 864 937 923 reprobatur
966 884 976 921 3
1003 878 1115 907 unus
1149 860 1342 907 succedit
1370 861 1414 906 in

27 934 339 991 haereditatcm,
357 935 464 980 alter
481 935 798 980 exhaeredatur.
821 938 916 980 Non
934 934 1037 979 facit
1051 933 1263 994 populum
1286 949 1414 978 suum

25 1010 138 1052 Deus
161 1007 216 1051 de
238 1008 377 1065 Esaii3
401 1006 476 1051 sed
498 1006 600 1052 facit
623 1006 677 1050 de
698 1007 850 1051 Jacob.
888 1009 1044 1051 Semcn
1068 1021 1206 1050 unum
1223 1040 1234 1060 ,
1255 1004 1412 1049 diversi

25 1079 101 1140 qui
137 1079 336 1138 concepti
373 1087 475 1123 sunt
500 1098 508 1123 z
532 1087 681 1122 uterus
711 1093 825 1122 unus
842 1113 852 1132 ‚
891 1078 1046 1122 diversi
1084 1077 1159 1136 (fui
1181 1076 1269 1120 nati
1293 1085 1408 1119 sunt.

26 1149 250 1210 Numquid
278 1165 365 1194 non
399 1149 536 1194 libera
570 1149 736 1209 peperit
767 1149 902 1193 Jacob
921 1184 931 1203 ,
963 1164 1063 1208 quae
1085 1147 1219 1191 libera
1246 1147 1414 1206 peperit

26 1221 170 1266 Esaii‘?
201 1221 502 1266 Luctabantur
523 1221 566 1264 in
595 1210 750 1265 ventre
774 1220 921 1264 matris
951 1234 1041 1262 suae
1061 1254 1071 1273 ,
1098 1227 1141 1262 et
1162 1218 1327 1262 dictum
1352 1226 1414 1262 cst

25 1291 261 1347 Rebeccae,
293 1307 393 1336 cum
422 1291 482 1336 ibi
516 1291 786 1336 luctarentur
811 1326 821 1345 ‚
861 1310 880 1332 «
919 1293 1015 1334 Duo
1048 1288 1203 1349 populi
1231 1297 1334 1332 sunt
1367 1288 1414 1332 in

28 1379 48 1403 »
83 1371 206 1406 utero
229 1372 304 1407 tuo
320 1364 351 1406 ⁴.
381 1381 400 1403 »
427 1365 524 1407 Duo
545 1362 768 1416 homines,
790 1361 877 1405 duo
900 1359 1049 1420 populi
1073 1381 1083 1417 3
1109 1360 1250 1404 bonus
1269 1375 1412 1419 popu—

24 1431 92 1477 lus
107 1467 117 1486 ‚
152 1432 290 1477 malus
312 1432 498 1492 populus
519 1452 527 1476 :
553 1432 628 1476 sed
651 1441 797 1476 tamen
820 1432 864 1475 in
887 1446 975 1475 uno
998 1439 1147 1475 ventre
1169 1430 1408 1474 luctantur.

25 1505 182 1558 Quanti
205 1505 307 1549 mali
330 1515 432 1550 sunt
454 1505 499 1549 in
521 1505 711 1550 Ecclesia
728 1541 738 1560 ‚
765 1514 809 1549 et
828 1520 940 1549 unus
963 1513 1110 1548 uterus
1140 1512 1306 1562 portat,
1333 1501 1412 1546 do-

24 1590 105 1620 nec.
126 1575 170 1619 in
188 1575 274 1619 fine
290 1575 591 1620 discernantur
609 1595 617 1621 :
636 1585 678 1620 et
696 1576 799 1620 boni
819 1575 1022 1620 adversus
1045 1573 1180 1619 malos
1202 1573 1408 1628 clamant,

24 1654 67 1690 et
88 1645 190 1690 mali
212 1646 416 1691 adversus
438 1646 577 1692 bonos
599 1646 862 1700 reclamant,
893 1655 936 1690 et
959 1646 1004 1689 in
1027 1645 1156 1689 unius
1177 1644 1412 1689 visceribus

24 1717 198 1778 utrique
219 1717 456 1762 luctantur.
482 1718 707 1778 Numquid
729 1732 897 1777 semper
918 1716 1049 1762 simul
1076 1717 1233 1760 erunt?
1253 1718 1303 1759 In
1326 1716 1412 1759 fine

25 1788 166 1833 exitur
187 1787 242 1832 ad
263 1787 403 1833 lucem
418 1824 428 1844 ,
469 1788 713 1833 declaratur
750 1788 952 1833 nativitas
980 1803 1079 1848 quae
1110 1787 1180 1831 hic
1202 1787 1246 1830 in
1269 1801 1412 1830 sacra-

27 1867 175 1902 mento
206 1859 416 1916 figuratur
444 1877 452 1903 z
478 1867 522 1903 et
548 1868 653 1903 tunc
679 1857 924 1918 apparebit,
955 1857 1092 1903 Jacob
1115 1856 1274 1909 dilexi,
1299 1856 1411 1900 Esaii

27 1936 173 1973 autem
193 1928 293 1973 odio
312 1929 462 1973 habui.

87 2000 168 2043 Xl.
193 2000 288 2042 Jam
317 2013 420 2057 ergo
442 1998 712 2054 invenimus,
747 1998 900 2042 fratres
919 2034 930 2054 ‚
955 2007 999 2043 et
1028 1997 1082 2042 de
1104 1997 1230 2042 bonis
1252 1996 1388 2041 bonos
1403 2030 1414 2051 ‚

32 2066 86 2112 de
107 2067 244 2112 libera
268 2071 386 2113 Isaac
413 2088 420 2113 :
442 2078 485 2113 et
506 2067 561 2112 de
588 2069 708 2112 malis
730 2068 886 2124 malos,
912 2068 966 2114 de
996 2068 1151 2113 ancilla
1178 2066 1354 2112 Isma'el:
1376 2075 1420 2110 et

33 2136 87 2182 de
116 2138 240 2183 bonis
273 2138 436 2194 malos,
470 2140 583 2183 Esaii
614 2139 668 2183 de
704 2141 914 2184 Rebecca.
947 2143 1008 2184 De
1031 2138 1152 2183 malis
1176 2139 1314 2183 bonos
1342 2137 1420 2181 ubi

0 2234 2 2277 ὲ
35 2209 332 2254 inveniemus?
347 2213 495 2254 Restat
511 2210 662 2265 Jacob,
683 2219 732 2255 ut
746 2211 790 2254 in
806 2211 944 2255 tribus
962 2209 1215 2270 patriarchis
1232 2218 1422 2270 quatuor

0 2319 1 2323 ,
38 2294 245 2337 generum
275 2280 452 2324 istorum
487 2279 696 2339 perfectio
725 2280 1027 2325 concludatur.
1068 2280 1234 2324 Habuit
1266 2294 1421 2323 uxores

0 2348 2 2380 L
40 2349 175 2393 Jacob
197 2348 354 2393 liberas
369 2385 380 2404 ‚
404 2349 559 2394 habuit
576 2359 618 2393 et
636 2349 812 2394 ancillas
834 2370 843 2396 :
865 2351 1040 2410 pariunt
1058 2350 1224 2405 liberae,
1245 2351 1422 2409 pariunt

0 2458 1 2462 ,
40 2427 82 2462 et
111 2418 306 2475 ancillae,
337 2428 379 2463 et
414 2421 525 2464 fiunt
564 2419 795 2464 duodecim
834 2421 911 2465 filii
943 2421 1116 2465 lsra'e'l⁴.
1156 2421 1199 2466 Si
1221 2434 1421 2464 numeres

97 2523 104 2538 ¹
130 2519 209 2549 Gen.
238 2528 303 2555 xxi,
321 2526 353 2559 2,
374 2522 405 2549 et
430 2529 495 2552 xvi,
519 2518 568 2549 15.
591 2535 631 2540 -ω-
660 2525 671 2540 ²
702 2518 747 2549 Id.
768 2529 852 2558 xxv,
879 2519 932 2560 24.
955 2536 995 2541 —
1018 2517 1030 2541 3
1050 2518 1167 2551 Malae.
1190 2527 1258 2559 1,2,
1279 2522 1311 2550 ct
1330 2520 1420 2549 Rom.

0 2600 1 2616 ἶ
44 2581 86 2611 ix,
106 2571 155 2603 13.
180 2589 220 2595 —-
245 2570 260 2601 4
275 2574 353 2605 Gen.
370 2584 443 2612 xxv,
459 2573 511 2605 23.
533 2589 568 2594 —-
591 2571 670 2604 51d.
692 2583 782 2615 xxix,
800 2573 856 2613 23,
877 2578 958 2615 etc.‚
976 2581 1100 2616 etxxx,
1120 2573 1152 2615 4.
