1809 3173
379 209 459 246 126
809 216 843 245 s.
879 216 1108 247 ,mausum
1140 220 1319 248 Emscom

373 283 607 342 Apostoli&
629 282 847 342 numquid
877 298 1025 327 omnes
1059 285 1317 343 Prophetae?
1353 284 1569 343 numquid
1602 299 1751 330 omnes

374 352 829 413 DoctoresPnumquid
846 368 992 398 omnes
1010 354 1225 398 Virtutes?
1238 353 1454 414 numquid
1468 369 1616 398 omnes
1636 354 1752 399 dona

370 424 533 468 habent
568 424 832 468 sanitatum?
863 423 1081 483 numquid
1109 439 1258 469 omnes
1282 424 1440 483 linguis
1475 423 1752 484 loquuntur?

369 494 582 556 numquid
605 510 754 540 omnes
774 496 1144 554 interpretantur?
1166 494 1298 539 Aliud
1330 495 1463 539 hahet
1500 495 1607 551 iste,
1633 494 1752 539 aliud

369 565 446 610 ille>
467 585 476 611 ι
497 575 540 611 et
556 565 676 626 quod
697 566 831 611 habet
847 565 920 610 ille
938 601 949 621 ‚
975 582 1063 611 non
1081 567 1216 610 habet
1235 566 1328 609 iste.
1355 569 1556 610 Mensura
1576 576 1639 611 est
1655 601 1666 622 ‚
1691 566 1752 610 di-

368 637 475 683 visio
496 638 698 698 quaedam
734 637 951 682 donorum
980 647 1057 682 est.
1093 640 1207 695 Ergo
1228 636 1478 681 hominibus
1501 636 1556 681 ad
1579 652 1752 681 mensu-

368 723 460 752 ram
481 708 626 764 datur,
647 718 690 752 et
710 707 941 753 eoncordia
958 707 1019 752 ibi
1041 723 1180 751 unum
1198 722 1354 766 corpus
1377 705 1494 752 facit.
1521 706 1751 760 Quomodo

369 777 488 823 aliud
505 779 660 839 accipit
680 794 834 823 manus
854 788 903 823 ut
929 787 1132 838 operetur
1149 813 1159 833 ,
1189 777 1307 822 aliud
1329 778 1482 823 oculus
1504 787 1553 822 ut
1573 777 1720 824 videat
1736 813 1748 834 ‚

368 849 487 894 aliud
504 850 616 894 auris
638 859 688 893 ut
709 849 872 905 audiat,
898 849 1017 893 aliud
1039 865 1112 909 pes
1134 859 1184 893 ut
1205 848 1416 905 ambulet,
1441 850 1583 894 anima
1603 858 1751 895 tamen

368 937 455 965 una
472 930 535 964 est
556 935 656 980 quae
674 920 762 979 agit
784 920 945 974 omnia,
971 921 1017 963 in
1038 935 1172 964 manu
1194 929 1243 964 ut
1263 929 1481 979 operetur,
1507 921 1552 964 in
1574 920 1685 980 pede
1702 928 1752 963 ut

367 991 584 1047 ambulet,
615 992 661 1034 in
686 1006 788 1035 aure
813 1001 859 1035 ut
880 990 1027 1035 audiat
1043 1026 1053 1046 ‚
1080 991 1125 1034 in
1146 991 1275 1036 oculo
1297 1000 1345 1035 ut
1366 990 1511 1035 videat
1537 1010 1545 1035 ;
1570 991 1629 1035 sic
1651 999 1753 1035 sunt

368 1063 496 1106 etiam
514 1062 681 1107 diversa
698 1061 813 1107 dona
828 1061 1042 1117 fidelium,
1062 1070 1271 1122 tanquam
1286 1062 1490 1105 membris
1504 1061 1558 1106 ad
1573 1077 1751 1106 mensu-

367 1148 457 1177 ram
476 1134 634 1193 cuique
651 1133 870 1192 propriam
888 1131 1133 1177 distributa.
1151 1132 1234 1177 Sed
1248 1132 1443 1177 Christus
1456 1133 1532 1191 qui
1554 1131 1644 1188 dat,
1661 1147 1752 1176 non

368 1204 422 1250 ad
440 1218 687 1248 mensuram
711 1203 880 1262 accipit.

425 1277 505 1319 XI.
521 1274 635 1319 Audi
653 1274 770 1318 enim
794 1273 937 1317 adhuc
954 1271 1061 1331 quid
1085 1274 1294 1332 sequitur,
1311 1273 1411 1332 quia
1433 1272 1487 1317 de
1511 1272 1619 1317 Filio
1637 1272 1753 1317 dixe-

367 1356 433 1391 rat
459 1366 468 1392 :
496 1365 516 1388 «
536 1349 634 1392 Non
669 1346 784 1389 enim
815 1343 869 1389 ad
899 1359 1146 1388 mensuram
1168 1344 1245 1388 dat
1271 1347 1385 1388 Deus
1410 1345 1635 1403 Spiritum.
1665 1347 1749 1388 Pa-

370 1436 390 1459 »
427 1428 491 1462 ter
523 1416 663 1476 diligit
686 1416 870 1471 Filium,
908 1425 952 1460 et
979 1415 1124 1460 omnia
1161 1415 1283 1460 dedit
1316 1415 1362 1459 in
1394 1430 1527 1459 manu
1560 1417 1696 1475 ejus1.
1725 1432 1746 1456 >1

367 1488 537 1549 Adjecit
557 1524 568 1544 ‚
593 1507 613 1530 «
637 1487 793 1532 Omnia
823 1485 943 1531 dedit
963 1487 1009 1530 in
1029 1502 1162 1530 manu
1184 1487 1274 1546 ejus
1293 1506 1303 1532 z
1331 1504 1351 1527 »
1385 1495 1431 1530 ut
1453 1502 1596 1531 nosses
1616 1495 1660 1529 et
1680 1486 1750 1530 hie

367 1575 453 1619 qua
484 1558 762 1619 distinctione
794 1556 959 1601 dictum
997 1557 1076 1611 sit,
1121 1560 1292 1600 «Pater
1340 1556 1482 1615 diligit
1518 1556 1694 1600 Filium.
1725 1574 1746 1597 n

367 1633 510 1683 Quare
532 1630 673 1673 enim?
696 1632 822 1672 Pater
852 1642 942 1671 non
966 1625 1106 1683 diligit
1136 1628 1381 1670 Joannem?
1413 1635 1456 1669 et
1491 1635 1638 1671 tamen
1660 1641 1750 1670 non

368 1701 511 1745 omnia
541 1699 662 1743 dedit
683 1699 729 1741 in
759 1713 891 1742 manu
914 1698 1020 1756 ejus.
1048 1699 1174 1741 Pater
1198 1712 1287 1741 non
1309 1696 1449 1755 diligit
1466 1696 1685 1741 Paulum?
1707 1705 1750 1741 et

368 1780 514 1816 tamen
531 1785 621 1814 non
643 1768 788 1813 omnia
809 1767 930 1810 dedit
950 1767 996 1810 in
1025 1755 1158 1810 manu
1180 1768 1286 1826 ejus.
1317 1786 1336 1808 «
1363 1770 1487 1811 Pater
1513 1766 1657 1826 diligit
1677 1767 1751 1812 Fi-

367 1841 476 1885 lium
504 1859 513 1885 :
542 1858 562 1881 »
588 1839 664 1884 sed
688 1837 911 1900 quomodo
933 1840 1059 1880 Pater
1092 1836 1272 1891 Filium,
1299 1852 1386 1881 non
1416 1837 1638 1896 quomodo
1667 1837 1749 1882 do-

368 1914 511 1957 minus
534 1926 705 1957 servum
727 1929 735 1955 :
762 1907 983 1970 quomodo
1001 1907 1196 1962 unicum,
1222 1923 1310 1951 non
1330 1908 1551 1967 quomodo
1569 1908 1750 1968 adopta-

369 1993 478 2028 tum.
518 1987 672 2043 Itaque
698 1981 899 2025 «Omnia
939 1978 1059 2023 dedit
1095 1979 1141 2022 in
1177 1994 1312 2023 manu
1346 1980 1451 2039 ejus.
1476 1979 1628 2032 »Quid
1661 1988 1745 2035 est,

375 2073 394 2097 «
417 2054 605 2098 Omnia?
642 2070 662 2095 >›
700 2054 756 2096 Ut
779 2059 924 2095 tantus
951 2049 1003 2093 sit
1031 2049 1180 2103 Filius,
1207 2058 1394 2109 quantus
1417 2059 1480 2093 est
1508 2053 1649 2095 Pater.
1679 2049 1750 2094 Ad

370 2125 662 2185 aequalitatem
677 2123 791 2167 enim
810 2122 892 2166 sibi
914 2121 1063 2180 genuit
1084 2136 1200 2175 eum,
1224 2121 1294 2164 cui
1312 2121 1461 2179 rapina
1477 2136 1565 2165 non
1579 2129 1688 2165 esset
1703 2121 1749 2164 in

370 2194 508 2241 forma
522 2197 600 2240 Dei
622 2211 711 2239 esse
737 2192 950 2253 aequalem
965 2195 1068 2236 Deo.
1095 2195 1112 2217 2
1139 2211 1155 2231 «
1183 2195 1308 2235 Pater
1331 2191 1679 2250 diligit.Filium‚
1706 2201 1748 2236 et

371 2267 515 2311 omnia
543 2265 663 2310 dedit
690 2266 736 2309 in
763 2279 897 2308 manu
919 2264 1023 2322 ejus.
1052 2281 1072 2303 n
1105 2265 1222 2322 Ergo
1244 2278 1344 2307 cum
1368 2262 1422 2306 ad
1445 2259 1522 2307 no's
1543 2257 1746 2321 dignatus

371 2347 433 2382 est
453 2338 624 2382 mittere
643 2336 818 2390 Filium,
839 2350 927 2379 non
942 2344 1144 2393 putemus
1167 2334 1330 2394 aliquid
1352 2325 1493 2378 {ninus
1510 2334 1635 2378 nobis
1651 2334 1747 2378 mis-

371 2425 466 2454 sum
493 2425 624 2469 quam
654 2417 716 2453 est
744 2411 882 2451 Pater.
921 2409 1046 2450 Pater
1075 2405 1250 2449 mittens
1281 2403 1465 2461 Filium,
1495 2421 1539 2450 se
1563 2404 1747 2449 alterum

370 2481 498 2525 misit.

418 2571 426 2588 ¹
447 2567 537 2597 Joan.
557 2575 606 2606 ιιι,
622 2562 676 2605 34,
696 2560 749 2596 35.
771 2577 812 2586 ·-
833 2567 846 2585 2
861 2560 975 2603 Philip.
994 2570 1029 2602 u,
1049 2559 1081 2592 6.
