1809 3173
355 173 438 211 376
790 188 822 212 5.
859 185 1089 215 AncnsTmI
1123 189 1303 217 Errscom

346 252 414 294 lus
439 260 481 294 ct
506 252 682 309 pecoris.
712 253 808 296 Non
831 253 1057 297 erubescas
1075 255 1157 298 hoc
1182 256 1339 300 sentire
1361 255 1415 300 de
1437 257 1621 302 Domino
1648 262 1736 303 Deo

346 332 422 367 tuo
443 342 451 366 :
476 322 562 366 imo
585 337 818 381 praesumas
837 333 879 368 θῖ
894 325 1014 379 fidas,
1028 335 1069 368 et
1084 341 1233 371 caveas
1252 343 1306 371 ne
1325 327 1448 371 aliter
1463 330 1634 372 sentias.
1651 331 1736 383 Qui

345 392 514 439 salvum
530 393 632 438 facit
656 404 720 449 te,
738 395 826 455 ipse
852 395 1016 440 salvum
1036 397 1138 440 facit
1161 413 1320 458 equum
1348 408 1490 454 tuum,
1505 401 1595 459 ipse
1612 416 1735 444 ovem

344 474 489 515 tuam3
513 464 566 508 ad
580 465 757 508 minima
773 465 950 509 omnino
966 467 1188 511 veniamus
1207 503 1217 521 ,
1238 469 1326 527 ipse
1349 469 1554 528 gallinam
1578 479 1696 514 'tuam
1725 490 1734 515 ε

343 535 516 580 Domini
534 544 595 579 est
609 535 738 590 salus,
756 545 798 579 et
814 537 891 579 ista
911 539 1021 579 Deus
1042 536 1192 581 salvat.
1219 541 1367 582 Movet
1386 549 1452 596 te,
1480 540 1734 598 interrogas,

338 607 471 651 miror
483 605 590 666 quid
610 605 800 649 dubitas.
827 605 1149 664 Dedignabitur
1172 607 1351 664 salvare,
1369 610 1440 669 qui
1462 609 1662 667 dignatus
1676 620 1739 655 est

343 679 520 723 creare?
541 696 560 718 «
591 676 763 720 Domini
794 686 856 720 est
879 677 991 721 salus
1014 678 1305 736 Angelorum,
1331 681 1583 736 hominum,
1611 697 1739 740 peco-

344 767 365 791 »
392 764 489 792 rum
510 751 519 773 ¹
542 767 549 792 ;
575 766 594 788 »
614 748 785 791 Domini
802 758 865 792 est
888 749 1016 792 salus.
1047 750 1167 794 Sicut
1187 766 1315 795 ncmo
1338 760 1402 795 est
1424 768 1446 795 a
1469 768 1512 795 εθ
1530 753 1646 812 ipso,
1680 753 1738 797 ita

346 835 475 864 nemo
490 818 632 863 salvus
648 829 710 863 est
732 835 754 862 a
772 834 815 862 se
833 819 941 878 ipso.
959 819 1146 864 Proinde
1162 821 1379 865 verissime
1399 822 1593 866 Psalmus
1608 832 1740 883 atquc

347 892 511 950 optime
541 891 599 934 ait
628 910 635 934 :
674 891 881 934 Homines
909 900 952 934 et
975 892 1174 951 jumenta
1207 892 1342 936 salvas
1368 892 1498 937 facies
1538 894 1735 937 Domine.

349 963 518 1015 Quare?
539 981 558 1003 «
587 961 705 1006 Sicut
725 960 1013 1021 multiplicata
1044 972 1105 1006 est
1129 963 1421 1008 misericordia
1442 973 1516 1008 tua
1539 968 1694 1008 Deus?
1717 983 1736 1005 »

352 1036 416 1077 Tu
441 1033 555 1075 enim
572 1047 615 1076 es
640 1035 769 1088 Deus,
796 1041 845 1076 tu
867 1033 1042 1088 creasti,
1064 1042 1112 1077 tu
1130 1033 1266 1078 salvas
1286 1053 1294 1079 :
1313 1043 1362 1078 tu
1385 1033 1541 1078 dedisti
1563 1050 1667 1089 csse,
1693 1044 1742 1079 tu

351 1103 426 1148 das
444 1119 596 1147 sanum
620 1119 725 1148 esse.

416 1177 489 1218 IV.
519 1174 561 1218 Si
582 1190 684 1232 ergo
706 1175 817 1218 sicut
838 1173 1126 1234 multiplicata
1155 1185 1217 1221 θεῖ
1247 1175 1539 1220 misericordia
1563 1176 1662 1231 Dei,
1688 1177 1742 1220 ab

351 1245 427 1289 illo
445 1246 642 1289 homines
665 1255 707 1288 et
721 1247 918 1305 jumenta
936 1245 1157 1289 salvantur
1177 1266 1184 1290 :
1205 1261 1351 1290 nonne
1368 1247 1567 1290 homines
1580 1247 1745 1291 habent

354 1316 521 1376 aliquid
542 1316 659 1359 aliud
676 1316 796 1375 quod
819 1319 877 1359 eis
903 1319 1015 1360 Deus
1039 1326 1213 1375 praestet
1231 1326 1415 1372 creator,
1441 1317 1561 1377 quod
1575 1319 1747 1377 jumen-

299 1419 305 1423 -
354 1387 407 1431 tis
430 1403 518 1431 non
533 1390 735 1446 praestat?
748 1386 957 1432 Nulla-ne
975 1386 1175 1431 discretio
1188 1396 1252 1431 θεῖ
1268 1389 1381 1432 inter
1403 1388 1560 1432 animal
1581 1387 1745 1432 factum

358 1459 414 1502 ad
442 1458 672 1517 imaginem
702 1459 801 1511 Dei,
828 1467 871 1502 et
905 1459 1063 1502 animal
1094 1459 1319 1502 subditum
1351 1459 1525 1517 imagini
1546 1459 1648 1504 Dei?
1670 1462 1748 1504 Est

356 1530 485 1589 plane
511 1549 519 1573 ε
544 1539 702 1589 praeter
730 1530 914 1574 salutem
936 1531 1059 1574 istam
1083 1545 1360 1575 communem
1383 1531 1509 1574 nobis
1531 1546 1633 1574 cum
1655 1530 1747 1574 ani·

355 1602 576 1645 mantibus
598 1602 745 1655 mutis,
768 1603 968 1661 estquod
998 1602 1123 1645 nobis
1137 1611 1312 1661 praestet
1331 1605 1468 1657 Deus,
1493 1602 1576 1645 illis
1602 1611 1747 1646 autem

356 1688 446 1716 non
477 1682 667 1732 praestat.
695 1673 812 1726 Quid
835 1682 899 1717 est
932 1674 1044 1717 hoc?
1075 1676 1262 1733 Sequere
1293 1674 1339 1717 in
1361 1673 1514 1717 eodem
1545 1673 1745 1730 Psalmo3

359 1762 378 1785 «
419 1743 517 1787 Filii
552 1753 698 1787 autem
736 1745 992 1798 hominurn,
1031 1745 1112 1788 sub
1147 1744 1337 1802 tegmine
1373 1743 1540 1789 alarum
1573 1754 1748 1788 tuarum

361 1835 381 1858 »
418 1815 670 1874 sperabunt.
701 1833 720 1856 »
752 1817 971 1859 Habentes
994 1814 1125 1859 modo
1146 1815 1327 1859 salutem
1351 1831 1628 1860 communem
1646 1831 1747 1860 cum

357 1886 588 1947 pecoribus
622 1886 733 1940 suis,
769 1885 845 1928 filii
878 1886 1106 1928 hominum
1129 1887 1210 1928 sub
1235 1886 1426 1943 tegmine
1460 1885 1624 1929 alarum
1648 1896 1748 1930 tua-

360 1973 457 2001 rum
493 1957 746 2015 sperabunt.
781 1954 920 1999 Aliam
953 1956 1118 1999 habent
1151 1955 1333 1998 salutem
1357 1955 1402 1998 in
1437 1971 1503 2007 re,
1542 1954 1669 1999 aliam
1703 1956 1748 2000 in

358 2045 447 2089 spe.
477 2028 598 2073 Salus
621 2028 699 2071 ista
716 2043 815 2087 quae
837 2027 879 2070 in
904 2027 1106 2086 praesenti
1124 2036 1201 2081 est,
1227 2027 1480 2071 hominibus
1503 2027 1748 2086 pecoribus-

359 2116 446 2160 que
470 2099 713 2144 communis
743 2107 807 2142 est
831 2117 839 2142 :
863 2097 936 2141 sed
965 2107 1028 2141 est
1050 2097 1130 2142 alia
1159 2114 1290 2157 quam
1323 2107 1497 2157 sperant
1524 2098 1745 2155 homines3

357 2181 400 2215 et
436 2171 654 2229 accipiunt
683 2170 759 2229 qui
795 2177 993 2227 sperant,
1025 2184 1112 2212 non
1147 2168 1367 2228 accipiunt
1395 2168 1472 2228 qui
1498 2167 1743 2226 desperant.

360 2260 377 2280 «
416 2240 514 2284 Filii
538 2241 653 2283 enim
676 2240 902 2283 hominum
936 2239 1017 2282 5111)
1041 2239 1248 2297 tegmine,
1275 2238 1438 2297 inquit,
1460 2237 1625 2281 alarum
1647 2247 1746 2281 tua-

358 2330 378 2353 »
415 2327 512 2354 rum
536 2313 788 2369 sperabunt.
820 2328 839 2350 »
867 2310 952 2362 Qui
986 2319 1129 2353 autem
1153 2317 1478 2368 perseveranter
1498 2318 1692 2368 sperant,
1724 2325 1747 2353 a

352 2393 395 2427 'te
419 2391 723 2441 proteguntur,
750 2397 804 2424 ne
819 2380 873 2424 de
894 2396 968 2440 spe
993 2397 1015 2425 a
1036 2380 1211 2425 diabolo
1233 2379 1492 2439 dejiciantur
1512 2399 1523 2425 2
1548 2381 1630 2425 sub
1653 2388 1747 2437 teg-

346 2454 462 2497 mine
491 2453 658 2497 alarum
681 2462 855 2496 tuarum
885 2452 1138 2510 sperabunt.
1169 2451 1211 2495 Si
1234 2466 1337 2509 ergo
1354 2451 1610 2510 sperabunt,
1635 2450 1743 2510 quid

392 2545 397 2559 ¹
428 2536 508 2568 Psal.
533 2548 578 2578 111,
603 2548 635 2578 9.
659 2553 699 2559 —-—
719 2544 731 2559 ²
760 2537 805 2568 td.
828 2547 924 2577 xxxv,
954 2547 986 2578 7,
1006 2540 1069 2568 etc.

1796 740 1803 890 ᾼΔ--ὃ
1794 635 1800 728 :21³-
1794 566 1798 625 ---
1793 525 1797 552 *—
1794 503 1796 511 ν
