1825 3214
284 217 329 244 nv
360 215 535 244 somma
567 214 850 244 numanum
871 235 882 255 ,
915 214 1062 245 ‘ruem
1097 217 1223 244 me.
1346 203 1431 246 4¹75

105 284 202 326 Vll.
231 282 347 335 Quid
372 282 426 325 dc
448 282 619 326 duobus
644 281 905 326 timoribus?
929 285 1004 327 Est
1037 283 1166 327 timor
1187 281 1369 337 serviliS,
1390 292 1434 328 et

45 362 107 397 est
149 353 275 397 timor
298 363 439 397 castus
465 372 472 397 :
498 362 561 395 est
589 353 716 396 timor
742 368 796 396 nc
821 353 992 411 patiaris
1017 369 1213 413 poenam,
1239 363 1302 397 cst
1325 353 1432 398 alius

46 424 174 468 timor
198 440 251 468 ne
274 425 441 468 amittas
459 424 686 484 justitiam.
712 423 858 467 'rimor
878 423 950 466 illc
970 440 1023 466 ne
1043 425 1214 483 patiaris
1238 440 1428 484 pccnam,

43 495 207 540 servilis
220 497 416 550 cst.Quid
434 512 638 556 magnum
652 506 715 540 est
728 496 878 539 timere
890 498 1092 556 poenam?
1109 500 1198 541 {loc
1211 498 1434 558 ctncquis-

43 567 174 611 simus
197 582 360 622 servus,
385 569 466 612 hoc
490 577 531 611 ct
551 566 871 611 crudelissimus
893 566 1018 610 latro.
1040 569 1135 612 Non
1148 578 1431 627 estmagnum

43 638 194 682 timere
227 654 429 697 poenam,
462 638 535 682 scd
574 652 779 695 magnum
815 647 878 681 est
914 653 1058 681 amare
1085 638 1314 697 justitiam.
1348 639 1434 692 Qui

43 725 147 768 ergo
181 719 295 753 amat
325 710 561 770 justitiam,
591 709 699 753 nihil
739 710 892 753 timet?
916 710 1055 753 Timet
1080 709 1208 769 plane
1232 728 1240 755 :
1267 725 1355 754 non
1379 726 1433 754 ne

41 780 205 825 incidat
227 782 270 825 in
293 797 470 841 poenam
486 817 496 837 ,
523 781 596 826 sed
619 797 672 825 nc
697 781 1108 841 amittatjustitiam.
1136 783 1306 825 Fratres
1328 782 1430 837 mei,

40 851 204 897 credite
220 888 230 907 ,
249 862 291 896 et
314 853 516 913 conjicite
534 868 583 896 ex
605 868 656 896 eo
679 852 798 913 quod
819 853 984 896 amatis.
1012 856 1143 897 Amat
1165 852 1318 912 aliquis
1335 868 1433 897 ves-

40 933 156 968 trum
180 923 424 984 pecuniam.
449 927 580 967 Putas
603 923 777 967 invenio
802 923 990 983 aliquem
1012 924 1087 983 qui
1111 939 1199 967 non
1218 925 1433 968 amctPEx

39 995 123 1039 hoc
163 1004 307 1039 tamen
330 995 422 1055 ipso
453 996 572 1056 quod
602 1005 743 1051 amat,
765 994 979 1054 intelligat
1007 994 1127 1055 quod
1150 995 1261 1040 dico.
1292 996 1433 1040 Timet

39 1064 248 1109 damnum
278 1086 285 1110 :
310 1082 444 1127 quare
473 1067 597 1110 timet
626 1065 869 1110 damnum?
893 1065 992 1126 quia
1020 1066 1248 1125 pecuniam
1272 1065 1428 1125 diligit.

39 1138 262 1189 Quantum
288 1146 401 1180 amat
428 1137 680 1196 pecuniam,
714 1145 885 1180 tantum
913 1137 1036 1180 timet
1055 1152 1108 1180 ne
1126 1138 1279 1196 perdat
1298 1153 1433 1197 pecu-

39 1207 170 1250 niam.
198 1206 314 1267 Ergo
336 1208 558 1251 invenitur
587 1207 742 1267 aliquis
765 1209 1148 1268 amatorJustitiae,
1169 1209 1246 1268 qui
1266 1209 1363 1268 plus
1385 1209 1431 1254 in

38 1278 169 1321 corde
186 1276 397 1322 damnum
416 1278 708 1337 pertimescat,
731 1278 806 1339 qui
833 1277 927 1337 plus
946 1278 1097 1322 timeat
1119 1278 1325 1338 expoliari
1341 1280 1431 1339 jus-

39 1348 148 1403 titia,
168 1365 299 1409 quam
321 1361 361 1392 [u
391 1350 589 1408 pecunia.
617 1353 712 1409 Ipse
730 1358 793 1393 est
816 1349 945 1393 timor
965 1359 1122 1404 castus,
1144 1350 1234 1409 ipse
1256 1365 1430 1409 perma-

37 1429 112 1463 net
132 1421 175 1464 in
198 1420 406 1465 sacculum
432 1421 576 1465 saeculi
593 1441 600 1465 :
620 1437 707 1464 non
732 1436 830 1464 eum
854 1419 968 1464 tollit
990 1421 1191 1476 charitas,
1212 1437 1292 1466 nec
1316 1421 1430 1468 foras

36 1490 187 1544 mittit,
213 1491 286 1534 sed
304 1491 439 1549 magis
459 1490 781 1549 complectitur,
808 1500 850 1534 et
873 1492 1077 1535 comitem
1096 1501 1216 1536 tenet
1233 1492 1362 1537 simul
1385 1503 1428 1538 et

35 1562 239 1622 possidet.
269 1563 478 1607 Venimus
495 1563 610 1606 enim
635 1561 689 1606 ad
713 1563 971 1617 Dominum,
998 1572 1047 1607 ut
1068 1563 1290 1608 videamus
1318 1563 1427 1610 facie

35 1633 91 1677 ad
129 1630 282 1676 faciem
307 1652 315 1676 τ
341 1633 403 1678 ibi
438 1633 569 1677 timor
589 1643 730 1677 castus
764 1649 842 1677 nos
864 1644 1005 1677 servat
1026 1653 1034 1677 ε
1062 1634 1192 1678 timor
1215 1636 1330 1679 enim
1353 1635 1427 1680 ille

34 1720 123 1748 non
146 1704 400 1764 perturbat,
436 1705 511 1748 sed
534 1706 777 1749 confirmat.
808 1706 946 1749 Timet
975 1705 1130 1749 mulier
1152 1705 1348 1752 adultera
1370 1724 1426 1753 ne

32 1775 98 1820 vir
115 1777 205 1835 ejus
227 1776 394 1830 veniat,
419 1777 542 1820 timet
561 1785 603 1819 et
623 1785 735 1819 casta
757 1792 810 1819 ne
828 1776 892 1820 vir
909 1777 999 1836 ejus
1022 1776 1243 1822 abscedat.

91 1848 216 1889 VIII.
243 1848 359 1904 Ergo
397 1847 509 1890 sicut
540 1846 780 1890 secundum
805 1846 931 1890 aliam
967 1847 1280 1903 tentationem,
1312 1851 1425 1894 Deus

34 1917 251 1960 neminem
277 1926 416 1960 tentat
433 1938 444 1974 3
464 1917 706 1961 secundum
729 1916 856 1960 aliam
879 1933 1002 1972 vero,
1028 1927 1168 1963 tentat
1189 1935 1264 1964 vos
1282 1921 1426 1964 Domi-

33 2002 114 2031 nus
137 1990 250 2031 Deus
272 1997 436 2032 vester:
459 1996 501 2031 et
518 1988 760 2032 secundum
781 1987 913 2031 alium
937 1988 1155 2046 timorem,
1180 1990 1310 2034 timor
1332 2006 1424 2035 non

33 2066 95 2101 est
119 2058 164 2102 in
189 2058 421 2112 charitate,
452 2057 526 2102 sed
558 2058 751 2118 perfecta
775 2059 960 2103 charitas
983 2058 1098 2104 foras
1138 2060 1271 2105 mittit
1293 2061 1424 2107 timo-

34 2142 122 2170 rem
144 2148 154 2183 ,
172 2127 413 2172 secundum
431 2143 534 2172 vcro
550 2127 682 2172 alium
706 2129 923 2185 timorem,
941 2130 1071 2174 timor
1089 2132 1262 2176 Domini
1282 2144 1424 2178 castus

34 2207 259 2257 permanet
292 2198 337 2241 in
359 2198 568 2242 saeculum
593 2199 739 2244 saeculi
763 2219 771 2245 z
796 2200 855 2245 sic
879 2210 921 2244 et
956 2201 1039 2245 hoc
1060 2201 1158 2247 loco
1181 2202 1424 2250 secundum

34 2268 217 2313 alterum
236 2268 453 2329 judicium
470 2273 595 2313 Pater
610 2286 698 2315 non
711 2272 880 2331 judicat
898 2288 1180 2334 quemquam,
1202 2275 1276 2319 sed
1294 2291 1424 2321 omne

29 2339 247 2400 judicium
269 2339 389 2385 dedit
423 2341 562 2398 Filio,
586 2342 825 2386 secundum
846 2359 949 2388 vero
972 2343 1157 2390 alterum
1171 2346 1388 2407 judicium
1408 2382 1421 2403 ,

39 2430 59 2453 «
92 2413 212 2469 Ego,
233 2411 377 2471 inquit
395 2448 406 2469 ,
431 2428 520 2458 non
543 2428 692 2474 quaero
716 2412 898 2475 gloriam
920 2431 1061 2461 meam
1082 2452 1094 2476 ,
1121 2427 1184 2463 est
1206 2419 1283 2480 qui
1300 2434 1424 2479 quae-

37 2500 58 2524 n
93 2491 160 2527 rat
177 2491 219 2526 et
231 2481 414 2543 judicet.

91 2554 259 2613 1X.¹„Et
283 2552 339 2600 de
369 2554 464 2615 ipso
492 2555 630 2601 verbo
663 2557 846 2617 quaestio
873 2557 953 2605 ista
974 2557 1182 2605 solvatur.
1207 2560 1353 2607 Habes
1375 2562 1423 2610 in
