1825 3214
310 241 352 267 izv
388 238 558 266 ,mimus
591 236 901 276 eunomium,
936 238 1082 266 τικΛςτ.
1121 241 1216 267 vm.
1401 230 1454 267 37

75 306 118 350 in
143 304 306 366 plateis.
324 307 430 350 Nam
454 305 529 365 qui
555 303 738 348 tendunt
760 304 814 348 ad
836 305 1066 364 capiendas
1090 305 1215 361 ieras,
1236 306 1303 350 vel
1327 306 1369 350 in
1387 307 1463 351 sil-

72 376 134 420 vis
162 385 291 436 atque
324 376 368 420 in
405 374 637 419 solitudine
672 374 716 418 id
744 385 879 433 agunt
902 395 910 419 ;
936 389 1067 435 quam
1104 374 1332 420 infeliciter
1360 378 1459 422 vani

72 455 174 491 sunt
200 446 396 490 homines
415 482 426 502 ‚
451 446 611 506 quibus
632 444 853 505 capiendis
884 445 926 488 in
957 443 1051 489 soro
1074 443 1292 488 tenditur!
1320 450 1459 491 Num-

72 532 164 562 mos
187 518 420 576 accipiunt‚
438 532 536 561 cuni
560 531 601 559 se
624 516 819 559 homines
838 515 1088 559 homiuibus
1112 514 1311 560 vendunt
1329 517 1461 563 :dant

71 589 140 633 isti
163 604 364 633 nummos
380 624 390 643 ‚
418 597 466 632 ut
487 604 530 631 sc
552 587 816 632 vanitatibus
839 586 1046 643 vendant.
1077 589 1247 631 intrant
1268 588 1382 630 enim
1407 590 1460 633 ad

71 660 424 704 mathematicum
443 694 453 713 ‚
478 667 527 703 ut
549 666 696 702 emant
712 656 792 701 sibi
814 656 1038 711 dominos,
1059 656 1206 716 quales
1228 659 1464 703 mathema-

73 730 158 774 tico
181 730 283 774 dare.
305 729 513 790 placuerit
533 765 542 784 ‚
563 729 632 773 vel
657 730 895 773 Saturnum
914 763 925 783 ,
959 727 1028 771 vel
1051 730 1199 771 Jovem
1219 763 1229 783 ‚
1255 729 1322 772 vel
1346 733 1463 773 Mer-

71 800 258 854 curium,
277 800 346 844 vel
368 801 401 844 si
422 800 529 860 quid
553 797 673 843 aliud
695 798 888 857 sacrilegi
908 798 1106 842 nominis.
1129 799 1313 843 Intravit
1335 799 1460 857 liber,

71 880 120 914 ut
143 871 330 914 nummis
360 869 469 913 datis
492 885 638 913 servus
661 870 808 912 exiret.
854 871 1053 914 Imovero
1081 884 1171 913 non
1196 869 1402 925 intraret,
1429 872 1463 915 si

70 937 181 984 liber
199 949 306 984 essct
321 959 328 984 :
344 939 418 984 sed
434 940 608 983 intravit
624 955 712 1000 quo
735 954 834 983 eum
858 939 1060 983 dominus
1083 954 1203 984 error
1224 949 1266 984 et
1284 939 1460 985 domina

70 1011 283 1072 cupiditas
310 1012 453 1055 traxit.
482 1009 606 1055 Unde
630 1019 673 1054 et
696 1011 852 1054 veritas
873 1009 978 1055 dicit
1003 1031 1012 1055 :
1037 1030 1058 1054 «
1084 1012 1236 1055 Omnis
1257 1013 1335 1072 qui
1360 1012 1463 1057 facit

73 1101 94 1124 »
128 1092 384 1143 peccatum,
411 1098 559 1127 servus
577 1091 641 1126 est
662 1082 872 1141 peccati¹.
902 1101 921 1123 »

129 1157 271 1208 Quare
290 1169 393 1213 ergo
415 1154 521 1198 dixit
549 1172 557 1197 :
593 1172 612 1195 «
634 1151 842 1198 Nondum
864 1153 984 1197 venit
1003 1153 1109 1198 hora
1132 1168 1227 1198 mea
1245 1155 1263 1197 Ρ
1282 1172 1302 1195 »
1324 1155 1462 1214 Magis

70 1226 171 1286 quia
188 1225 233 1268 in
249 1234 460 1285 potestate
478 1224 669 1268 habebat
690 1223 868 1284 quando
886 1234 1128 1269 moreretur
1144 1261 1154 1279 ,
1182 1226 1378 1270 nondum
1403 1227 1464 1270 vi-

71 1295 203 1340 debat
225 1311 314 1340 esse
334 1305 632 1355 opportunum
651 1330 662 1350 ,
688 1304 737 1339 ut
765 1295 837 1339 illa
861 1304 1076 1354 potestate
1098 1305 1311 1340 uteretur.
1338 1300 1463 1350 Quo-

74 1367 205 1412 modo
223 1383 299 1413 nos
315 1404 325 1423 ‚
352 1367 517 1421 fratres,
542 1367 664 1411 verbi
687 1367 820 1426 gratia
840 1402 850 1422 ,
876 1368 935 1411 sic
957 1367 1205 1428 loquimur:
1225 1371 1321 1412 Jam
1347 1379 1462 1413 certa

71 1439 175 1483 hora
200 1448 259 1483 est
277 1475 286 1493 ,
309 1455 393 1499 qua
418 1454 617 1482 exeamus
643 1447 689 1482 ut
706 1438 976 1483 celebremus
999 1449 1283 1483 sacramenta.
1301 1441 1341 1483 Si
1364 1451 1465 1485 aute

71 1525 271 1554 exeamus
293 1526 424 1570 quam
449 1525 558 1569 opus
580 1519 658 1564 est,
677 1525 824 1554 nonne
842 1511 1030 1570 perversi
1054 1520 1097 1555 et
1119 1512 1369 1570 praeposteri
1387 1528 1462 1555 su-

70 1596 166 1624 mus
181 1584 198 1624 Ξ)
220 1581 328 1633 Quia
356 1596 456 1639 ergo
491 1596 576 1624 nou
610 1579 791 1625 facimus
809 1616 820 1636 ,
857 1582 938 1625 nisi
961 1581 1139 1641 quando
1164 1592 1463 1641 opportunum

71 1660 134 1695 est
151 1686 162 1707 ,
188 1661 415 1711 propterea
444 1653 490 1695 in
516 1652 581 1695 his
604 1652 780 1711 agendis
799 1687 810 1706 ‚
836 1668 935 1696 cum
960 1652 1019 1696 ita
1049 1651 1294 1713 loquimur,
1326 1653 1462 1697 satum

70 1721 550 1774 consideramuSPQuid
568 1731 630 1765 est
649 1736 765 1780 ergo,
786 1721 1023 1767 «Nondum
1041 1723 1161 1766 venit
1178 1723 1283 1766 liora
1303 1725 1459 1767 meaP»

70 1790 249 1852 quando
271 1807 352 1851 ego
374 1791 462 1835 scio
480 1800 776 1851 opportunum
798 1807 869 1836 me
887 1793 993 1852 pati,
1011 1791 1189 1853 quando
1211 1794 1350 1853 passio
1368 1809 1464 1838 mea

70 1861 188 1907 utilis
211 1863 322 1918 erit,
347 1861 544 1907 nondum
576 1863 695 1907 venit
718 1864 807 1923 ipsa
836 1864 943 1908 hora
971 1883 979 1909 z
1012 1873 1117 1909 tunc
1138 1864 1364 1910 voluntate
1386 1881 1464 1926 pa-

69 1935 165 1989 tiar,
191 1943 241 1978 ut
257 1942 495 1994 utrumque
517 1947 673 1988 serves,
700 1943 759 1988 et,
782 1953 801 1975 «
823 1934 1028 1979 Nondum
1047 1935 1167 1980 venit
1188 1936 1294 1980 hora
1310 1951 1422 1992 mea,
1438 1956 1458 1978 »

70 2012 129 2058 et,
152 2023 172 2045 «
191 2006 452 2048 Potestatem
470 2003 613 2048 habeo
633 2003 825 2063 ponendi
849 2005 1036 2049 animam
1058 2021 1217 2061 meam,
1237 2015 1281 2050 et
1303 2006 1462 2050 iterum

73 2093 94 2116 »
121 2074 319 2119 sumendi
335 2089 443 2118 eam.
460 2093 480 2115 »
498 2076 687 2118 Venerat
701 2088 802 2132 ergo
820 2074 984 2119 habens
999 2075 1044 2119 in
1059 2085 1272 2136 potestate
1285 2078 1463 2137 quando

70 2142 328 2189 moreretur.
363 2148 420 2188 At
443 2144 477 2189 si
505 2153 605 2188 ante
627 2153 870 2189 moreretur
891 2161 1024 2205 quam
1048 2146 1282 2206 discipulos
1305 2147 1461 2206 elegis-

70 2224 162 2272 set,
187 2225 304 2260 certe
331 2224 644 2275 praeposterum
668 2224 778 2260 esset
802 2234 810 2260 :
837 2216 871 2260 si
892 2225 1003 2260 esset
1023 2217 1157 2262 homo
1177 2218 1254 2279 qui
1274 2234 1362 2263 non
1383 2218 1462 2263 ha-

70 2287 193 2330 beret
215 2286 259 2329 in
282 2294 492 2345 potestate
514 2286 666 2330 horam
696 2301 843 2341 suam,
883 2296 1027 2346 posset
1061 2297 1161 2332 ante
1185 2290 1295 2333 mori
1327 2304 1460 2349 quam

71 2356 312 2416 Discipulos
335 2355 529 2415 elegisset
548 2376 556 2401 :
578 2366 620 2400 et
642 2356 675 2400 si
698 2355 810 2401 forte
827 2368 1069 2404 moreretur
1086 2360 1177 2420 jam
1203 2359 1348 2403 electis
1366 2375 1461 2403 eru-

71 2427 258 2488 ditisque
288 2428 514 2487 Diseipulis
532 2463 542 2483 ‚
566 2437 846 2488 prrostaretur
869 2430 907 2473 ei
926 2465 936 2485 ,
958 2445 1046 2474 non
1067 2431 1158 2490 ipse
1179 2431 1262 2475 hoc
1280 2429 1454 2474 faceret.

71 2501 128 2543 At
143 2514 245 2543 vero
263 2499 338 2558 qui
354 2508 531 2544 venerat
552 2499 597 2543 in
615 2515 749 2544 manu
766 2500 932 2546 habens
953 2502 1132 2560 quando
1157 2502 1263 2555 iret,
1281 2501 1458 2561 quando

120 2589 128 2603 ¹
151 2584 241 2613 Joan.
265 2592 334 2622 vnn,
359 2581 411 2623 34.
