1809 3173
368 218 450 256 504
801 231 833 255 s.
870 228 1096 256 AUGUSTINI
1130 227 1308 256 EPISCOPI

368 297 413 337 in
435 295 613 338 veritate
635 293 931 352 gloriabantur
946 329 956 347 ,
990 304 1032 337 et
1056 295 1206 352 utique
1229 309 1314 336 non
1333 293 1567 335 audiebant
1589 308 1734 336 vocem

365 363 566 423 pastoris,
585 374 627 407 et
649 363 836 407 alienum
857 363 954 406 ideo
972 363 1286 421 sequebantur,
1317 377 1415 405 oves
1429 371 1552 405 erant
1573 378 1627 405 an
1650 378 1738 406 non

365 435 522 477 erant?
547 434 588 478 Si
606 449 705 477 oves
727 442 869 486 erant,
890 432 1111 491 quomodo
1130 430 1290 474 alienos
1302 446 1400 474 oves
1417 446 1504 474 non
1528 431 1738 475 audiunt?

366 503 407 547 Si
425 518 523 546 oves
542 519 630 547 non
648 512 769 546 erant
786 538 797 557 ,
823 517 956 561 quare
977 502 1262 560 objurgantur
1283 500 1343 544 illi
1367 502 1525 559 quibus
1548 500 1707 544 dicitur
1724 536 1735 555 ,

363 575 588 616 Errantem
623 588 745 616 ovem
770 587 857 615 non
887 572 1141 615 revocastis?
1166 575 1214 614 In
1237 571 1336 629 ipsis
1354 571 1489 613 'etiam
1505 572 1594 630 jam
1618 571 1738 615 factis

362 643 580 686 catholicis
597 642 865 695 Christianis,
883 642 1009 685 bonae
1026 643 1116 700 spei
1134 641 1334 685 fidelibus
1348 676 1359 695 ,
1380 641 1613 700 aliquando
1631 642 1739 685 mala

361 713 622 770 contingunt
639 732 649 768 3
669 712 937 755 seducuntur
957 712 1003 754 in
1025 727 1256 765 errrorem,
1283 721 1325 754 et
1344 721 1440 770 post
1461 727 1647 754 errorem
1670 727 1737 754 re-

361 790 569 825 vocantur
588 800 597 824 :
623 780 799 839 quando
822 781 987 824 seducti
1011 791 1112 824 sunt
1133 782 1176 824 in
1190 796 1376 824 errorem
1394 815 1403 833 ,
1430 789 1471 823 et
1491 781 1737 839 rebaptizati

360 860 482 903 sunt,
515 859 589 893 aut
611 860 707 908 post
727 849 847 893 ovilis
868 850 1081 893 Dominici
1104 851 1351 894 societatem
1384 866 1528 892 rursus
1550 850 1593 892 in
1618 865 1737 892 erro-

360 934 449 962 rem
482 920 711 978 pristinum
746 919 929 963 revoluti
959 930 1081 974 sunt,
1108 935 1205 963 oves
1232 929 1354 962 erant
1385 935 1437 962 an
1471 934 1559 962 non
1587 922 1738 963 crant?

362 990 519 1048 Utique
541 990 741 1034 catholici
777 1000 912 1034 erant.
952 991 994 1034 Si
1025 989 1245 1043 catholici,
1272 990 1419 1033 fideles
1454 1000 1597 1042 erant,
1638 1006 1737 1032 oves

359 1069 496 1102 erant.
521 1060 564 1104 Si
587 1075 686 1103 oves
709 1069 854 1113 erant,
887 1059 1110 1118 quomodo
1141 1050 1291 1103 vocem
1319 1059 1445 1102 alieni
1482 1059 1630 1101 audire
1661 1075 1737 1117 po-

361 1138 555 1182 tuerunt,
579 1145 677 1173 cum
701 1131 907 1174 Dominus
923 1130 1037 1173 dicat
1053 1165 1063 1183 ,
1085 1148 1103 1170 «
1122 1145 1207 1173 non
1226 1129 1457 1172 audierunt
1480 1144 1550 1172 eos
1569 1130 1696 1173 oves?
1716 1148 1732 1169 »

404 1200 718 1254 X11.Audistis,
734 1200 902 1254 fratres,
921 1199 1193 1243 altitudinem
1207 1199 1471 1258 quaestionis.
1491 1199 1593 1241 Dico
1609 1214 1732 1255 ergo:

364 1287 384 1309 «
414 1269 545 1312 Novit
568 1270 775 1312 Dominus
797 1268 872 1327 qui
890 1278 991 1312 sunt
1007 1269 1122 1327 ejus1
1152 1287 1162 1312 :
1188 1287 1206 1308 η
1235 1268 1364 1311 Novit
1385 1268 1602 1326 praescitos
1620 1303 1629 1320 ,
1658 1284 1736 1311 no-

360 1339 422 1381 vit
440 1337 764 1395 praedestinatos
791 1358 798 1381 :
820 1338 873 1382 de
902 1338 976 1381 illo
1000 1339 1162 1396 quippe
1184 1337 1343 1381 dicitur
1362 1372 1373 1391 ,
1408 1357 1430 1379 ‹<
1454 1341 1570 1390 Quos
1591 1350 1735 1381 autem

293 1404 299 1409 ‘
360 1425 380 1447 »
416 1407 652 1465 praescivit,
694 1417 737 1450 et
772 1407 1094 1465 praedestinavit
1131 1406 1374 1450 conformes
1408 1408 1500 1449 fieri
1541 1408 1736 1464 imaginis

366 1498 383 1517 »
421 1477 519 1521 Filii
547 1478 640 1532 sui,
660 1486 710 1521 ut
729 1478 781 1521 sit
804 1478 894 1536 ipse
928 1479 1240 1536 primogenitus
1277 1478 1321 1520 in
1343 1477 1488 1520 multis
1517 1478 1732 1522 tratribus.

359 1566 379 1588 »
415 1550 532 1599 Quos
569 1557 713 1590 autem
736 1546 1082 1606 praedestinavit,
1108 1547 1220 1606 ipsos
1250 1557 1293 1590 et
1322 1547 1521 1604 vocavit,
1554 1557 1596 1590 et
1628 1564 1736 1606 quos

360 1636 379 1658 π
414 1619 609 1670 vocavit,
640 1618 753 1676 ipsos
773 1626 816 1660 et
845 1618 1124 1676 justificavit,
1149 1633 1256 1676 quos
1293 1619 1730 1677 autemjustificavit,

360 1706 379 1727 »
415 1688 526 1745 ipsos
546 1698 588 1730 et
611 1687 909 1745 glorifieavit2.
930 1704 949 1726 >³
979 1687 1021 1730 Si
1044 1689 1157 1730 Deus
1181 1702 1257 1745 pro
1285 1687 1430 1741 nobis,
1456 1688 1550 1746 quis
1584 1698 1732 1731 contra

354 1759 463 1801 nos?
484 1757 608 1801 Adde
632 1757 798 1811 adhuc,
832 1757 916 1809 Qui
939 1757 1113 1815 proprio
1142 1757 1253 1800 Filio
1289 1772 1366 1800 suo
1391 1773 1476 1800 non
1512 1759 1728 1816 pepercit,

354 1827 428 1871 sed
464 1842 543 1885 pro
577 1827 701 1869 nobis
729 1827 931 1869 omnibus
952 1825 1128 1869 tradidit
1160 1841 1281 1879 eum,
1317 1827 1539 1884 quomodo
1573 1843 1660 1871 non
1689 1837 1732 1875 et

354 1911 454 1941 cum
477 1896 552 1939 illo
574 1896 716 1939 omnia
749 1895 871 1938 nobis
893 1895 1099 1938 donavit?
1124 1894 1206 1938 Sed
1237 1896 1395 1953 quibus
1418 1896 1571 1939 nobis?
1594 1900 1730 1940 Praes-

351 1967 467 2019 citis,
501 1965 835 2024 praedestinatis,
864 1964 1126 2022 justificatis,
1165 1963 1412 2020 glorificatis
1446 1984 1454 2008 z
1493 1966 1547 2007 dc
1570 1967 1728 2024 quibus

352 2035 560 2094 sequitur.
588 2034 692 2086 Quis
715 2033 932 2077 accusabit
953 2033 1155 2076 adversus
1175 2033 1332 2078 electos
1357 2036 1460 2077 Dei?
1478 2035 1605 2078 Novit
1627 2052 1728 2093 ergo

354 2105 582 2158 Dominus,
621 2104 697 2163 qui
719 2112 819 2146 sunt
849 2102 959 2161 ejus,
989 2103 1093 2160 ipsae
1125 2112 1226 2146 sunt.
1255 2118 1370 2146 oves.
1402 2103 1647 2162 Aliquando
1684 2121 1728 2148 se

351 2177 453 2234 ipsae
469 2175 685 2228 nesciunt,
707 2174 778 2217 sed
803 2182 948 2230 pastor
965 2173 1087 2215 novit
1105 2188 1173 2216 eas
1188 2207 1198 2226 ,
1219 2173 1458 2216 secundum
1476 2174 1597 2217 istam
1615 2191 1727 2232 prae-

351 2245 701 2296 destinationem,
719 2243 958 2295 secundum
975 2242 1098 2285 istam
1121 2244 1193 2285 Dei
1209 2243 1520 2301 praescientiam
1534 2278 1544 2296 ,
1570 2252 1726 2288 secun-

346 2315 452 2357 dum
470 2313 725 2357 electionem
744 2312 888 2356 ovium
904 2347 913 2365 ,
932 2321 1031 2354 ante
1053 2312 1407 2356 constitutionem
1428 2314 1579 2373 mundi
1598 2334 1605 2358 :
1623 2330 1721 2358 nam

349 2394 392 2428 et
422 2386 505 2428 hoc
538 2383 642 2427 dicit
675 2381 905 2441 Apostolus
932 2402 939 2425 :
970 2401 987 2422 «
1012 2382 1131 2426 Sicut
1163 2382 1292 2440 elegit
1313 2399 1389 2426 nos
1426 2383 1469 2426 in
1496 2384 1587 2442 ipso
1621 2394 1720 2428 ante

349 2472 369 2496 »
404 2453 759 2498 constitutionem
782 2453 934 2496 mundi
953 2454 982 2495 3.
1011 2471 1029 2492 »
1053 2452 1300 2496 Secundum
1318 2454 1440 2497 istam
1463 2469 1564 2512 ergo
1591 2470 1720 2513 praes-

397 2545 404 2559 ¹
428 2548 447 2569 2
469 2539 547 2570 Tim.
574 2550 608 2578 ii,
637 2549 685 2579 ¹9·
704 2555 744 2559 ———
765 2544 776 2558 ²
797 2541 885 2570 Rom.
905 2546 1044 2578 V111,29,
1066 2541 1130 2569 otc.
1149 2555 1187 2559 ——
1210 2536 1220 2559 3
1240 2537 1350 2579 Ephes,
1374 2550 1395 2577 i,
1424 2538 1455 2578 4
