1825 3214
269 220 313 248 ω
344 215 518 247 somme
550 212 833 243 BVARGELUJM
852 229 864 250 ‚
898 210 1044 240 τιιΑεΤ.
1080 212 1172 239 xix.
1330 198 1413 238 199

34 289 159 332 Pater
186 285 272 329 vita
306 292 370 327 est
396 296 485 326 non
514 277 732 324 nascendo
759 296 768 322 ε
796 276 929 321 Filius
962 276 1049 319 vita
1080 284 1142 318 cst
1178 273 1413 318 nascendo.

34 359 159 402 Pater
180 352 234 398 de
255 351 379 397 nullo
398 360 534 410 patre,
558 348 692 393 Filius
710 347 764 391 de
784 349 872 390 Deo
889 348 1030 389 Patre.
1055 347 1179 387 Pater
1196 343 1314 402 quod
1335 352 1414 398 est,

33 441 58 471 a
79 423 202 470 nullo
235 432 299 467 est
326 442 334 467 z
359 420 479 481 quod
503 428 649 463 autem
688 421 813 462 l’ater
835 424 913 470 est,
948 423 1124 474 propter
1154 413 1312 456 Filium
1336 423 1416 457 est.

37 515 58 539 »
93 494 229 541 Filius
245 508 348 538 voro
373 502 417 536 et
443 492 564 551 quod
588 489 723 534 Filius
744 497 829 542 est,
855 495 1032 546 propter
1067 488 1238 528 Patrem
1268 494 1352 541 ων,
1377 494 1420 527 et

34 566 154 628 quod
170 575 250 620 est,
271 580 294 609 a
310 568 434 608 Patre
457 572 533 606 est.
559 564 649 606 Hoc
672 575 774 618 ergo
792 558 914 613 dixit,
935 576 952 596 α
976 556 1120 600 Vitam
1144 553 1268 598 dedit
1293 554 1418 608 Filio,

37 657 59 681 v>
93 647 143 682 ut
171 637 351 681 haberet
375 649 468 678 eam
494 635 536 677 in
559 631 787 690 semetipso
813 648 822 674 ε
849 639 1055 688 tanquam
1087 625 1271 679 diceret,
1298 628 1424 668 Pater

34 710 110 771 qui
131 718 196 754 est
213 708 298 752 vita
321 707 367 750 in
399 705 643 764 semetipso,
668 701 820 762 genuit
842 699 1002 744 Filium
1021 698 1098 759 qui
1126 705 1235 741 esset
1261 696 1348 740 vita
1378 697 1422 739 in

35 780 281 838 semetipso.
303 781 387 822 Pro
416 791 468 821 eo
497 776 611 819 enim
633 772 755 834 quod
783 781 846 816 est
868 771 1034 830 genuit,
1067 768 1207 813 voluit
1242 766 1424 824 intelligi

39 869 62 893 «
85 848 222 894 dedit.
261 867 280 889 »
323 850 548 906 Tanquam
583 845 617 889 si
654 843 859 903 cuiquam
897 841 1155 893 diceremus,
1183 837 1312 882 Dedit
1347 837 1426 881 tibi

35 924 151 967 Deus
192 933 298 964 esse.
334 917 416 962 Cui
439 915 590 960 dedit?
614 916 657 960 Si
678 914 806 959 alicui
823 914 914 973 jam
946 910 1143 956 existenti
1166 907 1287 953 dedit
1316 923 1422 963 esse,

36 1006 126 1036 non
152 990 191 1034 ei
222 987 346 1033 dedit
378 1001 494 1032 osse:
522 986 622 1046 quia
658 993 765 1038 erat,
805 992 1041 1042 antequam
1063 980 1102 1024 ei
1131 978 1324 1033 daretur,
1349 979 1423 1038 qui

34 1069 176 1122 posset
195 1059 402 1117 accipere.
423 1058 536 1102 Cum
558 1069 660 1113 ergo
681 1053 819 1107 audis,
844 1051 972 1096 Dedit
992 1050 1071 1095 tibi
1094 1065 1200 1104 esse,
1226 1063 1315 1092 non
1333 1063 1425 1092 eras

35 1132 112 1192 qui
136 1130 365 1189 acciperes,
380 1136 424 1172 et
443 1125 666 1170 existendo
690 1122 892 1182 accepisti
910 1130 960 1165 ut
981 1135 1108 1164 esses,
1134 1118 1263 1164 Dedit
1280 1127 1423 1162 strue-

37 1211 106 1247 tor
129 1199 280 1246 domui
307 1199 411 1243 huic
430 1207 480 1242 ut
506 1205 628 1240 esset.
671 1194 755 1240 Sed
786 1191 894 1254 quid
928 1191 968 1235 ei
1002 1190 1154 1235 dedit?
1187 1198 1237 1233 ut
1269 1188 1425 1233 domus

38 1281 161 1318 esset.
194 1271 277 1317 Cui
301 1269 456 1314 dedit?
479 1268 582 1312 huic
608 1265 775 1311 domui.
802 1261 920 1317 Quid
942 1264 981 1306 ei
1014 1261 1166 1306 dedit?
1196 1269 1248 1304 ut·
1270 1260 1427 1304 domus

37 1353 162 1390 esset.
183 1340 415 1396 Quomodo
432 1339 575 1400 potuit
607 1338 713 1382 dare
735 1335 887 1381 domui
910 1343 960 1379 ut
980 1333 1137 1378 domus
1159 1332 1298 1376 esset?
1318 1333 1426 1376 Ete-

36 1415 128 1460 nim
151 1415 184 1459 si
206 1413 361 1458 domus
394 1419 485 1456 erat
516 1429 526 1455 ε
561 1409 632 1454 cui
658 1408 798 1462 daret,
822 1416 874 1451 ut
906 1405 1063 1450 domus
1092 1412 1215 1458 esset,
1248 1400 1426 1463 quando

32 1487 119 1548 jam
149 1483 304 1529 domus
322 1483 438 1526 erat?
460 1479 575 1534 Quid
592 1488 656 1523 est
677 1493 798 1537 ergo,
823 1476 954 1521 Dedit
975 1475 1013 1519 ei
1036 1484 1086 1519 ut
1106 1473 1263 1519 domus
1286 1473 1425 1516 esset?

37 1556 141 1602 fecit
161 1564 212 1600 ut
238 1553 395 1599 domus
416 1560 540 1596 esset.
567 1549 686 1604 Quid
716 1564 820 1608 ergo
846 1547 959 1592 Filio
990 1545 1142 1590 dedit?
1164 1544 1286 1588 dedit
1316 1543 1354 1587 ei
1377 1551 1428 1586 ut

38 1627 174 1673 Filius
195 1635 320 1680 esset,
346 1624 495 1683 genuit
516 1632 566 1667 ut
587 1621 674 1666 vita
704 1629 814 1664 esset
838 1638 847 1664 :
872 1619 956 1662 hoc
976 1626 1056 1672 est,
1085 1634 1105 1658 «
1130 1615 1259 1660 Dedit
1281 1615 1319 1658 ei
1343 1614 1425 1658 ha-

40 1716 62 1740 »
97 1698 199 1743 bere
219 1698 354 1741 vitam
375 1696 420 1739 in
442 1694 687 1752 semetipso,
715 1709 735 1733 »
760 1700 809 1734 ut
825 1698 935 1734 esset
955 1688 1044 1734 vita
1061 1702 1150 1731 non
1170 1700 1299 1744 egens
1315 1685 1420 1739 vita,

38 1784 94 1815 ne
113 1765 413 1829 participando
435 1764 703 1823 intelligatur
723 1762 886 1807 habere
905 1761 1055 1805 vitam.
1086 1759 1128 1804 Si
1156 1758 1270 1802 enim
1293 1757 1426 1815 parti·

38 1840 224 1900 cipando
247 1839 427 1883 haberet
442 1836 592 1890 vitam,
607 1842 751 1894 posset
767 1842 811 1877 et
827 1831 1068 1877 amittendo
1091 1845 1183 1874 esse
1201 1828 1291 1873 sine
1310 1827 1395 1872 vita
1411 1842 1420 1866 t
1448 1848 1451 1851 v

37 1911 122 1955 hoc
143 1910 188 1954 in
211 1907 321 1953 Filio
338 1922 392 1950 ne
415 1905 611 1965 accipiaS‚
632 1919 686 1949 ne
701 1903 878 1962 cogites,
896 1917 950 1945 ne
969 1901 1133 1946 credas.
1151 1901 1302 1943 Manet
1322 1912 1426 1956 ergo

39 1984 166 2025 Pater
186 1980 292 2032 vita,
311 1985 459 2021 manet
483 1985 528 2020 et
548 1974 684 2019 Filius
706 1974 794 2018 vita
814 1991 822 2018 :
850 1975 977 2017 Pater
998 1971 1087 2016 vita
1109 1971 1155 2013 in
1179 1968 1424 2027 semetipso,

40 2065 129 2096 non
148 2065 170 2094 a
184 2048 296 2094 Filio
321 2067 330 2092 :
355 2046 490 2092 Filius
510 2047 599 2090 vita
626 2046 672 2089 in
687 2044 932 2103 semetipso,
955 2041 1030 2087 sed
1048 2057 1072 2086 a
1095 2045 1235 2085 Patre.
1251 2042 1289 2084 A
1303 2042 1428 2083 Patre

41 2120 210 2180 genitus
225 2128 276 2163 ut
297 2126 405 2162 esset
426 2116 576 2160 vitain
597 2114 826 2174 semetipso
848 2133 857 2159 :
875 2117 1003 2158 Pater
1022 2126 1124 2155 vero
1146 2125 1234 2155 non
1256 2109 1428 2168 genitus

18 2208 22 2211 “
41 2191 129 2236 vita
150 2190 197 2233 in
229 2188 473 2246 semetipso.
497 2188 586 2231 Nec
607 2185 816 2229 minorem
835 2182 996 2228 Filium
1017 2181 1183 2242 genuit,
1212 2179 1288 2239 qui
1309 2193 1427 2224 cres-

41 2259 182 2306 cendo
203 2260 327 2303 fieret
347 2256 542 2317 aequalis.
567 2257 664 2301 Non
692 2253 808 2298 enim
836 2252 892 2297 ad
912 2252 978 2297 sui
1000 2249 1309 2312 perfectionem
1347 2248 1426 2293 ad-

38 2331 159 2391 jutus
178 2338 241 2374 est
263 2337 475 2386 tempore,
506 2341 584 2386 per
606 2339 736 2385 quem
753 2323 998 2383 perfectum
1031 2330 1172 2366 creata
1192 2329 1293 2364 sunt
1313 2328 1427 2363 tem-

43 2415 165 2461 pora.
193 2403 304 2444 Ante
319 2398 464 2442 omnia
487 2410 683 2455 tempora
701 2394 816 2439 Patri
835 2402 1077 2438 coaeternus
1098 2400 1176 2436 est.
1197 2393 1293 2436 Non
1312 2390 1428 2433 enim

46 2485 242 2531 unquam
259 2473 386 2514 Pater
405 2469 495 2512 sine
521 2465 659 2511 Filio:
684 2468 872 2509 aeternus
898 2474 1044 2508 autem
1067 2467 1193 2507 Pater
1210 2470 1272 2506 est
1295 2480 1303 2505 :
1326 2473 1426 2517 ergo

48 2551 286 2587 coaeternus
306 2550 349 2584 et
371 2539 521 2593 Filius,
548 2536 664 2590 Quid
686 2545 734 2580 tu
759 2535 929 2579 anima?
945 2537 1118 2580 Mortua
1141 2547 1249 2585 eras,
1276 2531 1428 2574 amise-
