1809 3173
356 193 438 234 204
778 204 810 232 s.
847 202 1075 233 Aucus'nm
1108 207 1288 234 Emscom

352 271 536 331 iniquis?
557 273 664 315 Nam
689 272 721 315 si
735 270 949 330 judicium
970 287 1058 315 non
1074 272 1195 315 fieret
1217 273 1296 315 nisi
1318 272 1431 315 inter
1453 271 1564 316 solos
1578 273 1730 332 justos,

353 351 579 401 appareret
601 351 808 402 tanquam
836 343 962 402 justis
990 341 1128 386 forma
1148 343 1222 386 Dei
1243 362 1252 387 :
1274 343 1375 402 quia
1396 358 1500 386 vero
1520 342 1735 402 judicium

354 413 551 457 futurum
584 423 646 457 est
669 415 885 472 justorum
914 423 957 458 et
986 415 1258 473 iniquorum,
1291 430 1371 458 nec
1394 413 1495 458 licet
1523 423 1573 457 ut
1598 414 1736 469 iniqui

353 483 530 527 videant
552 486 717 540 Deum,
742 503 760 525 «
783 484 899 527 Beati
925 484 1038 527 enim
1068 483 1219 526 mundi
1243 484 1395 539 corde,
1426 484 1634 544 quoniam
1657 484 1738 542 ipsi

357 571 378 595 »
416 557 550 597 Deum
569 553 780 597 videbunt
798 555 809 579 ¹
831 573 839 597 :
861 572 879 593 »
901 554 1012 596 Talis
1029 553 1254 612 apparebit
1266 553 1399 613 judex
1417 588 1428 607 ,
1449 553 1586 612 qualis
1604 553 1738 597 videri

355 624 488 684 possit
507 632 550 666 et
573 624 626 666 ab
646 624 703 667 eis
727 639 835 683 quos
858 632 1143 667 coronaturus
1165 632 1252 677 est,
1279 632 1321 666 et
1343 624 1397 666 ab
1420 623 1479 667 eis
1495 639 1603 683 quos
1621 624 1739 667 dam-

355 704 536 738 naturus
560 703 636 737 est.
664 697 820 737 Forma
841 708 941 750 ergo
963 694 1071 736 servi
1093 692 1330 748 videbitur,
1357 693 1527 737 occulta
1545 693 1625 736 erit
1651 692 1740 737 for-

356 781 425 809 ma
459 767 550 809 Dei.
576 764 784 808 Occultus
812 764 892 807 erit
923 764 966 806 in
995 779 1117 807 servo
1143 763 1276 806 Filius
1302 765 1402 818 Dei,
1435 772 1478 806 et
1513 764 1740 822 apparebit

357 836 471 879 filius
495 835 679 879 hominis
698 851 708 877 .·
730 835 832 893 quia
852 853 871 875 «
893 842 1149 892 potestatem
1167 833 1288 877 dedit
1302 835 1339 876 ei
1348 832 1562 892 judicium
1581 833 1737 888 facere,

361 925 381 948 »
417 907 516 966 quia
542 907 654 949 filius
676 906 861 949 hominis
885 915 962 949 est.
986 924 1003 945 υ
1026 908 1080 948 Et
1098 905 1200 964 quia
1220 905 1309 964 ipse
1327 906 1442 949 solus
1460 905 1742 963 apparebitin

359 976 496 1021 forma
515 976 649 1030 servi,
677 979 802 1019 Pater
825 984 968 1019 autem
989 990 1077 1018 non
1096 975 1347 1034 apparebit,
1369 975 1471 1035 quia
1490 990 1579 1018 non
1597 983 1660 1018 est
1681 974 1745 1017 in-

359 1048 491 1092 dutus
515 1046 653 1091 forma
676 1048 784 1091 servi
804 1068 814 1104 3
839 1047 937 1091 ideo
960 1046 1157 1105 superius
1175 1047 1258 1101 ait,
1283 1065 1303 1087 ‹<
1325 1050 1451 1090 Pater
1472 1061 1561 1089 non
1578 1044 1746 1105 judicat

362 1138 382 1161 »
418 1135 701 1178 quemquam,
718 1118 792 1162 sed
815 1118 1171 1178 omnejudieium
1195 1118 1315 1161 dedit
1330 1117 1455 1161 Filio.
1475 1121 1621 1161 »Bene
1643 1132 1746 1175 ergo

362 1191 545 1234 dilatum
569 1199 657 1245 est,
678 1200 725 1234 ut
752 1190 839 1249 ipse
862 1199 971 1233 esset
992 1190 1207 1249 expositor
1228 1190 1303 1249 qui
1326 1189 1583 1248 propositor.
1607 1191 1745 1247 Supe-

363 1262 450 1305 rius
480 1261 595 1305 enim
631 1260 850 1305 oecultum
875 1269 991 1304 erat:
1019 1275 1136 1303 nune
1152 1260 1266 1319 jam,
1299 1269 1348 1303 ut
1371 1259 1578 1313 arbitror,
1604 1259 1746 1302 mani-

363 1331 521 1376 festum
544 1341 629 1386 est,
656 1333 755 1391 quia
778 1350 796 1372 «
818 1331 938 1374 dedit
960 1331 997 1373 ei
1020 1339 1277 1389 potestatem
1299 1339 1342 1373 et
1359 1329 1572 1388 judicium
1586 1328 1744 1384 facere,

367 1422 386 1443 »
423 1403 525 1462 quia
544 1406 669 1446 Pater
692 1418 779 1446 non
796 1401 962 1461 judicat
976 1416 1265 1461 quemquam,
1291 1399 1365 1443 sed
1387 1415 1515 1444 omne
1533 1399 1747 1459 judicium

368 1492 388 1514 »
425 1472 545 1534 dedit
559 1473 669 1516 Filio
689 1492 697 1517 :
717 1492 734 1513 »
757 1473 858 1532 quia
876 1471 1092 1532 judicium
1115 1487 1192 1530 per
1213 1470 1331 1514 illam
1347 1470 1531 1515 formam
1549 1469 1748 1513 futurum
1778 1466 1795 1485 ⁸*

366 1552 455 1596 est,
482 1557 612 1602 quam
635 1558 723 1586 non
751 1542 884 1586 habet
908 1545 1046 1586 Pater.
1069 1544 1125 1585 Et
1149 1541 1278 1601 quale
1294 1540 1543 1600 judicium?
1568 1559 1588 1581 «
1608 1539 1750 1585 Nolite
1808 1587 1809 1592 Ἰ

371 1633 390 1656 »
427 1614 571 1657 mirari
593 1614 698 1670 1106·>
723 1614 823 1673 quia
841 1613 960 1656 venit
981 1612 1086 1656 hora
1107 1631 1116 1656 2
1136 1630 1154 1653 »
1174 1627 1263 1655 non
1281 1626 1329 1655 ea
1352 1626 1450 1671 quae
1470 1626 1588 1654 nuno
1603 1619 1682 1665 est,
1702 1618 1751 1654 ut

369 1694 595 1743 resurgant
616 1685 769 1728 animae
789 1703 796 1728 ε
822 1683 895 1727 sed
921 1698 1020 1743 quae
1043 1682 1190 1726 futura
1213 1691 1302 1737 est,
1328 1690 1379 1726 ut
1400 1689 1628 1740 resurgant
1653 1695 1750 1725 cor-

370 1772 489 1816 pora.

429 1828 571 1869 xvll.
596 1825 848 1884 Expressius
878 1825 961 1868 hoc
989 1822 1129 1878 dieat,
1154 1832 1205 1867 ut
1233 1822 1496 1867 calumniam
1523 1821 1753 1866 haereticus

371 1906 552 1955 negator
578 1894 901 1939 resurrectionis
927 1893 1118 1952 corporis
1141 1908 1230 1937 non
1260 1893 1480 1936 inveniat:
1503 1906 1754 1951 quanquam

366 1969 455 2027 jam
489 1966 732 2010 intellectus
767 1964 993 2009 elucescat.
1037 1966 1148 2008 Cum
1184 1963 1379 2022 superius
1413 1961 1582 2006 dictum
1615 1971 1752 2017 esset,

378 2058 397 2080 «
434 2038 564 2081 Venit
595 2038 727 2094 hora3
757 2055 776 2078 »
804 2035 971 2080 addidit
1000 2054 1019 2076 «
1045 2044 1088 2078 et
1118 2050 1235 2078 nuno
1264 2043 1352 2078 est:
1374 2051 1393 2074 »
1417 2032 1550 2077 modo
1580 2041 1752 2087 autem,

378 2128 398 2149 «
434 2108 562 2151 Venit
576 2109 704 2165 hora3
725 2126 744 2149 »
768 2123 856 2151 non
880 2105 1067 2160 addidit,
1094 2124 1113 2146 «
1134 2114 1176 2148 et
1197 2120 1315 2149 nune
1337 2112 1414 2148 est.
1438 2121 1458 2144 »
1486 2105 1649 2146 Tamen
1668 2118 1756 2146 om-

376 2194 450 2221 nes
481 2194 624 2233 ansas,
650 2193 798 2223 omnes
829 2176 1057 2221 claviculas
1085 2175 1423 2229 calumniarum,
1449 2188 1598 2218 omnes
1619 2172 1757 2217 nodos
1805 2186 1809 2216 ῑ

376 2249 630 2309 laqueorum
657 2258 801 2308 aperta
825 2248 1003 2292 veritate
1023 2247 1278 2306 disrumpat.
1302 2265 1322 2288 «
1339 2244 1480 2291 Nolite
1494 2244 1639 2288 mirari
1654 2244 1757 2302 hoe3

382 2339 400 2361 »
437 2320 535 2380 quia
569 2320 686 2364 venit
720 2321 849 2372 hora,
890 2319 935 2361 in
967 2333 1053 2378 qua
1089 2333 1238 2362 omnes
1275 2317 1347 2376 qui
1384 2317 1428 2360 in
1465 2315 1758 2360 monumentis

383 2409 402 2431 »
439 2399 540 2434 sunt
552 2393 612 2433 2.»
631 2389 746 2442 Quid
764 2388 1032 2432 evidentius?
1050 2387 1155 2449 quid
1175 2388 1435 2447 expressius?
1451 2388 1642 2445 Corpora
1659 2394 1761 2429 sunt
1805 2391 1809 2425 i

381 2461 425 2504 in
459 2459 753 2504 monumentis
780 2478 789 2503 ι
819 2459 974 2502 animae
1009 2475 1098 2504 non
1130 2468 1229 2504 sunt
1263 2458 1309 2502 in
1336 2457 1654 2512 monumentis,
1680 2470 1760 2500 nec
1806 2470 1809 2497 3

431 2552 439 2568 ¹
463 2545 576 2577 Matth.
596 2555 627 2584 v,
642 2544 673 2577 8.
699 2560 740 2567 -
761 2551 773 2567 ²
793 2546 884 2575 Joau.
904 2555 937 2583 v,
955 2544 1008 2576 28.
