1825 3214
284 235 327 261 nv
360 232 532 262 soumis
564 231 875 270 ΕνΑΝοειιυΜ,
910 232 1057 261 TnAcT.
1093 236 1165 261 xv.
1342 223 1422 262 135

48 315 101 344 na
126 314 148 343 a
174 313 328 358 genere
350 299 617 344 Judaeorum.
649 297 886 342 Audiamus
912 314 1012 356 ergo
1035 301 1077 342 in
1102 300 1171 343 illa
1196 315 1292 353 nos,
1318 309 1360 344 et
1383 301 1429 344 in

46 369 119 415 illa
142 385 424 428 agnoscamus
446 385 523 414 nos
538 404 548 424 ‚
569 378 611 413 ct
629 370 672 413 in
695 369 766 412 illa
785 370 941 427 gratias
959 373 1046 414 Deo
1061 385 1238 428 agamus
1255 386 1333 429 pro
1351 387 1430 416 no-

46 441 127 486 bis.
158 440 235 485 llla
258 441 373 484 enim
398 442 533 498 figura
555 450 671 494 erat,
700 455 789 484 non
809 440 963 485 veritas
982 459 990 485 :
1011 441 1114 501 quia
1135 450 1177 484 et
1207 442 1294 500 ipsa
1320 458 1431 501 prse-

46 511 163 556 misit
185 512 366 569 figuram
381 545 392 564 ‚
414 519 456 554 et
474 510 588 555 ,facta
610 519 674 554 est
696 510 866 554 veritas.
893 513 1001 556 Nam
1024 511 1210 556 credidit
1232 513 1275 555 in
1298 528 1397 556 cum
1417 549 1427 568 ,

46 581 122 642 qui
158 582 213 625 de
242 581 314 626 illa
343 583 526 639 figuram
555 581 681 625 nobis
704 581 1019 640 praetendebat.
1063 601 1082 624 «
1118 583 1247 626 Venit
1277 601 1296 623 »
1327 598 1430 642 ergo

50 671 70 696 «
105 652 277 696 haurire
305 667 478 711 aquam.
503 671 521 693 »
550 651 810 711 Simpliciter
830 662 1008 698 venerat
1041 653 1214 697 haurire
1245 669 1425 715 aquam,

45 723 157 768 sicut
173 722 314 768 solent
334 723 402 767 vel
425 723 505 767 viri
529 722 599 767 vel
618 721 811 767 foeminae

104 795 183 837 XI.
213 811 232 834 α
258 794 369 838 Dicit
397 795 435 837 ei
467 797 614 848 Jesus,
650 797 711 838 Da
739 793 846 838 mihi
875 793 1039 838 hibere.
1073 795 1280 854 Discipuli
1314 795 1430 840 enim

45 881 65 905 »
99 865 190 923 ejus
212 863 407 907 abierant
426 864 471 906 in
493 864 711 908 civitatem
726 898 737 919 ,
758 873 808 908 ut
828 864 948 909 cibos
963 874 1171 909 emerent.
1198 865 1309 910 Dicit
1325 881 1428 925 ergo

48 951 69 975 »
103 933 142 976 ei
164 931 320 976 mulier
341 932 413 976 illa
436 933 718 987 Samaritana,
737 933 967 987 Quomodo
982 943 1030 979 tu
1044 938 1067 979 J
1073 934 1222 979 udaeus
1239 950 1340 980 cum
1356 936 1425 990 sis,

48 1020 69 1045 »
103 1002 250 1046 bibere
274 1017 297 1046 a
318 1017 388 1046 me
410 1002 548 1061 poscis
564 1037 574 1056 ‚
600 1019 699 1063 quae
721 1018 816 1047 sum
838 1004 995 1048 mulier
1014 1005 1311 1049 Samaritana?
1332 1008 1427 1051 Non

47 1090 68 1114 υ
102 1073 214 1115 enim
231 1081 471 1116 coutuntur
494 1071 968 1117 JudaeiSamaritanis1.
996 1091 1016 1115 η
1043 1074 1209 1118 Videtis
1220 1073 1428 1133 alienige-

44 1157 119 1187 nas
148 1161 155 1187 :
187 1143 366 1186 omnino
398 1142 582 1186 vasculis
613 1157 765 1186 eorum
793 1142 934 1187 Judaei
968 1158 1058 1188 non
1090 1144 1341 1188 utebantur.
1373 1147 1428 1188 Et

43 1213 146 1273 quia
167 1212 336 1257 ferebat
357 1224 503 1257 secum
531 1212 691 1257 mulier
718 1212 967 1268 vasculum,
992 1212 1111 1257 unde
1132 1229 1290 1274 aquam
1320 1215 1430 1259 hau-

42 1283 172 1338 riret,
197 1298 248 1327 eo
274 1284 427 1328 mirata
450 1292 534 1338 est,
560 1283 661 1343 quia
684 1282 863 1327 Judaeus
891 1283 1067 1343 petebat
1094 1284 1150 1327 ab
1172 1299 1222 1328 ea
1249 1284 1425 1340 bibere,

0 1386 12 1392 -
42 1355 164 1415 quod
191 1370 281 1399 non
311 1355 510 1400 solebant
538 1354 682 1399 facere
712 1353 870 1399 Judaei.
906 1354 985 1399 Ille
1013 1363 1159 1400 autem
1180 1356 1256 1416 qui
1279 1355 1428 1401 bibere

41 1424 265 1485 quaerebat
281 1459 292 1479 ‚
315 1424 449 1469 fidem
470 1424 603 1483 ipsius
624 1422 816 1468 mulieris
839 1424 1026 1469 sitiebat.

99 1496 203 1539 XII.
225 1494 421 1554 Denique
438 1493 540 1538 audi
558 1494 654 1554 quis
668 1502 788 1553 petat
802 1494 968 1539 bibere.
990 1513 1011 1537 «
1028 1494 1268 1554 Respondit
1285 1497 1422 1550 Jesus‚

45 1582 65 1607 »
100 1574 143 1609 et
171 1563 278 1609 dixit
305 1565 372 1619 ei,
401 1565 443 1609 Si
466 1564 594 1608 scires
621 1564 787 1609 donum
810 1565 914 1619 Dei,
939 1574 982 1609 et
1010 1566 1106 1624 quis
1131 1574 1193 1609 est
1215 1566 1291 1625 qui
1319 1565 1424 1610 dicit

43 1651 64 1676 »
98 1634 200 1689 tibi,
225 1637 286 1678 Da
308 1634 413 1678 mihi
436 1634 585 1678 bibere
602 1668 613 1688 ‚
641 1643 688 1677 tu
710 1633 890 1677 forsitan
911 1634 1088 1692 petisses
1116 1635 1172 1678 ab
1198 1649 1251 1679 eo
1278 1644 1321 1679 et
1343 1636 1425 1679 de-

10 1732 14 1735 <
44 1721 66 1745 ι)
99 1703 231 1748 disset
256 1704 332 1747 tibi
361 1719 517 1763 aquam
539 1704 680 1748 vivam
700 1706 732 1747 2.
753 1703 905 1748 »Petit
932 1704 1109 1759 bibere,
1139 1713 1181 1748 et
1208 1706 1424 1763 promittit

40 1775 206 1819 bibere.
237 1778 348 1833 Eget
375 1775 498 1834 quasi
528 1784 804 1833 accepturus,
829 1784 872 1818 et
900 1775 1040 1819 affluit
1061 1784 1270 1835 tanquam
1291 1777 1422 1821 satia-

41 1853 179 1888 turus.
205 1863 225 1886 «
253 1845 294 1889 Si
328 1844 478 1898 scires,
510 1844 675 1903 inquit,
708 1843 876 1888 donum
902 1844 994 1888 Dei.
1016 1862 1035 1885 »
1065 1848 1237 1889 Donum
1262 1846 1336 1889 Dei
1359 1856 1423 1891 est

43 1914 226 1973 Spiritus
248 1923 435 1958 sanctus.
460 1912 545 1958 Sed
561 1912 704 1957 adhuc
721 1913 892 1957 mulieri
911 1923 1021 1958 tecte
1034 1914 1246 1975 loquitur,
1262 1924 1304 1959 et
1319 1931 1420 1975 pau-

39 1983 159 2028 latim
188 1984 322 2028 intrat
348 1985 392 2027 in
420 1999 506 2028 cor.
532 1983 738 2028 Fortassis
753 1985 844 2043 jam
868 1983 1018 2028 ⁴docet.
1053 1985 1169 2037 Quid
1197 1985 1311 2029 enim
1338 1985 1419 2030 ista

39 2054 283 2099 hortatione
310 2054 482 2098 suavius
514 2063 557 2098 et
589 2054 846 2112 benignius?
870 2073 893 2097 «
918 2055 960 2100 Si
978 2055 1105 2099 scires
1127 2055 1293 2099 donum
1316 2056 1417 2112 Dei,

43 2141 63 2166 »ι
97 2133 142 2168 et
168 2126 296 2169 scires
329 2125 425 2185 quis
458 2133 520 2168 est
552 2125 629 2184 qui
664 2123 770 2168 dicit
806 2124 910 2180 tibi,
940 2128 1003 2169 Da
1034 2125 1140 2169 mihi
1173 2125 1343 2181 bibere,
1370 2135 1419 2170 tu

42 2212 62 2236 u
97 2193 278 2239 forsitan
301 2204 490 2254 peteres,
509 2203 553 2238 et
579 2194 702 2239 daret
723 2195 803 2239 tibi
821 2210 978 2255 aquam
996 2196 1138 2239 vivam
1160 2214 1169 2240 :
1195 2213 1214 2237 »
1240 2196 1328 2240 huc
1345 2212 1419 2240 us-

38 2279 124 2324 que
145 2264 384 2324 suspendit.
409 2265 516 2308 Viva
537 2279 648 2324 aqua
675 2264 834 2309 dicitur
855 2265 986 2324 vulgo
1007 2265 1079 2310 illa
1101 2281 1200 2326 quae
1222 2266 1276 2310 de
1297 2266 1419 2312 fonte

40 2336 139 2378 exit.
176 2335 254 2379 Illa
285 2335 401 2379 enim
432 2351 531 2395 quae
563 2335 781 2393 colligitur
807 2336 862 2380 de
889 2336 1035 2396 pluvia
1066 2337 1111 2380 in
1139 2336 1315 2382 lacunas
1344 2347 1420 2382 aut

40 2405 243 2451 cisternas
260 2440 271 2460 ,
296 2421 408 2466 aqua
429 2406 526 2450 viva
547 2421 636 2450 non
662 2406 835 2450 dicitur.
860 2409 916 2451 Et
936 2408 970 2451 si
991 2406 1046 2452 de
1068 2407 1190 2452 fonte
1213 2423 1417 2452 manave-

39 2467 98 2520 rit‘
108 2510 119 2529 ‚
137 2485 179 2519 et
194 2476 237 2520 in
256 2476 351 2520 loco
371 2475 517 2535 aliquo
540 2476 721 2521 collecta
738 2477 928 2535 steterit,
945 2492 1024 2522 nec
1042 2478 1097 2522 ad
1113 2493 1157 2522 se
1174 2477 1284 2522 illud
1300 2476 1416 2521 unde

86 2567 91 2582 ¹
123 2561 565 2601 Joan.1v,7—9.——-²lbi‹l.
591 2572 639 2593 ιο,
