1809 3173
386 175 468 211 290
811 182 844 210 s.
880 182 1105 211 Aueus'nm
1142 183 1320 210 EPtSCOPI

377 258 461 302 est,
493 266 512 289 «
544 247 628 300 Qui
650 246 808 292 biberit
829 247 883 292 de
916 249 996 292 hae
1022 263 1160 308 aqua,
1195 263 1284 292 non
1305 248 1419 292 sitiet
1453 263 1644 308 unquam
1665 250 1706 293 ¹:
1735 267 1755 290 »

377 318 587 363 continuo
602 315 675 360 illa
692 318 934 362 secundum
949 334 1105 378 corpus
1120 319 1349 378 accipiens,
1366 319 1438 362 sed
1458 328 1599 362 tamen
1617 335 1760 363 carere

375 388 616 448 indigentia
633 388 810 443 volens,
840 392 942 433 «Da
978 389 1108 444 mihi,
1141 390 1313 450 inquit,
1352 389 1559 445 Domine,
1595 389 1649 433 de
1682 390 1761 435 hac

380 478 400 501 »
435 475 547 519 aqua
574 477 582 504 ε
608 477 628 501 »
651 461 768 504 sicet
789 460 873 514 isti,
900 478 917 499 «
948 459 1147 515 Domine,
1173 459 1229 504 da
1246 460 1370 505 nobis
1388 476 1546 520 panem
1570 461 1710 516 hunc,
1740 480 1758 502 »
1800 471 1802 473 ·

378 532 547 590 quinos
572 530 750 583 reficiat,
776 544 854 573 nec
873 528 1061 573 deficiat.

433 601 552 644 XIV.
573 619 592 642 «
620 601 731 644 Dixit
748 609 893 643 autem
916 599 974 643 eis
994 602 1135 654 JesuS,
1163 602 1256 658 Ego
1277 614 1373 643 sum
1395 601 1516 659 panis
1532 601 1632 644 vitae
1654 619 1663 646 :
1687 601 1763 660 qui

383 689 402 712 »
437 670 556 714 venit
579 669 634 713 ad
653 685 736 723 me,
751 684 841 714 non
858 669 1043 725 esuriet,
1062 679 1104 713 et
1126 670 1201 729 qui
1220 668 1358 713 credit
1374 669 1418 713 in
1436 685 1520 724 me,
1541 686 1630 714 non
1651 671 1765 714 sitiet

383 759 403 783 »
439 743 676 801 unquam2.
702 740 788 793 Qui
827 740 945 784 venit
985 740 1039 784 ad
1077 755 1169 795 me,
1205 758 1224 781 »
1254 740 1337 785 1100
1367 750 1429 784 031
1460 741 1581 800 quod
1608 742 1698 797 ait,
1722 751 1765 786 et
1796 754 1797 785 1

383 830 402 853 «
436 811 511 871 qui
543 811 681 855 credit
707 810 752 854 in
782 826 853 854 me
880 829 889 855 :
926 829 945 851 »
977 819 1020 855 et
1041 809 1162 871 quod
1189 809 1319 865 dixit,
1354 830 1373 853 «
1407 814 1503 856 Non
1526 812 1711 867 esuriet,
1741 829 1760 853 »
1796 808 1797 828 ¹

378 883 460 926 hoc
494 881 829 940 intelligendum
862 890 946 935 est,
977 901 997 924 «
1022 885 1119 927 Non
1142 882 1256 926 sitiet
1285 897 1494 942 unquam.
1526 901 1545 924 »
1572 885 1765 942 Utroque
1796 897 1797 902 ¹

378 952 492 995 enim
515 951 587 995 illa
604 951 869 1009 significatur
891 961 1053 995 aeterna
1070 952 1254 1007 satietas,
1271 952 1345 995 ubi
1363 951 1482 996 nulla
1499 962 1563 996 est
1583 962 1761 1011 egestaS.

378 1026 539 1067 Panem
576 1020 631 1065 de
662 1021 776 1065 coelo
811 1020 1065 1065 desideratis
1102 1041 1112 1067 ι
1143 1031 1243 1066 ante
1275 1037 1350 1066 vos
1382 1022 1573 1077 habetis,
1606 1032 1649 1066 et
1676 1038 1766 1067 non
1796 1044 1797 1066 1

377 1093 662 1139 manducatis.
694 1112 713 1135 «
741 1093 825 1138 Sed
848 1094 935 1137 dixi
969 1093 1106 1147 vobis,
1133 1094 1237 1154 quia
1258 1103 1301 1137 et
1323 1094 1486 1137 vidistis
1509 1109 1593 1147 me,
1614 1103 1657 1138 et
1674 1110 1765 1138 non
1796 1118 1797 1121 =

380 1183 400 1207 »
435 1164 721 1209 credidistis3.
767 1183 785 1205 »
827 1164 913 1209 Sed
954 1180 1043 1209 11011
1077 1164 1175 1209 ideo
1210 1180 1290 1223 ego
1323 1164 1535 1223 populum
1578 1164 1759 1223 perdidi.

382 1254 402 1278 «
436 1234 660 1294 Numquid
674 1235 789 1278 enim
807 1235 1038 1279 infidelitas
1053 1246 1190 1279 vestra
1206 1234 1336 1278 fidem
1355 1236 1429 1278 Dei
1443 1236 1668 1279 evacuavit
1681 1238 1696 1260 4
1712 1237 1761 1279 P»

378 1306 486 1349 Vide
509 1307 627 1349 enim
650 1306 771 1365 quod
792 1308 988 1365 sequitur
1017 1325 1025 1350 :
1055 1326 1072 1345 «
1099 1308 1240 1349 Omne
1264 1305 1383 1365 quod
1407 1305 1480 1349 dat
1502 1306 1604 1349 mihi
1622 1310 1762 1362 Pater,
1800 1317 1802 1321 '

382 1394 401 1416 »
438 1376 492 1420 ad
512 1392 577 1419 me
600 1377 772 1432 veniet·‚
801 1384 845 1419 et
867 1391 965 1419 eum
988 1377 1064 1436 qui
1087 1377 1251 1420 venerit
1279 1377 1333 1420 ad
1363 1392 1431 1420 me
1449 1412 1459 1431 ,
1483 1392 1570 1421 non
1600 1378 1768 1436 ejiciam

340 1490 344 1498 ,
388 1465 407 1488 »
442 1446 558 1491 foras
575 1449 606 1489 ⁵.
635 1465 654 1487 »
681 1449 818 1499 Quale
842 1455 905 1490 est
926 1447 1042 1490 intus
1065 1446 1190 1501 illud,
1212 1447 1328 1490 uude
1351 1463 1440 1490 non
1463 1447 1601 1491 exitur
1624 1447 1770 1492 foras?
1800 1441 1802 1448 ’

384 1520 593 1576 Magnum
617 1515 862 1575 penetrale,
889 1526 932 1560 et
962 1516 1090 1560 dulce
1127 1527 1355 1561 secretum.
1376 1519 1413 1560 O
1436 1527 1647 1562 secretum
1676 1518 1767 1562 sine

384 1589 528 1641 taedio,
550 1588 641 1631 31110
661 1587 946 1631 amaritudine
965 1586 1177 1631 malarum
1213 1587 1550 1646 cogitationum,
1584 1589 1675 1632 sine
1699 1589 1769 1631 in-
1800 1587 1802 1590 ’

386 1658 685 1718 terpellatione
708 1658 997 1702 tentationum
1018 1668 1060 1702 et
1077 1657 1305 1703 dolorum!
1333 1661 1490 1704 Nonne
1511 1659 1620 1702 illud
1636 1674 1770 1703 secre-
1795 1670 1800 1695 v

391 1739 485 1773 tum
501 1738 564 1773 est
586 1744 674 1788 quo
696 1728 875 1772 intrabit
894 1728 982 1783 ille,
1008 1729 1078 1772 cui
1101 1728 1296 1773 dicturus
1325 1739 1387 1773 est
1417 1730 1624 1774 Dominus
1649 1745 1772 1774 servo
1794 1768 1796 1775 f

393 1802 505 1846 bene
529 1801 681 1844 merito
707 1818 715 1843 :
739 1819 757 1840 «
783 1802 899 1842 Intra
918 1804 962 1842 iu
985 1798 1191 1857 gaudium
1211 1799 1380 1843 Domini
1398 1801 1518 1843 tui⁶?
1546 1819 1564 1841 n
1794 1830 1795 1860 ἢ

453 1873 549 1916 XV.
575 1890 596 1913 «
620 1872 677 1914 Et
705 1885 805 1912 eum
839 1868 915 1928 qui
945 1869 1087 1913 veniet
1121 1868 1175 1913 ad
1198 1885 1288 1923 me,
1323 1885 1412 1913 non
1445 1870 1607 1929 ejiciam
1636 1869 1766 1914 foras.
1794 1903 1795 1918 i

400 1962 418 1984 »
444 1942 555 1996 Quia
570 1941 773 1985 descendi
789 1940 842 1983 de
856 1939 969 1984 coelo
988 1955 1075 1983 non
1092 1948 1140 1982 ut
1154 1939 1308 1983 faciam
1325 1939 1596 1984 voluntatem
1612 1956 1769 1997 meam,
1794 1939 1796 1987 J

400 2033 420 2056 »
445 2014 520 2058 sed
542 2013 809 2057 voluntatem
828 2013 917 2072 ejus
936 2012 1006 2072 qui
1030 2012 1144 2055 misit
1161 2027 1229 2055 me
1244 2013 1274 2054 ⁷.
1300 2029 1319 2052 »
1341 2010 1442 2054 ldeo
1461 2026 1561 2069 ergo
1579 2028 1677 2055 eum
1694 2012 1770 2072 qui
1794 2047 1795 2051 ,

397 2085 542 2131 veniet
555 2085 607 2128 ad
622 2093 680 2138 te,
697 2100 785 2127 non
797 2083 937 2143 ejicies
949 2083 1078 2137 foras,
1094 2083 1194 2142 quia
1205 2081 1463 2125 descendisti
1475 2080 1526 2124 de
1538 2081 1665 2137 coelo,
1681 2097 1770 2126 non

400 2157 539 2202 facere
555 2155 824 2200 voluntatem
838 2165 974 2209 tuam,
990 2153 1064 2198 sed
1078 2152 1348 2198 voluntatem
1368 2153 1456 2211 ejus
1478 2152 1608 2212 quite
1630 2153 1774 2198 misit?

400 2231 610 2286 Magnum
645 2235 975 2271 sacramentum.
1004 2225 1192 2268 Obsecro
1224 2238 1322 2276 VOS,
1366 2222 1493 2265 simul
1529 2222 1773 2282 pulsemus,

401 2310 521 2343 exeat
543 2299 597 2342 ad
614 2314 691 2342 nos
709 2296 872 2357 aliquid
888 2296 1007 2356 quod
1031 2311 1107 2340 nos
1126 2302 1284 2354 pascat,
1303 2292 1544 2337 seeundum
1566 2294 1684 2353 quod
1698 2309 1776 2338 nos

400 2368 644 2413 delectavit.
664 2371 872 2426 Magnum
894 2366 1004 2410 illud
1021 2375 1064 2410 et
1080 2365 1210 2410 dulce
1230 2372 1467 2408 secretum:
1491 2363 1612 2417 «Qui
1633 2364 1779 2409 veniet

454 2473 462 2489 ¹
484 2468 574 2497 Joan.
594 2475 636 2505 iv,
657 2465 707 2503 13,
727 2468 849 2496 010-
876 2470 886 2485 ²
905 2465 994 2495 Joan.
1010 2474 1052 2502 vi,
1068 2462 1119 2493 35.
1142 2477 1182 2484 —-
1207 2459 1219 2482 3
1244 2458 1326 2492 ibid.
1348 2460 1400 2492 36.
1420 2477 1458 2484 -
1475 2458 1490 2489 4
1509 2462 1597 2492 Rom.
1620 2470 1665 2501 111,
1682 2460 1711 2492 3.
1736 2476 1777 2483 -

405 2520 517 2554 5301111.
539 2531 584 2562 vi,
602 2522 656 2562 37.
676 2537 717 2542 -
735 2518 750 2542 ⁶
772 2520 892 2552 Mattb.
914 2530 989 2560 xxv,
1010 2519 1065 2551 23.
1084 2535 1124 2542 -—
1138 2525 1152 2551 7
1172 2520 1267 2550 Joan.
1289 2528 1332 2559 vi,
1349 2517 1401 2549 38.
