1825 3214
271 272 314 298 m
347 269 520 298 sommis
551 267 864 306 numerumn,
899 267 1044 296 rimer.
1081 269 1196 296 xxvi.
1339 258 1427 297 299

52 346 112 381 tas
134 336 253 397 quod
275 336 352 379 tibi
376 350 561 396 appareo
580 371 590 389 ,
624 333 713 378 noli
743 334 800 377 sic
823 333 997 378 credere
1022 353 1030 378 ι
1059 335 1143 378 hoc
1169 343 1231 378 est
1248 370 1258 389 ,
1290 353 1309 376 ιι
1335 334 1432 380 Noli

51 423 72 448 n
108 422 176 450 me
200 416 374 464 tangere
392 442 402 460 ,
429 406 625 449 nondum
651 406 765 448 enim
797 405 968 448 ascendi
1000 404 1051 448 ad
1079 408 1244 448 Patrem
1268 424 1276 450 z
1308 424 1327 446 »
1356 406 1432 450 tibi

50 493 137 522 non
181 476 379 530 ascendi,
416 492 512 520 nam
544 476 643 519 iude
680 491 904 536 nunquam
931 476 1095 519 recessi.
1132 478 1178 518 ln
1214 484 1433 520 terranem

50 549 257 607 tangebat
283 557 487 601 stantem,
529 548 751 608 quomodo
788 557 984 606 taugeret
1015 547 1068 591 ad
1094 551 1262 591 Patrem
1287 563 1435 592 ascon-

51 619 225 664 dentem
246 621 366 678 {Sic
391 629 557 672 tamen,
585 621 643 664 sic.
669 635 712 663 sc
735 619 852 677 tangi
875 619 1013 663 voluit
1047 638 1054 663 :
1082 619 1140 663 sic
1169 618 1359 677 tangitur
1381 620 1436 664 ab

50 692 109 736 eis
138 707 159 734 a
192 692 350 751 quibus
376 692 485 735 lwne
519 693 739 750 tangitur,
778 691 1013 736 ascendens
1047 690 1101 735 ad
1124 694 1318 747 Patrem,
1343 707 1435 735 ma-

50 778 157 806 nens
179 778 277 806 cum
308 766 432 806 l‘atre
453 798 462 816 ,
489 762 666 822 aequalis
687 761 814 805 Patri.

109 836 182 878 lv.
222 833 329 878 Inde
347 843 388 878 et
413 834 482 877 hic
506 834 537 876 si
563 833 749 877 advertis
766 869 776 886 ,
807 852 825 874 α
853 835 990 877 Nemo
1009 833 1127 877 venit
1156 831 1207 877 ad
1235 848 1331 888 me,
1356 833 1436 878 nisi

51 923 72 947 »
98 920 226 965 quem
246 909 371 949 Pater
387 905 623 949 attraxerit.
648 923 668 945 »
695 904 790 949 Noli
807 914 848 948 te
868 905 1055 963 cogitare
1077 905 1260 949 invitum
1284 906 1396 949 trahi
1423 925 1432 951 ε

49 977 234 1021 trahitur
256 976 424 1020 animus
446 985 488 1020 et
506 991 664 1020 amore.
691 978 779 1020 Nec
804 977 952 1020 timere
970 975 1177 1020 debemus
1199 991 1252 1019 ne
1275 977 1329 1020 ab
1353 977 1434 1021 ho-

46 1048 238 1091 minibus
261 1047 335 1107 qui
360 1047 489 1090 verba
513 1046 816 1107 perpendunt,
855 1056 897 1091 et
924 1064 944 1090 a
971 1047 1098 1090 rebus
1120 1047 1302 1091 maxime
1324 1046 1434 1092 divi-

47 1118 112 1162 nis
134 1117 426 1175 intelligendis
450 1118 580 1176 louge
604 1118 756 1161 remoti
787 1126 911 1172 sunt,
936 1118 979 1161 in
1002 1118 1084 1161 hoc
1115 1118 1432 1176 Scripturarum

47 1199 289 1234 sanctarum
324 1188 572 1247 evangelico
597 1188 730 1232 verbo
760 1187 938 1232 forsitan
966 1189 1359 1247 reprehendamur,
1391 1199 1434 1235 et

47 1259 217 1303 dicatur
245 1258 384 1313 nobis,
411 1259 640 1312 Quomodo
662 1258 888 1303 voluntate
910 1259 1056 1313 credo,
1083 1259 1115 1302 si
1139 1259 1318 1303 trahor?
1340 1262 1434 1319 Ego

48 1330 144 1374 dico
170 1350 178 1374 ε
210 1333 365 1374 Parum
407 1339 467 1373 est
507 1330 760 1384 voluntate,
800 1331 931 1374 etiam
975 1330 1197 1390 voluptate
1235 1331 1429 1376 traheris.

47 1401 162 1454 Quid
185 1410 248 1444 est
272 1401 381 1444 trahi
400 1401 652 1460 voluptate?
680 1420 699 1442 «
723 1401 944 1445 Delectarc
960 1401 1002 1445 in
1023 1402 1229 1456 Domino,
1247 1411 1289 1446 et
1311 1402 1434 1447 dabit

51 1490 70 1514 n
105 1472 184 1516 tibi
208 1473 433 1532 petitiones
452 1472 592 1517 cordis
617 1474 677 1517 tui
694 1476 722 1516 ¹.
748 1492 767 1513 »
787 1476 862 1517 Est
880 1473 1081 1534 quaedam
1100 1473 1299 1533 voluptas
1333 1490 1432 1518 cor-

47 1542 133 1592 dis.
157 1545 227 1587 cui
253 1545 371 1603 panis
393 1544 532 1589 duleis
563 1555 626 1590 est
648 1544 721 1589 ille
745 1546 945 1590 coelestis.
972 1548 1106 1590 Porro
1138 1546 1171 1589 si
1195 1549 1333 1605 poe'tae
1361 1545 1431 1590 di-

48 1630 145 1660 cere
163 1616 285 1660 licuit
315 1635 323 1661 :

248 1738 498 1747 .........
516 1713 627 1746 Trahit
648 1724 701 1745 sua
717 1724 875 1756 quemque
892 1712 1061 1756 voluptas²
1079 1724 1088 1752 ;

44 1802 141 1845 Non
164 1800 410 1855 necessitas,
429 1799 503 1844 sed
524 1800 749 1860 volupta53
775 1817 862 1845 non
885 1800 1110 1860 obligatio,
1141 1801 1217 1845 sed
1238 1801 1431 1847 delecta-

45 1870 105 1914 tio
132 1890 140 1914 :
166 1880 331 1930 quanto
359 1868 511 1915 fortius
533 1887 611 1915 nos
633 1872 776 1915 dicere
809 1871 1043 1927 debemus,
1074 1872 1186 1916 trahi
1208 1872 1431 1918 hominem

45 1940 99 1984 ad
121 1941 359 1995 Christum,
385 1942 460 2001 qui
494 1941 734 1986 delectatur
756 1943 952 1997 veritate,
977 1943 1218 1987 delectatur
1239 1944 1429 1988 beatitu-

44 2011 161 2065 dine,
181 2010 616 2072 delectaturjustitia,
641 2011 883 2056 delectatur
904 2015 1164 2073 sempiterna
1186 2015 1288 2069 vita,
1310 2014 1429 2076 quod

44 2090 185 2125 totum
208 2083 404 2126 Christus
427 2084 524 2126 est?
548 2086 614 2126 An
636 2098 738 2127 vero
768 2083 931 2127 liabent
954 2085 1144 2144 corporis
1177 2101 1325 2130 sensus
1348 2101 1427 2130 vo-

41 2151 230 2211 luptates
247 2168 360 2205 suas,
387 2162 429 2196 et
452 2152 621 2196 animus
644 2152 855 2197 deseritur
875 2170 897 2197 a
916 2154 1214 2214 voluptatibus
1233 2156 1319 2200 suis
1345 2175 1353 2201 ε
1383 2157 1427 2202 Si

43 2222 211 2266 animus
253 2238 341 2266 non
363 2223 492 2266 habet
515 2222 761 2282 voluptates
792 2239 916 2282 suas3
941 2224 1055 2269 unde
1079 2225 1260 2281 dieitur,
1287 2246 1305 2269 «
1329 2227 1427 2271 Filii

46 2311 65 2334 »
101 2302 245 2337 autem
276 2294 501 2337 hominum
529 2294 609 2337 sub
654 2295 841 2352 tegmine
869 2295 1034 2339 alarum
1073 2305 1244 2340 tuarum
1277 2313 1426 2358 spera-

47 2382 65 2404 »
102 2365 213 2407 bunt
239 2384 248 2409 ι
286 2365 618 2408 inebriabuntur
641 2365 696 2408 ab
720 2367 917 2410 ubertate
939 2366 1095 2411 domus
1117 2377 1232 2424 tuae,
1258 2377 1301 2412 et
1334 2380 1426 2414 tor-

48 2452 65 2474 »
101 2445 222 2478 rente
240 2434 470 2494 voluptatis
494 2445 580 2479 tuae
603 2436 772 2494 potabis
795 2451 866 2480 eos
888 2457 897 2482 ;
923 2438 1130 2498 quoniam
1155 2439 1270 2498 apud
1302 2449 1341 2483 te
1363 2450 1426 2484 est

47 2522 56 2543 ›
100 2503 199 2548 fons
236 2506 351 2559 vitae,
384 2513 426 2548 et
447 2505 492 2548 in
511 2505 675 2549 lumine
709 2514 783 2550 tuo
824 2506 1071 2551 videbimus
1094 2509 1338 2551 lumen³?»
1365 2512 1427 2553 Da

57 2523 66 2544 v

93 2608 100 2623 ¹
123 2600 201 2632 psal.
225 2612 329 2643 xxxvi,
348 2601 380 2644 4.
403 2619 443 2625 —
464 2608 476 2624 ²
495 2602 566 2643 Vin-g
599 2601 705 2643 Eclog.
727 2613 760 2643 ιι,
780 2613 860 2648 verS.
882 2602 936 2635 65.
952 2619 993 2626 —
1014 2602 1027 2627 3
1046 2604 1126 2636 Psal.
1150 2614 1248 2646 xxxv,
1263 2604 1297 2646 8,
1315 2608 1379 2637 etc.
