1825 3214
290 176 331 201 ιΝ
366 174 539 202 ωΛΝΜε
572 173 883 212 EVANGELIUM,
919 175 1065 202 Timor.
1107 177 1182 202 xii.
1384 164 1458 206 95*

13 263 20 271 ·
51 240 173 294 mini,
199 254 270 284 eos
304 249 426 284 sanat
460 240 536 300 qui
570 240 699 283 morsi
737 238 925 294 fuerant,
959 249 999 283 ct
1037 250 1213 299 propter
1248 255 1436 285 morsum

50 311 258 370 serpentis
280 320 448 356 erectus
471 319 535 355 est
555 325 746 370 serpens,
771 309 815 354 id
838 319 916 364 cst,
949 326 1062 354 mors
1094 311 1279 366 Domini,
1305 327 1439 371 prop-

52 390 116 425 ter
149 380 350 426 mortales
379 381 591 435 homines,
627 396 737 441 quos
772 381 939 425 invenit
968 381 1178 440 injustos,
1217 382 1440 442 quomodo

49 450 332 510 intelligitur,
356 471 375 493 «
395 454 488 496 Hoc
518 459 583 495 est
613 450 845 510 judicium,
871 451 972 511 quia
1004 451 1078 495 lux
1104 452 1223 496 vcnit
1244 453 1289 495 in
1312 468 1442 496 mun-

53 540 73 564 »
108 521 232 577 dum,
258 532 302 567 et
323 522 572 568 dilexerunt
597 523 795 567 homines
818 523 952 580 magis
984 523 1182 567 tenebras
1211 538 1344 583 quam
1373 523 1441 567 lu-

53 611 74 635 »
108 609 203 638 cem
224 603 373 639 :erant
395 595 510 638 enim
535 594 648 638 mala
676 609 806 653 opera
840 596 1021 637 corum?
1048 612 1067 634 »
1095 594 1211 647 Quid
1238 604 1303 638 est
1330 595 1442 638 hoc?

50 666 247 718 Quorum
261 665 375 709 enim
393 674 515 709 crant
530 665 641 709 bona
658 679 786 724 opera
801 665 818 705 ⁶?
832 667 985 709 Nonne
998 664 1152 709 venisti
1170 673 1217 708 ut
1234 665 1442 723 justifices

16 769 17 772 η
50 735 234 795 impios?
268 736 343 781 sed
367 754 387 777 «
417 735 683 790 Dilexerunt,
715 735 874 793 inquit,
908 735 1106 779 tenebras
1142 735 1276 794 magis
1308 752 1438 795 quani

52 823 72 847 »
107 804 266 850 lucem.
296 806 400 850 »lbi
423 806 567 865 posuit
585 806 671 849 vim
699 825 708 850 ι
733 804 861 850 multi
875 805 990 849 enim
1007 805 1251 850 dilexerunt
1268 816 1442 865 peccata

49 892 141 931 sua,
181 875 311 920 multi
358 876 544 921 confessi
582 886 685 920 sunt
707 885 882 935 peccata
921 892 1031 921 sua:
1067 877 1170 937 quia
1197 877 1274 936 qui
1301 878 1441 922 confi·

52 956 168 992 tetur
191 955 367 1007 peccata
388 962 487 1001 sua,
518 956 561 992 et
589 957 760 992 accusat
789 957 963 1007 peccata
992 963 1084 1003 sua,
1107 949 1197 1007 jam
1227 964 1328 993 cum
1352 952 1441 994 Deo

50 1017 170 1064 facit.
196 1021 383 1063 Accusat
414 1021 528 1062 Deus
556 1028 732 1078 peccata
766 1028 839 1063 tua
862 1038 871 1063 :
897 1019 931 1063 si
961 1029 1004 1064 et
1037 1029 1086 1064 tu
1119 1036 1310 1076 accusas,
1335 1036 1442 1065 con-

44 1089 241 1149 jungeris
279 1091 383 1133 Deo.
418 1089 552 1142 Quasi
586 1089 688 1133 duae
722 1104 787 1133 res
826 1099 944 1145 sunt,
980 1091 1111 1135 homo
1146 1101 1189 1135 et
1222 1101 1436 1150 peccator.

49 1158 181 1212 Quod
199 1158 321 1204 audis
338 1159 488 1214 homo,
514 1162 630 1204 Deus
652 1158 753 1204 sccit
777 1180 786 1205 z
810 1159 931 1221 quod
953 1160 1076 1206 audis
1107 1171 1323 1221 peccator,
1348 1163 1439 1222 ipse

47 1229 185 1275 homo
201 1230 320 1274 fecit.
354 1229 457 1274 Dele
492 1229 613 1290 quod
635 1229 848 1287 fecisti,ut
872 1234 987 1276 Deus
1020 1232 1155 1276 salvet
1175 1232 1296 1292 quod
1316 1233 1437 1277 fecit.

48 1302 235 1361 Oportet
256 1311 306 1346 ut
343 1300 488 1346 oderis
519 1301 564 1346 in
592 1312 634 1346 te
662 1318 771 1362 opus
794 1312 937 1358 tuum,
964 1312 1006 1348 et
1040 1319 1156 1348 ames
1184 1305 1229 1348 in
1264 1314 1306 1349 te
1330 1321 1439 1364 opus

50 1373 142 1416 Dei.
163 1374 274 1419 Cum
297 1381 443 1417 autem
463 1374 646 1433 coeperit
672 1374 753 1418 tibi
773 1374 1001 1434 displicere
1023 1374 1144 1435 quod
1163 1374 1317 1431 fecisti,
1338 1375 1440 1420 inde

47 1443 263 1504 incipiunt
285 1444 400 1489 bona
418 1460 549 1505 opera
568 1454 659 1501 tua,
695 1447 799 1506 quia
832 1462 1005 1493 accusas
1034 1446 1148 1491 mala
1182 1463 1313 1506 opera
1347 1457 1437 1492 tua.

50 1514 228 1559 Initium
263 1529 447 1574 operum
481 1516 716 1571 bonorum,
750 1516 964 1562 confessio
994 1527 1057 1562 est
1087 1533 1270 1577 operum
1304 1517 1441 1562 malo-

49 1600 161 1629 rum.
182 1585 306 1630 Facis
325 1587 568 1641 veritatem,
594 1595 637 1630 et
655 1588 774 1632 venis
794 1588 849 1632 ad
883 1587 1042 1633 lucem.
1063 1588 1182 1642 Quid
1211 1598 1290 1644 est,
1319 1589 1441 1633 Facis

50 1656 306 1701 veritatem?
323 1659 421 1702 Non
440 1666 480 1701 te
502 1657 665 1716 palpas,
689 1673 779 1702 non
800 1658 881 1702 tibi
904 1657 1128 1715 blandiris,
1149 1675 1239 1704 non
1261 1669 1303 1704 te
1328 1659 1442 1704 adu-

49 1725 128 1781 las,
154 1741 245 1771 non
265 1725 388 1782 dicis,
417 1730 438 1771 J
446 1735 564 1770 ustus
584 1742 697 1782 sum,
723 1744 823 1772 cum
846 1743 900 1772 sis
921 1730 1114 1790 iniquus,
1134 1742 1174 1774 et
1195 1730 1348 1790 incipis
1371 1729 1440 1774 sa-

51 1812 148 1841 cere
173 1797 416 1842 veritatem.
443 1797 574 1841 Venis
603 1807 746 1842 autem
770 1798 825 1843 ad
854 1797 999 1844 lucem
1028 1809 1078 1845 ut
1111 1800 1443 1846 manifestentur

52 1882 183 1927 opera
205 1876 295 1922 tua,
321 1867 421 1927 quia
440 1868 484 1911 in
508 1870 596 1912 Deo
612 1878 714 1913 sunt
727 1869 843 1914 facta
863 1889 872 1915 :
895 1871 995 1930 quia
1010 1880 1053 1915 et
1066 1872 1149 1916 hoc
1163 1873 1304 1932 ipsum
1322 1873 1444 1933 quod

7 1945 16 1953 “
52 1938 133 1983 tibi
163 1937 387 1998 displicuit
410 1948 637 1998 peccatum
667 1949 809 1995 tuum,
842 1956 931 1985 non
964 1942 1043 1986 tibi
1070 1942 1332 2002 displiceret,
1363 1943 1443 1987 nisi

55 2012 169 2054 Deus
186 2009 267 2053 tibi
286 2009 468 2065 luceret,
489 2019 534 2054 et
549 2011 640 2070 ejus
662 2011 817 2055 veritas
844 2011 923 2056 tibi
954 2013 1217 2057 ostenderet.
1246 2013 1331 2059 Sed
1367 2014 1445 2074 qui

53 2088 96 2124 et
117 2079 365 2125 admonitus
381 2079 523 2138 diligit
545 2092 721 2140 peccata
742 2097 835 2137 sua,
856 2082 949 2127 odit
966 2082 1276 2129 admonentem
1297 2084 1442 2129 lucem

55 2159 99 2196 et
119 2150 230 2209 sugit
245 2166 358 2207 eam,
383 2161 432 2197 ut
453 2167 542 2196 non
565 2161 804 2211 arguantur
821 2169 952 2213 opera
975 2155 1064 2214 ejus
1081 2154 1195 2200 mala
1218 2171 1318 2216 quae
1340 2155 1444 2200 dili-

56 2222 132 2280 git.
158 2222 244 2275 Qui
265 2231 412 2266 autem
442 2222 549 2268 facit
574 2223 817 2280 veritatem,
854 2234 1027 2270 accusat
1055 2226 1100 2269 in
1119 2241 1163 2270 se
1192 2226 1306 2271 mala
1327 2242 1405 2271 sua
1432 2246 1442 2272 :

54 2306 145 2337 non
161 2292 243 2336 sibi
264 2293 417 2353 parcit,
444 2309 534 2338 non
555 2294 636 2337 sibi
664 2293 849 2352 ignoscit
871 2305 920 2340 ut
948 2299 1060 2340 Deus
1092 2297 1286 2355 ignoscat
1308 2316 1317 2342 :
1337 2298 1443 2358 quia

1 2399 28 2413 ,Δ
54 2361 176 2422 quod
194 2362 290 2409 vult
312 2366 426 2408 Deus
459 2361 668 2423 ignoscat,
694 2363 783 2423 ipse
816 2366 1027 2425 agnoscit,
1055 2375 1099 2410 et
1137 2367 1258 2413 venit
1284 2367 1341 2413 ad
1364 2368 1438 2413 lu-

57 2448 152 2478 cem
177 2448 185 2475 :
206 2434 278 2479 cui
300 2435 454 2493 gratias
472 2434 573 2493 agit,
597 2436 718 2494 quod
738 2434 801 2479 illi
817 2435 924 2496 quid
940 2436 987 2482 in
998 2452 1042 2482 se
1059 2438 1220 2484 odisset
1241 2439 1446 2485 ostende-
