1809 3173
307 241 358 275 10
735 246 766 271 s.
805 243 1032 270 AUGUSTINI
1064 242 1243 269 Emscom

304 328 402 357 nem
421 347 432 366 ,
457 310 532 354 sed
554 309 670 353 solus
703 308 800 354 vult
826 306 1041 367 possidere
1069 307 1187 367 quod
1215 306 1333 350 emit.
1362 304 1487 348 Tanti
1509 303 1614 347 emit
1637 312 1687 348 ut

304 383 419 427 solus
438 380 650 440 possideat
671 388 742 424 :tu
758 378 861 423 facis
889 380 926 422 ei
948 387 1190 422 consortem
1207 375 1449 430 diabolum,
1463 375 1534 419 cui
1554 383 1593 417 te
1611 388 1687 432 per

305 462 532 513 peccatum
551 450 820 496 vendideras.
843 468 862 492 «
878 450 953 492 vae
966 447 1130 508 duplici
1147 447 1278 492 corde
1292 449 1305 472 ¹
1325 466 1334 491 :
1352 465 1371 487 1)
1398 446 1475 506 qui
1496 446 1540 490 in
1557 443 1688 488 corde

306 540 383 569 suo
403 532 569 583 partem
592 521 758 565 faciunt
788 524 876 564 Deo
894 555 905 575 ‚
939 528 1106 579 partem
1130 518 1298 562 faciunt
1325 516 1517 562 diabolo.
1548 519 1688 559 Iratus

307 598 441 647 Deus,
465 593 566 652 quia
588 593 636 635 fit
653 591 715 634 ibi
739 606 835 649 pars
857 588 1056 643 diabolo,
1082 587 1289 642 discedit,
1308 595 1351 630 et
1371 596 1515 630 totum
1537 584 1690 629 diabo-

307 665 373 708 lus
395 662 644 722 possidebit.
676 663 772 705 Non
794 659 953 704 frustra
976 661 1122 718 itaque
1144 655 1378 716 Apostolus
1395 656 1501 700 dicit
1521 674 1530 700 2
1560 674 1581 697 «
1605 657 1692 700 Ne-

310 753 329 776 »
366 750 451 794 que
474 733 582 777 detis
603 732 749 776 locum
762 730 938 776 diabolo
953 734 983 773 ².
1000 748 1019 771 »
1037 732 1359 787 Cognoscamus
1376 743 1479 786 ergo
1498 730 1689 785 Agnum,

307 804 458 849 fratres
474 839 484 859 ,
507 818 817 862 cognoscamus
835 801 1022 861 pretium
1044 808 1257 844 nostrum.

367 877 488 918 VIII.
522 893 540 915 «
569 874 718 918 Stabat
751 875 960 925 Joanncs,
998 879 1041 914 et
1062 886 1112 913 cx
1136 868 1364 928 Discipulis
1385 869 1478 928 ejus
1501 866 1589 912 duo
1607 868 1639 910 3.
1667 885 1688 908 n

308 949 422 989 Ecce
450 945 538 989 duo
561 944 615 987 de
638 942 866 1002 Discipulis
894 942 1072 986 Joannis
1095 958 1106 985 .·
1138 941 1239 1001 quia
1268 939 1364 984 talis
1394 949 1486 984 erat
1507 941 1695 984 Joannes

309 1016 471 1059 amicus
492 1015 638 1074 spousi
657 1049 667 1069 ,
699 1029 789 1057 non
824 1012 1052 1073 quaerebat
1073 1011 1253 1071 gloriam
1282 1027 1427 1066 suam,
1463 1009 1539 1055 sed
1572 1009 1695 1054 testi-

309 1086 505 1130 monium
524 1084 781 1144 perhibebat
803 1084 972 1128 veritati
995 1102 1002 1128 :
1029 1082 1247 1142 numquid
1265 1082 1405 1127 voluit
1428 1081 1546 1141 apud
1567 1096 1611 1125 se
1629 1095 1696 1125 re-

311 1172 486 1201 manere
508 1154 742 1214 discipulos
770 1170 869 1199 suos
887 1189 897 1209 ‚
928 1163 978 1198 ut
1006 1169 1096 1198 non
1122 1162 1407 1213 sequerentur
1430 1151 1696 1196 Dominum?

311 1228 445 1286 magis
459 1227 548 1287 ipse
566 1227 755 1271 ostendit
778 1225 1008 1285 Discipulis
1030 1226 1116 1269 suis
1137 1240 1268 1285 quem
1292 1232 1593 1284 sequerentur.
1614 1225 1698 1267 Ha-

312 1299 476 1341 bebant
490 1297 605 1340 enirn
628 1295 752 1340 illum
773 1306 983 1356 tanquam
1006 1298 1201 1354 Agnumt
1220 1303 1263 1338 et
1284 1293 1357 1338 ille
1379 1313 1387 1339 :
1407 1293 1523 1348 Quid
1540 1308 1610 1336 me
1633 1301 1698 1336 at-

312 1367 517 1412 tenditis?
534 1370 627 1426 Ego
645 1383 733 1411 non
755 1382 852 1411 sum
875 1370 1025 1425 Agnus
1049 1385 1057 1410 :
1081 1385 1101 1408 «
1126 1368 1238 1410 Ecce
1260 1368 1409 1422 Agnus
1427 1363 1532 1409 Dei⁴
1561 1382 1569 1408 :
1601 1383 1618 1405 »
1644 1362 1699 1407 de

313 1455 402 1498 quo
425 1439 554 1482 etiam
573 1438 769 1497 superius
791 1436 982 1482 dixerat:
1008 1455 1027 1478 «
1049 1439 1162 1481 Ecce
1185 1440 1334 1495 Agnus
1357 1436 1450 1480 Dei.
1473 1453 1492 1476 »
1518 1437 1576 1478 Et
1592 1432 1701 1494 quid

314 1510 440 1553 nobis
472 1508 648 1568 prodest
677 1511 826 1567 Agnus
859 1508 932 1552 Dei
948 1510 965 1549 ⁶?
998 1526 1019 1550 «
1044 1510 1181 1561 Ecce,
1207 1507 1291 1561 ait,
1316 1506 1392 1565 qui
1414 1503 1528 1550 tollit
1548 1519 1702 1564 pecca-

318 1599 337 1621 »
377 1590 469 1624 tum
496 1579 665 1623 mundi.
697 1598 716 1620 1)
755 1580 899 1624 Secuti
921 1588 1023 1624 sunt
1055 1579 1197 1634 illum,
1222 1579 1305 1623 hoe
1328 1577 1494 1632 audito,
1519 1575 1609 1621 duo
1626 1577 1701 1636 qui

316 1660 439 1696 erant
453 1666 551 1695 cum
576 1653 599 1694 J
605 1665 760 1694 oanne.

392 1724 469 1765 IX.
510 1720 744 1765 Videamus
770 1720 1008 1780 sequentia.
1043 1738 1062 1762 «
1088 1721 1202 1764 Ecce
1230 1721 1378 1776 Agnus
1413 1719 1492 1763 Dei
1517 1737 1526 1763 :
1549 1736 1582 1760 ‚„
1619 1718 1703 1762 hoc

281 1795 284 1797 ’
318 1796 519 1838 Joannes.
544 1811 563 1833 «
587 1794 643 1835 Et
660 1790 892 1835 audierunt
913 1806 1013 1834 eum
1038 1790 1127 1834 duo
1150 1789 1356 1849 Discipuli
1374 1789 1644 1850 loquentem,
1661 1797 1705 1833 et

324 1882 343 1905 »
379 1863 514 1907 secuti
547 1871 649 1905 sunt
679 1864 842 1905 Jesum.
870 1862 1114 1906 Conversus
1138 1869 1283 1904 autem
1316 1862 1463 1915 Jesus,
1490 1869 1533 1904 et
1553 1860 1705 1904 videns

325 1954 344 1977 >›
380 1950 450 1978 eos
480 1943 708 1993 sequentes
731 1948 796 1988 se,
828 1933 935 1977 dicit
959 1933 1017 1976 eis
1050 1951 1058 1976 :
1086 1930 1199 1985 Quid
1227 1932 1454 1991 quaeritis?
1475 1931 1560 1985 Qui
1582 1930 1704 1975 dixe-

326 2024 345 2046 »
382 2014 505 2049 runt:
520 2004 679 2060 Rabbi,
693 2004 840 2063 (quod
853 2002 1012 2047 dicitur
1028 2002 1359 2061 interpretatum
1373 2002 1614 2061 magister‚)
1629 2001 1705 2045 ubi

326 2094 345 2116 »
382 2076 549 2119 habitas
574 2077 617 2116 ⁵?
657 2093 675 2116 »
706 2077 803 2134 Non
835 2074 893 2117 sic
927 2072 1051 2116 illum
1084 2071 1380 2132 sequebantur
1402 2072 1524 2131 quasi
1539 2073 1630 2132 jam
1656 2081 1707 2115 ut

323 2146 586 2189 inhaererent
607 2144 670 2188 illi
694 2163 703 2189 ε
735 2159 835 2187 uam
854 2143 1129 2187 manifestum
1154 2152 1217 2186 est
1238 2142 1416 2202 quando
1432 2141 1494 2188 illi
1519 2143 1707 2187 inhaese-

325 2225 427 2260 runt
443 2251 453 2270 ,
479 2217 581 2276 quia
602 2215 657 2259 de
679 2219 778 2258 navi
801 2230 872 2259 eos
895 2214 1079 2259 vocavit.
1108 2217 1158 2257 In
1186 2214 1251 2257 his
1279 2214 1395 2257 enim
1423 2213 1595 2258 duobus
1616 2222 1708 2258 erat

324 2287 519 2332 Andreas
535 2321 546 2342 ‚
572 2287 682 2330 sicut
704 2287 836 2330 inodo
858 2285 1036 2330 audistis
1063 2304 1072 2329 z
1095 2285 1288 2329 Andreas
1303 2294 1449 2329 autem
1466 2283 1598 2329 frater
1626 2274 1717 2329 Pe-'

326 2357 380 2401 tri
403 2367 493 2401 erat
524 2376 532 2402 :
566 2366 608 2401 et
630 2357 829 2401 novimus
854 2357 899 2399 in
929 2355 1167 2414 Evangelio
1194 2355 1316 2414 quod
1348 2359 1531 2400 Petrum
1554 2364 1598 2400 et
1617 2359 1711 2400 An-

328 2427 476 2471 dream
511 2427 720 2472 Dominus
753 2427 808 2470 de
830 2426 930 2470 navi
962 2426 1157 2480 vocavit,
1183 2423 1330 2469 dicens
1352 2445 1361 2470 :
1396 2444 1417 2468 «
1442 2426 1598 2470 Venite
1616 2435 1715 2485 post

380 2529 388 2544 ¹
410 2521 507 2554 Eccli.
529 2533 568 2562 11,
598 2521 647 2563 14.
668 2539 708 2545 --
729 2529 741 2544 ²
760 2521 875 2564 Ephcs.
895 2532 939 2559 iv,
958 2530 1012 2562 27.
1040 2537 1082 2544 --
1106 2519 1119 2544 3
1141 2523 1235 2554 Joan.
1262 2531 1286 2562 1,
1308 2521 1360 2554 35.
1385 2538 1427 2544 —-
1449 2520 1564 2554 41hid.
1594 2530 1648 2563 29.
1672 2538 1714 2544 -

358 2577 425 2609 lbid
460 2578 513 2619 37,
530 2577 582 2609 38.
