1825 3214
239 224 279 249 m
313 220 488 249 somnis
519 218 833 256 EvANGELluM,
868 218 1013 246 'simoin
1052 218 1191 245 xxxix.
1326 206 1407 245 429

28 288 140 332 tibus
158 287 211 330 ad
236 287 402 331 insolita
419 322 429 341 ,
455 285 637 330 visibilia
662 284 716 328 ad
747 284 998 338 invisibilia,
1019 294 1259 328 ereaturam
1285 299 1408 328 com-

25 359 276 417 parantibus
298 357 506 401 Creatori.
536 359 809 413 lnterrogant
843 355 957 398 enim
982 371 1059 399 nos
1083 354 1318 414 aliquando
1348 355 1409 397 in-

24 427 171 472 fideles
215 437 257 471 et
293 427 469 481 dicunt,
499 430 668 470 Patrem
703 440 833 486 quem
864 424 1004 468 dicitis
1025 460 1035 480 ,
1076 428 1215 468 Deum
1239 424 1379 468 dicitis
1392 426 1410 466 ’ἶ

24 498 379 557 Respondemus,
416 501 566 541 Deum.
596 497 753 540 Filium
780 510 912 556 quem
941 494 1106 550 dicitis,
1138 499 1270 539 Deum
1302 495 1410 538 diei-

25 570 106 613 tisi'
143 569 493 628 Respondemus,
533 572 686 612 Deum.
715 566 922 626 Spiritum
951 576 1149 610 sanctum
1180 580 1311 626 quem
1343 566 1411 608 di-

23 640 138 695 citis,
184 644 322 684 Deum
358 640 530 684 dicitis?
575 637 924 698 Respondemus,
965 640 1121 681 Deum.
1161 639 1298 695 Ergo,
1340 637 1409 679 in-

22 712 197 771 quiunt,
226 715 350 756 Pater
372 720 414 754 et
441 710 572 754 Filius
603 719 645 754 et
669 709 852 769 Spiritus
882 718 1055 753 sanctus
1078 718 1162 752 tres
1192 717 1293 752 sunt
1315 707 1410 751 dii?

24 783 375 841 Respondemus,
398 784 509 826 Non.
538 781 810 834 Turbantur,
832 781 933 840 quia
962 795 1050 824 non
1074 778 1377 823 illuminantur
1399 797 1407 822 :

22 867 96 896 eor
117 852 313 896 clausum
354 852 539 906 habent,
577 851 678 910 quia
705 850 860 895 clavim
884 849 983 894 fidei
1008 865 1096 894 non
1120 850 1297 893 liabent.
1325 851 1410 893 Nos

22 939 149 982 ergo,
175 921 342 977 fratres,
370 921 456 965 fide
480 921 775 981 praecedente,
801 937 900 982 quse
924 931 1045 965 sanat
1063 921 1242 965 oculum
1268 919 1410 964 cordis

22 995 172 1049 nostri,
189 994 308 1055 quod
324 993 620 1051 intelligimus,
637 994 728 1037 sinc
747 993 1010 1038 obscuritate
1026 993 1270 1052 capiamus;
1289 990 1410 1052 quod

22 1082 111 1111 non
141 1065 442 1124 intelligimus,
481 1067 572 1110 sine
608 1065 883 1110 dubitatione
915 1064 1140 1109 credamus
1171 1084 1178 1109 :
1205 1080 1227 1108 a
1256 1063 1411 1107 funda-

22 1147 170 1181 mento
201 1137 299 1180 lidei
334 1152 421 1180 non
456 1136 732 1190 recedamus,
761 1145 808 1179 ut
845 1135 900 1178 ad
923 1135 1098 1178 eulmen
1134 1134 1410 1194 perfectionis

20 1209 260 1253 veniamus.
289 1211 400 1251 Deus
423 1217 486 1251 est
509 1211 634 1251 Pater
649 1242 659 1257 ,
688 1211 799 1250 Deus
823 1216 886 1250 est
909 1206 1044 1249 Filius
1062 1242 1072 1261 ,
1094 1210 1206 1249 Deus
1228 1215 1291 1249 est
1311 1205 1408 1264 Spi-

22 1279 129 1323 ritus
163 1287 336 1322 sanctus
359 1297 367 1321 :
393 1287 436 1321 et
463 1287 609 1321 tamen
649 1280 774 1320 Pater
812 1291 900 1320 non
943 1285 1007 1319 est
1041 1276 1117 1335 qui
1142 1276 1297 1330 Filius,
1331 1290 1410 1318 nec

22 1350 156 1394 Filius
178 1348 338 1408 estqui
362 1351 487 1391 Pater
529 1362 610 1391 nec
646 1347 828 1406 Spiritus
868 1356 1040 1390 sanctus
1066 1347 1199 1390 Patris
1237 1356 1279 1390 et
1312 1345 1409 1389 Filii

25 1421 208 1480 Spiritus
231 1429 307 1464 aut
345 1423 472 1463 Pater
505 1429 567 1462 est
603 1427 678 1462 aut
715 1417 880 1462 Filius:
908 1417 1092 1461 Trinitas
1114 1433 1226 1461 unus
1265 1420 1405 1474 Deus,

25 1492 231 1546 Trinitas,
258 1506 343 1534 una
359 1490 592 1543 aeternitas,
611 1505 696 1533 una
714 1498 924 1548 potestas,
950 1504 1034 1532 una
1054 1489 1277 1548 majestas,
1304 1497 1404 1542 tres,

22 1561 98 1607 sed
119 1577 208 1606 non
226 1561 300 1605 dii.
322 1563 418 1605 Non
439 1560 544 1603 mihi
562 1558 850 1603 calumniator
867 1558 1148 1618 respondeat,
1175 1557 1289 1612 Quid
1308 1573 1407 1616 ergo

23 1635 140 1677 tres?
164 1632 206 1677 Si
229 1631 344 1675 enim
364 1641 469 1684 tres,
507 1630 587 1685 ait,
620 1638 790 1689 oportet
813 1628 929 1673 dicas
952 1630 1058 1689 quid
1089 1639 1186 1673 tres.
1214 1632 1408 1688 Respon—

24 1703 122 1748 deo.
146 1707 272 1747 Pater
293 1711 336 1746 et
359 1702 492 1745 Filius
530 1711 573 1744 et
618 1700 800 1760 Spiritus
843 1709 1032 1744 sanctus.
1069 1703 1181 1744 Ecce
1197 1735 1207 1755 ,
1232 1699 1404 1759 inquit,

24 1783 109 1818 tres
131 1772 299 1826 dixisti,
324 1772 400 1815 sed
422 1771 528 1830 quid
552 1779 637 1814 tres
660 1771 864 1829 exprime,
888 1774 980 1814 lmo
1005 1781 1050 1814 tu
1066 1785 1244 1814 numera
1273 1789 1280 1814 :
1308 1784 1407 1812 nam

25 1859 104 1902 ego
138 1842 338 1902 compleo
360 1852 467 1896 tres,
506 1856 607 1885 curn
630 1840 728 1885 dico
766 1844 891 1884 Pater
921 1851 963 1884 et
989 1840 1124 1884 Filius
1148 1849 1190 1884 et
1223 1840 1406 1899 Spiritus

25 1924 214 1960 sanetus.
241 1914 291 1958 Id
314 1914 431 1957 enim
453 1911 573 1973 quod
592 1915 716 1956 Pater
730 1911 785 1956 ad
807 1928 850 1955 se
872 1922 956 1967 est,
979 1915 1091 1956 Deus
1109 1921 1172 1956 est
1189 1932 1199 1969 3
1217 1912 1334 1971 quod
1353 1910 1408 1954 ad

27 1986 188 2030 Filium
211 1994 293 2039 est,
315 1988 442 2028 Pater
463 1993 526 2028 est
553 2003 561 2027 :
582 1982 703 2042 quod
727 1983 862 2026 Filius
885 1983 939 2027 ad
960 1982 1159 2042 seipsum
1182 1991 1267 2036 est,
1296 1985 1408 2025 Deus

27 2067 113 2114 est,
130 2055 249 2116 quod
271 2054 326 2099 ad
348 2059 520 2099 Patrem
543 2062 627 2108 est,
655 2053 788 2097 Filius
810 2062 888 2097 est.

88 2129 164 2171 IV.
192 2130 277 2170 Ista
291 2141 390 2186 quae
412 2125 510 2169 dico
525 2123 701 2183 potestis
723 2123 777 2167 de
802 2122 1160 2167 similitudinibus
1182 2137 1414 2182 agnoscere

31 2197 308 2259 quotidianis.
336 2200 477 2241 Hor-no
509 2205 552 2239 ct
589 2193 698 2238 alter
729 2195 885 2245 homo,
916 2195 950 2238 si
977 2193 1050 2237 ille
1072 2194 1126 2238 sit
1162 2204 1312 2254 pater,
1341 2193 1415 2238 ille

32 2268 168 2325 filius3
193 2267 313 2328 quod
335 2268 467 2312 homo
489 2274 553 2310 est
568 2301 579 2321 ,
613 2265 668 2310 ad
684 2281 728 2310 se
750 2266 890 2325 ipsum
913 2275 997 2323 est,
1027 2264 1149 2325 quod
1174 2275 1294 2324 pater
1322 2275 1385 2309 est
1400 2300 1411 2320 ,

34 2340 89 2383 ad
112 2339 250 2382 filium
274 2348 335 2382 est
363 2358 371 2382 :
397 2348 439 2382 et
462 2337 575 2380 filius
597 2335 716 2395 quod
735 2337 867 2380 homo
894 2346 979 2390 est,
1005 2335 1058 2379 ad
1081 2351 1125 2379 se
1161 2336 1302 2395 ipsum
1323 2346 1414 2393 est,

34 2408 155 2470 quod
177 2418 323 2452 autem
345 2408 458 2452 filius
481 2417 566 2460 est,
593 2407 645 2450 ad
670 2417 832 2466 patrem
856 2416 933 2451 est.
960 2410 1087 2451 Pater
1108 2409 1220 2451 enim
1257 2421 1416 2451 nomen

37 2490 101 2524 est
120 2480 285 2525 dictum
311 2478 365 2523 ad
397 2477 562 2538 aliquid
580 2512 590 2532 ,
618 2486 661 2521 et
685 2476 797 2521 filius
823 2476 877 2521 ad
905 2476 1069 2537 aliquid
1096 2497 1104 2523 2
1130 2477 1205 2521 sed
1235 2477 1303 2521 isti
1329 2476 1417 2519 duo

37 2551 236 2596 homines
257 2559 374 2595 sunt.
401 2553 457 2595 At
487 2564 590 2594 vero
612 2552 738 2593 Pater
755 2552 869 2593 Deus
891 2547 946 2593 ad
980 2549 1147 2609 aliquid
1167 2557 1232 2593 est
1260 2552 1386 2592 Pater
1402 2582 1413 2602 ‚
