1825 3214
283 185 325 212 m
358 183 531 212 JoAmus
564 181 873 222 Eunomo-M,
908 187 1052 213 'ruscia
1090 186 1190 213 nit.
1338 175 1415 214 241

42 250 147 294 bum
169 257 259 293 erat
283 249 400 308 apud
426 253 575 293 Deum.
601 252 726 294 Nunc
750 264 852 307 ergo
864 250 939 309 qui
959 266 1106 294 sumus
1130 252 1420 307 attendamus,

42 329 84 364 et
105 334 234 380 quem
257 319 482 364 audiamus
504 319 757 378 cogitemus.
789 322 899 363 Deus
922 329 985 363 est
1006 320 1202 364 Christus
1223 343 1232 377 3
1258 332 1299 365 et
1323 337 1426 365 eum

43 390 293 434 hominibus
312 391 505 450 loquitur
538 409 546 434 ;
579 391 672 449 capi
695 406 737 433 se
755 388 871 442 vuit,
901 390 1028 434 saciat
1050 406 1226 449 capaces
1256 411 1264 435 :
1292 392 1427 435 videri

41 476 85 505 se
111 460 227 515 vult,
254 461 418 520 aperiat
452 460 614 505 oculos.
653 463 749 506 Nou
780 469 924 504 tamen
957 461 1047 504 sine
1075 477 1203 505 causa
1237 460 1429 520 loquitur

42 531 182 585 nobis,
204 531 283 575 nisi
305 532 406 591 quia
424 547 574 577 verum
597 541 659 576 est
681 530 800 592 quod
822 532 1036 591 promittit
1058 531 1197 576 nobis.

103 606 182 647 111.
210 603 392 648 «Verba
424 620 517 649 mea
535 639 546 659 ,
585 604 749 663 inquit,
780 605 855 664 qui
891 603 1038 657 audit,
1065 613 1108 647 et
1129 602 1268 648 eredit
1293 603 1330 647 ei
1353 604 1430 664 qui

44 691 65 714 »
102 689 170 717 me
204 675 340 729 misit,
373 675 505 719 habet
533 676 665 719 vitam
689 683 921 727 aeternam,
948 684 990 718 et
1019 674 1063 718 in
1096 675 1314 734 judicium
1343 691 1432 719 non

45 762 64 785 »
100 745 266 799 veniet,
305 745 380 789 sed
411 746 577 789 transiit
605 760 628 789 a
652 754 791 789 morte
813 745 867 789 ad
890 745 1039 789 vitam.
1069 763 1088 786 »
1120 745 1228 799 Ubi,
1253 744 1432 806 quando

41 816 238 860 venimus
268 815 323 859 de
351 826 490 860 morte
515 815 569 860 ad
593 816 754 870 vitam,
781 825 830 860 ut
852 832 940 860 non
972 816 1017 860 in
1047 817 1261 876 judicium
1285 817 1434 860 venia-

42 888 165 930 mus?
187 890 234 930 ln
263 887 344 930 hae
362 887 448 930 vita
475 887 679 930 transitur
708 902 730 930 a
754 895 893 930 morte
912 886 966 930 ad
984 887 1116 930 vitam
1140 906 1148 931 ε
1176 887 1219 930 in
1245 888 1325 932 hac
1348 888 1435 932 vita

41 972 142 1017 quae
175 957 374 1001 nondum
405 966 468 1001 est
502 959 587 1001 vita
605 993 615 1011 ,
642 958 744 1001 hine
768 957 975 1000 transitur
998 972 1019 1000 a
1043 966 1182 1001 morte
1203 957 1257 1001 ad
1280 958 1429 1002 vitam.

42 1029 147 1082 Quis
170 1038 234 1072 est
266 1027 339 1072 ille
363 1029 595 1073 transitus?
623 1049 638 1068 «
675 1029 759 1082 Qui
783 1027 905 1072 audit
927 1028 1056 1071 verba
1086 1044 1203 1083 mea,
1229 1028 1363 1084 dixit,
1392 1039 1436 1074 et

43 1115 64 1137 1»
101 1099 239 1143 credit
259 1100 295 1142 ei
319 1100 394 1159 qui
418 1099 533 1143 misit
556 1115 640 1142 me.
672 1120 688 1140 »
718 1101 898 1143 Servans
917 1098 995 1141 ista
1012 1098 1150 1142 eredis
1166 1133 1177 1152 ,
1202 1107 1244 1142 et
1262 1101 1430 1143 transis.

44 1171 100 1213 Et
120 1178 184 1213 est
205 1169 281 1229 qui
305 1169 460 1213 stando
484 1169 667 1213 transit?
698 1167 831 1213 Plane
861 1177 923 1212 est
943 1187 950 1212 :
977 1176 1061 1212 stat
1084 1168 1199 1211 enim
1222 1184 1403 1227 corpore
1420 1204 1431 1224 ,

43 1241 196 1284 transit
228 1250 388 1284 mente.
429 1240 512 1284 rbi
535 1250 654 1294 erat,
681 1238 800 1283 unde
824 1238 1050 1293 transiret,
1076 1248 1118 1283 et
1141 1255 1230 1299 quo
1252 1240 1436 1283 transit?

45 1311 213 1354 Transit
231 1327 253 1354 n
276 1320 414 1355 morte
437 1310 494 1354 ad
515 1311 664 1354 vitam.
686 1310 796 1353 Vide
814 1324 951 1353 unum
975 1309 1197 1366 hominem
1221 1318 1406 1353 stantem
1421 1344 1432 1364 ,

42 1380 88 1424 in
107 1397 196 1441 quo
214 1390 366 1440 agatur
389 1390 530 1425 totum
552 1381 636 1425 hoc
653 1379 774 1441 quod
802 1379 978 1424 dicitur.
1008 1382 1128 1435 Stat,
1149 1380 1300 1434 audit,
1322 1379 1434 1424 forte

43 1467 131 1496 non
153 1452 384 1507 credebat,
405 1451 625 1496 audiendo
647 1451 806 1496 eredit:
825 1451 957 1511 paulo
975 1460 1075 1495 ante
1098 1467 1186 1495 non
1208 1450 1431 1506 credebat,

42 1521 172 1566 modo
197 1521 335 1566 credit
356 1542 365 1566 ;
391 1522 514 1582 quasi
545 1522 600 1566 de
624 1522 798 1580 regione
830 1520 1098 1565 infidelitatis
1132 1522 1187 1564 ad
1212 1521 1434 1580 regionem

42 1591 144 1636 fidei
173 1593 401 1636 transitum
433 1592 561 1647 feeit,
593 1602 713 1636 moto
747 1590 906 1644 corde,
943 1606 1032 1634 non
1065 1600 1184 1634 moto
1219 1605 1428 1649 corpore:

42 1671 162 1706 moto
184 1662 227 1705 in
246 1661 400 1706 melius
421 1681 429 1706 2
451 1662 551 1722 quia
571 1662 728 1705 iterum
750 1661 825 1720 qui
847 1660 1055 1704 deserunt
1074 1660 1204 1704 fidem
1224 1695 1234 1714 ,
1259 1676 1434 1704 moven-

43 1741 114 1778 tur
142 1733 187 1777 iu
215 1733 419 1777 deterius.
446 1736 559 1777 Ecce
586 1733 631 1776 in
659 1733 740 1776 hae
769 1732 879 1785 vita,
905 1747 1025 1791 quae,
1051 1732 1162 1775 sieut
1183 1730 1294 1784 dixi,
1320 1746 1434 1774 non-

43 1803 149 1848 dum
172 1812 235 1847 est
257 1804 343 1847 vita
359 1838 370 1858 ,
397 1803 603 1846 transitur
624 1817 648 1845 a
670 1810 813 1845 morte
836 1800 890 1844 ad
908 1802 1039 1845 vitam
1056 1836 1066 1856 ,
1092 1811 1137 1844 ut
1155 1801 1199 1844 in
1214 1800 1434 1860 judicium

41 1889 131 1919 non
154 1873 367 1918 veniatur.
393 1876 537 1926 Quare
559 1881 704 1917 autem
727 1871 813 1915 dixi
833 1905 843 1925 ,
875 1870 979 1931 quia
1004 1871 1203 1915 nondum
1227 1880 1292 1914 est
1313 1871 1432 1914 vita?

44 1946 87 1991 Si
109 1945 195 1989 vita
217 1954 326 1989 esset
358 1945 435 1989 ista
451 1979 463 1999 ,
488 1960 577 1988 non
596 1942 761 1987 diceret
789 1941 998 1986 Dominus
1028 1941 1230 1999 cuidam,
1258 1960 1278 1983 «
1304 1941 1346 1986 Si
1368 1941 1431 1984 vis

45 2032 65 2056 »
100 2015 248 2059 venire
288 2015 342 2058 ad
381 2014 514 2058 vitam
547 2023 780 2067 aeternam,
816 2027 938 2056 serva
976 2011 1180 2056 mandata
1208 2013 1238 2054 ¹.
1273 2030 1293 2052 »
1331 2013 1430 2055 Non

43 2085 159 2129 enim
188 2084 248 2128 ait
269 2084 357 2137 illi,
385 2084 425 2128 Si
459 2084 521 2127 vis
552 2084 698 2127 venire
726 2082 782 2127 ad
809 2083 968 2137 vitam,
989 2098 1078 2127 non
1106 2080 1274 2126 addidit
1306 2090 1431 2125 aeter-

42 2169 141 2198 nam
159 2188 171 2209 ,
196 2153 271 2198 sed
294 2156 464 2197 tantum
487 2153 619 2208 dixit,
647 2154 794 2196 vitam.
823 2155 939 2211 Ergo
960 2153 1041 2197 ista
1062 2168 1142 2196 nec
1171 2152 1260 2196 vita
1282 2151 1427 2196 nomi-

43 2224 187 2270 nanda
207 2233 298 2279 est,
322 2224 424 2284 quia
446 2240 535 2269 non
551 2233 615 2268 est
635 2239 735 2268 vera
751 2225 852 2268 vita.
879 2226 987 2277 Quae
1009 2232 1072 2267 est
1093 2238 1193 2267 vera
1214 2223 1299 2267 vita
1315 2258 1326 2277 ,
1347 2223 1430 2267 nisi

41 2311 141 2357 quae
163 2304 227 2340 est
242 2304 404 2340 aeterna
425 2295 544 2339 vita?
567 2293 680 2339 Audi
702 2293 960 2354 Apostolum
978 2294 1196 2339 dicentem
1214 2293 1269 2338 ad
1288 2294 1428 2338 Timo-

44 2367 193 2411 theum
215 2385 224 2411 :
250 2385 270 2408 «
294 2366 484 2425 Praecipe
518 2365 725 2410 divitibus
757 2365 887 2424 hujus
919 2364 1092 2421 saeculi,
1117 2380 1206 2409 non
1239 2363 1426 2422 superbe

91 2480 98 2497 ¹
124 2474 243 2508 Matth.
263 2485 294 2515 x,
319 2485 369 2515 ¹7-

254 2549 393 2580 cxxu.
1217 2537 1264 2574 iti
