1825 3214
303 260 345 286 m
379 258 552 287 soumis
584 257 893 296 EVANGELIUM‚
914 258 1057 286 rimer.
1093 260 1168 286 xx.
1334 247 1419 287 219

35 332 78 368 et
100 323 309 378 animum,
330 332 372 367 et
393 338 492 383 sape
517 326 666 367 Deum.
690 325 785 368 Non
810 324 946 381 tangis
964 326 1100 366 Deum
1120 359 1130 377 ,
1156 323 1236 366 nisi
1259 332 1301 367 et
1325 324 1420 367 ani-

35 410 156 439 mum
182 395 396 438 transieris
431 413 438 438 :
464 403 630 454 quanto
652 395 793 438 minus
816 394 954 452 tangis
971 429 980 447 ,
1007 395 1039 437 si
1066 395 1108 436 in
1144 408 1272 436 carne
1296 410 1421 438 man-

36 467 152 511 seris.
181 466 247 510 llli
283 481 386 524 ergo
418 466 493 525 qui
518 467 690 525 sapiunt
717 481 914 519 carnem,
940 480 1070 526 quam
1100 465 1228 523 longe
1270 475 1370 510 sunt
1401 484 1422 511 a

35 530 242 598 sapiendo
262 539 379 598 quod
409 541 520 581 Deus
537 547 597 581 ost
616 557 623 582 :
649 538 749 598 quia
771 550 857 581 rron
876 537 936 580 ibi
955 546 1112 590 essent,
1135 538 1265 580 etiarn
1287 537 1319 579 si
1336 538 1423 581 ani-

36 624 156 653 mum
195 618 408 668 saperent.
450 609 630 653 Recedit
669 610 799 653 homo
833 607 1023 652 multum
1063 624 1085 651 a
1124 610 1213 651 Deo
1247 608 1425 667 quando

36 680 147 739 sapit
168 665 397 724 carnaliter
414 715 424 735 ,
450 689 492 723 et
518 679 703 723 multum
729 680 905 723 interest
935 679 1048 722 iuter
1070 693 1243 722 carnem
1265 687 1307 722 et
1331 679 1425 722 ani-

36 765 155 794 mum
183 770 190 795 ;
219 750 315 809 plus
335 760 478 794 tamen
502 751 678 794 interest
701 751 813 794 inter
835 751 1027 794 animum
1058 759 1101 793 et
1128 752 1281 793 Deum.
1311 752 1375 793 Tu
1393 750 1427 794 si

37 821 82 865 in
105 821 248 865 animo
277 837 320 864 es
336 856 345 873 ‚
373 821 413 864 in
437 822 581 866 medio
605 837 648 865 es
677 840 685 866 :
706 822 738 866 si
771 821 881 866 infra
907 821 1092 866 attendis
1108 857 1118 876 ‚
1145 837 1302 881 corpus
1324 831 1387 866 est
1414 842 1422 866 ε

39 892 72 935 si
99 906 228 951 supra
259 891 467 945 attendis,
498 895 609 936 Deus
632 901 709 936 est.
753 891 916 937 Attolle
946 901 988 936 te
1022 908 1042 935 a
1067 907 1269 952 corpore,
1294 893 1426 937 transi

38 962 164 1006 etiam
208 971 264 1006 te.
311 962 422 1007 Vide
459 963 575 1006 enim
614 963 721 1022 quid
763 963 870 1007 dixit
911 962 1105 1007 Psalmus
1123 999 1133 1017 ‚
1183 972 1226 1007 et
1274 963 1428 1008 admo-

37 1033 150 1077 neris
168 1032 542 1093 quemadmodum
564 1032 795 1093 sapiendus
827 1033 881 1078 sit
904 1036 1017 1078 Deus
1053 1052 1062 1079 :
1091 1053 1111 1076 «
1131 1039 1270 1078 Factae
1300 1042 1424 1090 sunt,

40 1121 60 1144 »
95 1103 254 1164 inquit,
276 1103 380 1148 mihi
395 1103 600 1161 lacrymae
615 1119 723 1147 meae
741 1118 872 1164 panes
890 1103 960 1147 die
978 1119 1026 1148 ac
1043 1113 1192 1160 nocte,
1210 1119 1310 1148 cum
1325 1103 1428 1149 dici-

41 1192 62 1216 »
97 1175 283 1219 turmihi
298 1174 516 1235 quotidie:
540 1174 623 1219 Ubi
639 1185 703 1219 est
718 1178 831 1219 Deus
847 1176 1012 1219 tuuSP»
1034 1178 1258 1236 Tanquam
1271 1177 1428 1236 pagani

39 1245 187 1290 dicant
215 1265 223 1290 :
257 1249 370 1290 Ecce
391 1246 451 1290 dii
474 1247 636 1298 nostri,
661 1249 775 1291 Deus
802 1256 942 1291 vester
964 1246 1042 1291 ubi
1064 1249 1152 1292 est?
1179 1246 1429 1292 Ostendunt

39 1305 152 1349 enim
181 1304 242 1349 illi
268 1305 388 1365 quod
422 1304 595 1350 videtur
629 1321 638 1347 τ
670 1321 748 1351 nos
770 1305 955 1351 colimus
980 1307 1101 1367 quod
1126 1322 1216 1351 non
1236 1305 1424 1351 videtur.

39 1377 97 1420 Et
119 1376 188 1420 cui
212 1375 522 1420 ostendamus?
544 1376 710 1421 homini
734 1376 809 1437 qui
832 1392 921 1422 non
951 1377 1086 1422 habet
1112 1377 1231 1432 unde
1258 1376 1430 1423 videat?

38 1447 147 1491 Nam
171 1446 324 1507 utique
341 1447 373 1490 si
393 1446 473 1506 ipsi
493 1447 596 1491 deos
610 1463 709 1491 suos
727 1446 876 1492 vident
899 1447 1033 1493 oculis
1047 1468 1054 1493 z
1070 1449 1283 1492 habemus
1296 1458 1340 1493 et
1351 1464 1430 1494 nos

40 1514 145 1561 alios
167 1516 337 1572 oculos⁷
368 1517 487 1561 unde
519 1516 745 1562 videamus
773 1521 913 1562 Deum
947 1528 1160 1563 nostrum.
1200 1519 1286 1578 Ipsi
1313 1518 1430 1564 oculi

40 1586 283 1632 mundandi
297 1597 398 1632 sunt
411 1591 532 1632 aDeo
550 1598 698 1633 nostro
713 1624 723 1643 ,
740 1598 789 1632 ut
806 1589 1030 1633 videamus
1047 1592 1186 1633 Deum
1203 1598 1399 1634 nostrum
1417 1609 1425 1635 :

44 1675 64 1699 «
88 1658 207 1702 Beati
231 1658 346 1702 enim
360 1657 529 1703 mundo
547 1660 702 1716 eorde3
726 1659 824 1719 quia
852 1660 932 1718 ipsi
956 1663 1093 1719 Deum
1110 1660 1327 1705 videbunt
1348 1664 1379 1704 ².
1405 1679 1425 1702 υ

40 1730 157 1787 Ergo
170 1744 321 1773 cumse
334 1729 646 1773 conturbatum
656 1729 845 1784 dixisset,
864 1745 962 1774 cum
973 1730 1425 1791 diciturilliquotidie:

41 1798 125 1843 Ubi
140 1808 204 1843 est
221 1802 334 1843 Deus
347 1808 447 1843 tuus
467 1817 475 1844 ε
498 1802 602 1843 Haec
620 1810 884 1844 memoratus
895 1816 1008 1856 sum,
1023 1802 1182 1862 inquit,
1204 1803 1307 1862 quia
1322 1802 1429 1847 dici-

41 1878 112 1913 tur
126 1870 231 1913 mihi
253 1869 451 1929 quotidie
475 1889 483 1914 :
510 1870 591 1914 Ubi
610 1880 676 1914 est
696 1874 807 1915 Deus
819 1880 917 1916 tuus
939 1891 946 1916 :
969 1881 1012 1916 et
1033 1874 1155 1932 quasi
1180 1872 1331 1918 volens
1353 1889 1430 1933 ap-

40 1940 311 2000 prehendere
326 1944 462 1985 Deum
477 1956 622 1996 suum,
645 1960 665 1984 «
686 1945 790 1987 Haec
808 1953 1071 1988 memoratus
1086 1959 1199 2000 sum,
1212 1946 1372 2006 inquit,
1387 1955 1430 1990 et

45 2031 63 2053 w
99 2011 235 2055 effudi
257 2027 386 2071 super
408 2027 476 2056 me
493 2013 681 2057 animam
694 2028 835 2058 meam
858 2015 889 2059 ³.
922 2033 941 2056 »
976 2017 1031 2059 Ut
1051 2031 1153 2074 ergo
1171 2016 1429 2075 attingerem

41 2084 179 2126 Deum
204 2097 351 2126 meum
366 2117 376 2136 ‚
398 2081 452 2126 de
473 2099 563 2143 quo
577 2083 684 2127 mihi
701 2083 954 2130 dicebatur:
979 2087 1063 2130 Ubi
1087 2095 1150 2131 est
1173 2090 1285 2131 Deus
1306 2097 1425 2144 tuus,

41 2167 130 2196 non
154 2151 288 2195 effudi
309 2153 494 2196 animam
521 2168 659 2197 meam
678 2169 806 2214 super
827 2171 1000 2201 carnem
1025 2173 1183 2212 meam,
1209 2159 1283 2203 sed
1300 2174 1430 2219 super

18 2282 21 2284 Ι
41 2237 112 2265 me
133 2240 142 2266 :
164 2223 509 2277 transcendime‚
531 2222 718 2268 utillum
740 2234 977 2285 tangerem.
998 2227 1077 2272 Ille
1093 2229 1208 2272 enim
1224 2238 1286 2273 est
1301 2245 1429 2290 super

40 2307 126 2347 me,
144 2292 220 2352 qui
232 2293 336 2336 fecit
351 2308 418 2336 me
431 2308 583 2338 :nemo
603 2309 703 2338 eum
725 2295 916 2356 attingit,
942 2298 1021 2342 nisi
1038 2299 1114 2358 qui
1129 2301 1344 2345 transierit
1364 2317 1423 2345 se.

98 2365 202 2406 XII.
237 2364 390 2422 Cogita
411 2379 584 2424 eorpus,
610 2365 791 2410 mortale
813 2376 898 2422 est,
919 2377 1142 2413 terrenum
1159 2380 1247 2427 est,
1272 2371 1426 2431 fragile

39 2442 119 2488 est,
136 2433 418 2493 corruptibile
435 2443 498 2479 est
518 2453 527 2479 :
546 2435 699 2495 abjice.
720 2435 804 2480 Sed
819 2436 931 2482 forte
952 2454 1052 2485 caro
1070 2441 1319 2500 temporalis
1337 2444 1427 2486 est‘?

20 2503 135 2549 ‘Alia
155 2519 336 2564 corpora
357 2505 514 2564 cogita,
537 2505 730 2551 coelestia
742 2522 923 2567 corpora
940 2511 1081 2569 cogita
1103 2531 1114 2570 3
1139 2513 1316 2571 majora,
1334 2527 1424 2558 me-

87 2594 97 2609 ¹
116 2589 198 2621 Psal.
212 2587 319 2631 xm,4.
335 2605 375 2613 -
392 2595 403 2612 ²
422 2589 537 2624 Matth.
558 2600 590 2631 v,
613 2589 646 2622 8.
668 2606 709 2615 —-
728 2589 741 2614 ³
755 2591 836 2624 Psal.
866 2603 930 2633 xm,
951 2593 983 2625 5.
