1825 3214
302 217 346 244 m
378 214 552 243 somme
584 212 869 241 nvauozuuw
889 229 900 251 ‚
935 213 1081 240 τιιΑετ.
1120 215 1161 240 x.
1367 202 1419 239 55»

41 303 60 325 »
94 283 156 327 ibi
177 289 428 326 manserunt
449 294 538 323 non
571 277 716 322 multis
742 277 896 321 diebus
914 280 944 321 ¹.
980 297 999 318 »
1029 280 1140 322 Ecce
1175 278 1305 322 babet
1326 292 1420 322 ma-

40 364 148 399 trem
165 387 177 408 ‚
203 351 335 396 habet
373 350 524 395 fratres
541 384 551 404 ‚
579 350 708 393 babet
741 358 783 392 et
812 349 1053 408 Discipulos
1079 367 1087 393 ε
1115 348 1214 392 inde
1240 350 1390 394 fratres
1408 385 1419 404 ,

38 425 156 469 unde
187 432 384 468 matrem.
421 426 591 465 Fratres
626 421 741 464 enim
773 420 995 480 Scriptura
1018 429 1191 474 nostra,
1232 435 1319 464 non
1352 436 1424 465 cos

37 496 149 540 solos
171 494 388 554 appellare
411 491 650 546 consuevit,
668 490 744 550 qui
767 499 1006 534 nascuntur
1027 505 1075 534 ex
1100 489 1252 534 eodem
1274 490 1366 534 viro
1383 501 1426 535 ct

41 565 222 611 foemina
241 600 252 619 ‚
273 575 349 610 aut
370 580 420 608 ex
440 564 594 608 eodem
614 571 756 616 utero,
778 571 852 606 aut
874 577 924 606 ex
939 562 1091 606 eodem
1115 570 1251 621 patre,
1278 578 1428 621 quam-

39 639 102 681 vis
133 636 310 681 diversis
344 636 583 689 matribus,
619 642 694 678 aut
725 643 840 678 certe
875 650 925 677 cx
947 634 1101 678 eodem
1123 632 1276 691 gradu,
1307 633 1428 677 velut

39 708 355 768 compatrueles
383 716 456 751 aut
495 705 774 750 consobrinos
799 721 809 749 .·
845 719 932 748 non
957 705 1096 749 solum
1132 705 1208 748 hos
1245 704 1424 759 fratres,

41 780 164 824 novit
186 778 329 823 dicere
354 779 574 836 Scriptura
597 785 758 820 nostra.
783 775 1012 828 Quomodo
1036 775 1231 835 loquitur
1247 810 1258 829 ,
1279 775 1337 819 sic
1361 776 1429 818 in-

41 849 274 909 telligenda
306 858 382 892 est.
424 848 564 891 Habet
603 846 798 905 linguam
830 861 951 890 suam
980 865 987 890 :
1016 846 1284 906 quicumque
1320 846 1430 889 hanc

40 921 235 980 linguam
257 921 410 974 nescit,
426 919 644 972 turbatur,
666 927 708 961 et
726 916 832 962 dicit
853 936 862 962 :
890 917 1014 961 Unde
1038 916 1190 960 fratres
1214 917 1429 961 Domino?

42 994 155 1037 Num
180 991 296 1034 enim
319 990 454 1034 Maria
477 989 635 1032 iterum
662 988 860 1047 peperit?
883 986 1021 1031 Absit.
1052 986 1157 1030 lnde
1179 987 1314 1046 coepit
1334 987 1428 1045 dig-

39 1063 150 1107 nitas
168 1062 401 1119 virginum.
422 1059 500 1104 Illa
517 1059 700 1104 foemina
726 1067 863 1102 mater
884 1073 973 1103 esse
990 1059 1149 1117 potuit,
1167 1058 1324 1101 mulier
1339 1073 1428 1103 esse

43 1148 131 1178 non
152 1133 310 1193 potuit.
339 1132 459 1176 Dicta
482 1140 546 1175 est
568 1139 713 1174 autem
737 1128 892 1174 mulier
914 1129 1153 1173 secundum
1172 1127 1427 1173 foemineum

40 1219 212 1259 sexum,
238 1219 325 1248 non
349 1201 591 1247 secundum
619 1201 944 1260 corruptionem
964 1200 1222 1258 integritatis
1249 1218 1257 1244 :
1282 1209 1325 1243 et
1346 1200 1429 1244 hoc

41 1290 92 1319 ex
126 1274 275 1332 lingua
311 1274 443 1333 ipsius
468 1273 716 1332 Scripturae.
740 1274 850 1317 Nam
885 1280 928 1315 et
951 1274 1041 1315 Eva
1074 1271 1216 1315 statim
1240 1270 1352 1315 facta
1375 1269 1430 1314 dc

43 1345 177 1390 latere
203 1345 283 1390 viri
304 1345 398 1399 sui,
429 1343 628 1389 nondum
652 1350 851 1388 contacta
879 1357 903 1386 a
926 1343 1018 1387 viro
1041 1357 1142 1397 suo,
1170 1342 1303 1388 nostis
1328 1343 1428 1403 quia

42 1416 199 1461 mulier
220 1415 434 1476 appellata
458 1423 522 1459 est
546 1433 554 1460 :
582 1433 602 1457 «
619 1417 676 1459 Et
693 1413 896 1459 formavit
918 1429 1010 1458 eam
1036 1414 1080 1457 in
1101 1413 1331 1458 mulierem
1343 1416 1375 1457 ².
1405 1431 1425 1455 »

43 1487 169 1533 Unde
190 1502 294 1546 ergo
316 1484 497 1530 fratres?
515 1486 699 1545 Cognati
715 1485 862 1530 Mariae
876 1483 1028 1529 fratres
1046 1485 1234 1539 Domini,
1252 1484 1306 1528 de
1318 1500 1431 1544 quo-

41 1558 150 1603 libet
171 1557 306 1616 gradu
336 1558 524 1616 cognati.
551 1556 676 1602 Unde
697 1556 966 1615 probamus?
989 1558 1052 1600 Ex
1074 1555 1165 1614 ipsa
1190 1555 1425 1614 Scriptura.

43 1632 195 1674 Frater
218 1629 405 1673 Abrahae
425 1626 566 1672 dictus
589 1636 653 1671 est
676 1630 757 1671 Lot
772 1627 787 1652 ³
809 1647 820 1683 3
851 1625 964 1669 filius
995 1633 1085 1668 erat
1108 1623 1250 1668 fratris
1277 1625 1426 1684 ipsius.

45 1703 160 1759 Lege
176 1735 187 1753 ,
213 1708 255 1743 et
272 1699 463 1743 invenies
485 1698 585 1758 quia
608 1697 826 1741 Abraham
846 1706 1024 1755 patruus
1040 1706 1130 1739 erat
1152 1699 1245 1750 Lot,
1266 1704 1309 1739 et
1326 1696 1430 1740 dicti

43 1779 145 1816 sunt
167 1769 318 1814 fratres
334 1772 365 1813 ⁴.
388 1769 534 1821 Unde,
551 1768 633 1812 nisi
650 1767 753 1828 quia
770 1768 974 1825 cognati?
993 1770 1103 1811 Item
1125 1767 1261 1811 Jacob
1279 1769 1429 1811 Laban

47 1844 205 1899 Syrum
228 1839 417 1884 habebat
444 1837 708 1883 avunculum
734 1857 743 1883 2
770 1837 902 1882 frater
924 1838 1037 1881 enim
1061 1846 1152 1881 erat
1175 1838 1321 1881 Laban
1344 1853 1430 1881 ma·

44 1910 120 1956 tris
153 1910 317 1965 Jacob,
342 1909 388 1953 id
411 1917 499 1963 est,
529 1908 740 1953 Rebeccae
769 1908 914 1952 uxoris
936 1911 1068 1952 Isaac.
1097 1911 1210 1966 Lege
1233 1909 1428 1968 Scriptu-

45 1997 153 2037 ram,
171 1991 214 2026 et
228 1978 420 2025 invenies
437 1981 539 2041 quia
556 1980 709 2024 fratres
731 1980 938 2025 dicuntur
952 1979 1193 2025 avunculus
1210 1988 1254 2024 et
1274 1981 1430 2025 sororis

45 2052 160 2097 filius
176 2055 207 2096 ⁵.
233 2055 329 2105 Qua
355 2052 506 2110 regula
538 2052 709 2110 cognita
727 2085 738 2105 ‚
774 2051 968 2095 invenies
996 2042 1429 2110 omnes'consangui-

45 2139 150 2168 neos
170 2124 319 2168 Mariae
340 2122 494 2167 fratres
515 2137 605 2166 esse
625 2123 800 2168 Christi.

107 2197 188 2238 111.
221 2194 304 2239 Sed
336 2193 399 2237 illi
425 2192 632 2253 Discipuli
658 2194 790 2252 magis
820 2201 944 2237 erant
965 2192 1144 2251 fratres3
1175 2193 1277 2254 quia
1306 2202 1348 2238 et
1368 2193 1432 2237 illi

46 2266 219 2325 cognati
237 2263 390 2310 fratres
411 2279 501 2309 non
523 2273 686 2319 essent,
701 2265 735 2308 si
752 2263 952 2324 discipuli
970 2279 1059 2308 non
1081 2273 1225 2308 essent
1246 2284 1254 2309 :
1278 2273 1320 2309 et
1342 2264 1433 2308 sine

47 2352 172 2382 causa
194 2335 360 2390 fratres,
378 2336 413 2380 si
430 2337 680 2394 magistrum
695 2351 784 2380 non
807 2345 1090 2395 agnoscerent
1114 2334 1306 2380 fratrem.
1323 2338 1432 2381 Nam

48 2409 238 2469 quodam
255 2408 352 2452 loco
379 2423 478 2452 cum
499 2408 538 2451 ei
558 2408 747 2452 nuntiati
769 2416 908 2452 essent
930 2416 1067 2452 mater
1097 2417 1141 2452 et
1161 2406 1315 2452 fratres
1344 2409 1434 2466 ejus

97 2510 106 2527 ¹
123 2505 415 2544 Joan.1i,12—²
433 2506 510 2536 Gen.
533 2515 567 2542 ii,
593 2501 931 2544 21.—-3m.xm‚8‚
953 2507 984 2535 et
1003 2515 1074 2543 xlv,
1097 2502 1193 2544 ilp—
1213 2501 1227 2531 4
1249 2503 1282 2533 Id
1319 2513 1361 2541 xi,
1379 2502 1429 2533 31.

53 2577 91 2582 —
115 2557 295 2592 ⁵1·!.xm.
326 2561 373 2590 15.
