1825 3214
311 195 355 222 m
389 191 563 220 JOANMS
596 188 902 228 nuncianum,
936 187 1082 218 macr.
1121 190 1192 215 xx.
1365 178 1443 213 ‘211

65 279 84 302 «
107 260 192 313 Qui
211 268 352 319 potest
374 273 526 319 capere
538 257 747 317 capiat¹.»
761 257 844 309 Qui
859 263 1002 299 autem
1020 269 1173 313 capere
1187 268 1276 298 non
1288 261 1448 312 potest,

62 346 151 376 non
172 329 278 374 mihi
300 329 536 384 adscribat,
562 327 638 374 sed
662 326 852 372 tarditati
876 341 986 379 suae,
1012 333 1055 368 ct
1082 332 1306 369 convertat
1327 338 1371 367 se
1392 323 1449 367 ad

60 400 184 446 illum
206 401 284 462 qui
305 416 380 446 cor
408 400 566 460 aperit,
592 408 643 444 ut
673 396 878 444 infundat
904 395 1024 457 quod
1052 396 1201 440 donat.
1231 399 1453 440 Postremo

60 481 104 518 et
125 472 159 517 si
180 472 412 533 quisquam
433 480 662 531 propterea
685 484 775 515 non
796 466 1078 522 intellexerit,
1103 465 1206 526 quia
1229 481 1318 509 non
1342 482 1364 510 a
1382 480 1453 510 me

60 543 120 588 sic
135 543 304 589 dictum
329 551 394 588 est
415 551 466 587 ut
481 541 567 587 dici
583 540 759 596 debuit,
780 539 975 598 ignoscat
990 538 1195 583 humanae
1211 535 1452 595 fragilitati,

61 622 105 660 et
120 613 337 674 supplicet
363 613 522 658 divinae
544 611 746 658 bonitati.
774 610 996 656 Habemus
1021 608 1138 653 enim
1159 608 1277 653 intus
1294 608 1454 666 magis-

64 693 178 730 trum
197 685 435 730 Christum.
457 681 681 744 Quidquid
695 697 773 742 per
788 695 937 726 aurem
954 689 1141 725 vestram
1153 714 1164 735 ‚
1183 688 1226 724 et
1243 694 1289 724 os
1306 693 1453 724 meum

61 771 216 817 capere
233 772 323 802 non
341 755 583 816 potueritis,
600 755 646 799 in
662 754 794 800 corde
814 762 956 799 vestro
977 752 1034 797 ad
1055 767 1155 796 eum
1174 750 1457 797 convertimi-

64 829 110 872 ni
128 863 139 883 ,
164 828 240 888 qui
258 837 301 872 et
320 843 389 872 me
410 826 541 872 docet
556 825 677 888 quod
692 825 865 886 loquor,
885 833 928 869 ct
941 823 1065 869 vobis
1082 822 1459 884 quemadmodum

61 900 268 959 dignatur
289 899 525 944 distribuit.
554 899 639 952 Qui
661 898 781 942 novit
805 897 912 957 quid
934 895 1010 940 det
1030 904 1073 939 et
1096 894 1164 939 cui
1192 894 1288 948 det,
1317 893 1456 938 aderit

67 971 255 1031 petenti,
282 980 325 1015 ct
345 970 507 1030 aperiet
531 970 734 1029 pulsanti.
763 971 814 1012 Et
833 968 865 1012 si
887 966 996 1011 forte
1011 982 1100 1011 non
1118 965 1308 1019 dederit,
1329 980 1457 1009 nemo

64 1056 108 1086 se
133 1040 250 1086 dicat
279 1040 515 1085 desertum.
543 1043 673 1084 Forte
695 1040 809 1082 enim
835 1038 1001 1097 aliquid
1033 1037 1136 1080 dare
1170 1035 1346 1088 differt,
1380 1034 1456 1079 sed

64 1113 284 1174 neminem
300 1113 558 1156 esurientem
578 1109 798 1169 relinquit.
818 1110 860 1154 Si
875 1109 990 1152 enim
1006 1124 1094 1152 non
1116 1107 1191 1151 dat
1214 1106 1268 1151 ad
1282 1108 1432 1150 horam
1447 1141 1458 1162 ,

63 1191 230 1227 exercet
252 1192 543 1242 quferentem,
571 1197 659 1226 non
682 1181 924 1225 contemnit
948 1188 1183 1239 petentem.
1208 1178 1362 1222 Videte
1385 1193 1456 1221 er-

66 1269 120 1313 go
141 1263 184 1298 ct
212 1253 422 1298 attendite
444 1253 552 1313 quid
572 1252 702 1296 velim
724 1252 888 1307 dicere,
915 1252 993 1295 etsi
1018 1250 1129 1296 forte
1159 1266 1248 1295 non
1279 1250 1453 1309 possim.

65 1324 290 1371 Catholica
324 1325 431 1369 fides
460 1325 543 1369 hoc
575 1325 709 1368 habet
742 1324 910 1366 firmata
946 1322 1108 1382 Spiritu
1133 1322 1208 1365 Dei
1237 1321 1281 1365 in
1302 1321 1458 1366 sanctis

65 1398 155 1456 ejus
170 1432 182 1451 ,
202 1406 352 1441 contra
373 1412 546 1440 omnem
565 1396 813 1439 haercticam
838 1395 1093 1454 pravitatem
1111 1429 1121 1448 ,
1140 1393 1241 1453 quia
1262 1394 1396 1438 Patris
1415 1402 1458 1438 et

67 1467 164 1512 Filii
195 1483 326 1528 opera
349 1467 649 1527 inseparabilia
671 1476 787 1512 sunt.
815 1466 933 1520 Quid
961 1475 1024 1510 est
1046 1464 1168 1526 quod
1197 1464 1310 1508 dixi?
1333 1467 1457 1518 Quo-

65 1537 196 1583 modo
218 1540 309 1598 ipse
334 1542 460 1583 Pater
481 1548 524 1583 et
545 1537 680 1582 Filius
707 1536 1015 1596 inseparabiles
1035 1545 1160 1590 sunt,
1181 1536 1238 1580 sic
1261 1545 1303 1579 et
1325 1551 1457 1593 opera

68 1609 203 1654 Patris
226 1619 269 1654 et
292 1609 387 1654 Filii
409 1608 712 1668 inseparabilia
729 1616 845 1652 sunt.
869 1606 1102 1660 Quomodo
1119 1610 1244 1651 Pater
1262 1616 1305 1650 et
1325 1608 1459 1651 Filius

68 1680 376 1739 inseparabiles
401 1681 527 1723 sunt?
550 1679 660 1732 Quia
682 1678 772 1737 ipse
793 1677 901 1722 dixit
922 1697 930 1722 ;
953 1697 972 1719 «
993 1680 1086 1736 Ego
1108 1687 1151 1722 et
1173 1682 1300 1722 Pater
1322 1694 1460 1723 unum

71 1769 90 1792 »
126 1766 276 1796 sumus
290 1755 323 1795 ’ἦ
347 1769 366 1791 »
389 1751 502 1804 Quia
527 1754 654 1794 Pater
671 1759 715 1793 et
737 1749 872 1794 Filius
903 1766 990 1794 non
1023 1759 1125 1793 sunt
1150 1751 1239 1794 duo
1268 1749 1353 1804 dii,
1379 1750 1456 1794 sed

70 1837 186 1865 unus
211 1824 348 1876 Deus,
377 1821 570 1864 Verbum
593 1829 637 1864 et
664 1821 789 1880 cujus
811 1829 874 1864 est
895 1820 1116 1874 Verbunr,
1149 1835 1262 1864 unus
1284 1830 1327 1864 et
1351 1820 1459 1865 Uni-

69 1907 144 1937 cus
161 1927 173 1948 ,
199 1896 313 1936 Deus
333 1908 447 1936 unus
465 1895 592 1935 Pater
612 1900 655 1935 et
677 1891 811 1936 Filius
832 1892 1041 1936 charitate
1063 1891 1298 1951 complexi,
1322 1907 1460 1937 unus-

69 1974 155 2023 que
174 1963 395 2007 charitatis
415 1962 598 2021 Spiritus
619 1977 769 2007 eorum
793 1971 878 2017 est,
903 1971 953 2007 ut
970 1964 1045 2008 fiat
1064 1964 1246 2008 Trinitas
1270 1967 1396 2008 Pater
1417 1972 1461 2009 et

71 2032 205 2078 Filius
233 2042 277 2077 et
321 2028 502 2092 Spiritus
543 2041 732 2077 sanctus.
770 2035 868 2078 Non
906 2048 1008 2092 ergo
1044 2043 1216 2078 tantum
1247 2037 1383 2080 Patris
1419 2045 1463 2082 et

3 2145 7 2148 i
71 2103 195 2159 Filii,
228 2103 304 2149 sed
330 2113 374 2148 et
403 2104 585 2163 Spiritus
608 2104 768 2159 sancti,
794 2105 905 2149 sicut
927 2104 1152 2166 aequalitas
1175 2115 1219 2150 et
1238 2105 1459 2166 insepara-

73 2173 214 2218 bilitas
249 2189 553 2234 personarum,
591 2174 650 2218 ita
683 2174 812 2219 etiam
843 2190 972 2234 opera
1005 2176 1306 2235 inseparabilia
1338 2187 1455 2222 sunt.

70 2245 228 2289 Adhuc
255 2243 427 2304 planius
449 2244 591 2289 dicam
613 2243 720 2304 quid
749 2244 825 2300 sit,
855 2260 985 2304 opera
1011 2246 1312 2305 inseparabilia
1338 2257 1455 2293 sunt.

69 2316 167 2361 Non
184 2315 290 2360 dicit
305 2314 516 2359 catholica
536 2313 643 2359 fides
655 2349 666 2369 ,
688 2315 791 2374 quia
809 2313 911 2360 fecit
929 2318 1043 2360 Deus
1062 2320 1189 2361 Pater
1207 2316 1371 2378 aliquid
1383 2354 1394 2373 ‚
1416 2328 1460 2364 et

70 2383 173 2430 fecit
200 2384 335 2429 Filius
364 2384 530 2446 aliquid
563 2384 680 2429 aliud
712 2403 720 2428 :
746 2384 820 2429 sed
846 2385 967 2445 quod
990 2386 1093 2431 fecit
1124 2390 1272 2439 Pater,
1302 2389 1384 2432 hoc
1414 2398 1457 2432 et

72 2455 209 2501 Filius
249 2456 376 2512 fecit,
415 2456 498 2501 hoc
538 2464 583 2500 et
621 2454 806 2515 Spiritus
844 2465 1018 2502 sanctus
1058 2455 1176 2502 tecit.
1234 2462 1312 2502 Per
1351 2461 1458 2502 Vcr-

125 2547 131 2563 ¹
148 2540 268 2573 Matth.
287 2551 352 2582 xix,
373 2550 423 2573 12.
442 2557 484 2563 —-
506 2547 519 2564 ²
535 2542 630 2573 joan.
647 2550 682 2580 x,
699 2540 750 2573 30.

1187 2597 1248 2635 Η.
