1825 3214
327 235 371 262 m
403 230 577 261 soANNIS
610 229 919 268 zvmcnwiu,
953 230 1101 260 ruer.
1137 232 1198 259 ix.
1388 217 1434 258 41

59 301 291 364 Apostolus
311 299 419 362 quid
435 298 727 358 intelligamus
744 299 789 342 in
811 298 888 342 ista
911 313 1024 359 aqua
1045 316 1054 342 :
1075 316 1095 339 «
1118 300 1262 358 Usque
1284 296 1339 342 ad
1360 297 1443 342 ho-

62 393 82 416 »
107 373 323 428 diernum,
348 371 507 432 inquit,
533 370 666 425 diem,
691 369 889 430 quandiu
911 369 1071 428 legitur
1092 371 1280 426 Moyses,
1308 369 1352 413 id
1378 369 1443 428 ip-

61 462 82 487 »
106 460 202 489 sum
225 443 423 488 velamen
455 457 584 501 super
607 456 681 485 cor
705 456 855 484 eorum
875 441 1063 500 positum
1086 448 1150 483 est
1183 458 1191 483 ε
1217 438 1335 499 quod
1356 454 1444 483 non

62 536 81 559 η
108 516 338 571 revelatur,
364 515 466 575 quia
487 515 532 558 in
554 514 725 558 Christo
746 522 996 557 evacuatur.
1017 515 1190 556 Etcum
1209 511 1441 566 transieris,

61 608 81 631 »
108 590 266 649 inquit,
279 587 333 632 ad
349 588 598 641 Dominum,
614 584 835 630 auferetur
847 583 1323 629 velamen1.»Velamen
1341 582 1444 628 dicit

59 659 384 720 adopertionem
409 658 649 718 prophetiae
665 692 675 712 ,
701 667 750 701 ut
784 672 870 701 non
909 654 1238 714 intelligeretur.
1262 652 1446 698 Tollitur

58 731 253 776 velamen
273 767 283 785 ,
314 746 413 774 cum
450 729 665 773 transieris
695 727 749 772 ad
774 728 1005 773 Dominum
1033 746 1041 771 :
1085 728 1118 770 si
1149 726 1314 771 tollitur
1344 726 1447 769 insi-

57 804 217 863 pientia
234 839 244 857 ,
268 818 368 847 eum
395 802 608 846 transieris
631 801 684 844 ad
708 801 940 844 Dominum
959 835 969 855 ‚
997 809 1039 843 et
1055 798 1177 859 quod
1199 814 1309 859 aqua
1337 807 1443 853 erat,

56 875 208 918 vinum
233 874 310 916 tibi
329 874 392 916 fit.
421 876 534 930 Lege
557 872 689 915 libros
708 887 857 915 omnes
881 871 1155 931 propheticos
1170 905 1183 925 ,
1205 885 1293 913 non
1315 868 1446 913 intel-

57 943 170 988 lecto
193 944 394 996 Christo,
429 941 536 1002 quid
560 953 644 985 tam
680 940 911 1001 insipidum
948 951 990 985 et
1024 939 1192 984 fatuum
1226 941 1448 983 invenies?

60 1014 260 1073 Intellige
282 1014 341 1057 ihi
362 1014 582 1058 Christum
598 1049 607 1066 ‚
634 1027 721 1055 non
761 1012 899 1055 solum
924 1012 1035 1071 sapit
1059 1011 1178 1071 quod
1212 1010 1316 1067 legis
1338 1045 1348 1064 ,
1374 1010 1447 1054 sed

59 1085 188 1130 etiam
228 1084 414 1128 inebriat
435 1103 443 1128 ;
470 1092 643 1127 mutans
667 1092 855 1126 mentem
880 1099 902 1126 a
925 1098 1126 1142 corpore,
1152 1091 1201 1125 ut
1233 1081 1449 1140 praeterita

60 1155 321 1201 obliviscens
342 1191 352 1210 ,
378 1155 422 1199 in
445 1170 492 1198 ea
511 1171 610 1215 quae
635 1163 733 1198 ante
756 1163 856 1198 sunt
879 1154 1161 1198 extendaris&

120 1230 195 1271 lv.
233 1230 347 1284 Ergo
386 1227 614 1288 prophetia
642 1226 697 1269 ab
727 1226 916 1286 antiquis
956 1225 1246 1285 temporibus,
1280 1240 1329 1268 ex
1362 1239 1450 1285 quo

60 1314 233 1359 prorsus
261 1299 397 1342 currit
429 1298 536 1343 ordo
572 1299 841 1342 nascentium
880 1299 924 1341 in
959 1313 1114 1356 genere
1152 1298 1369 1351 humano,
1396 1295 1451 1340 de

62 1371 233 1415 Christo
271 1385 359 1414 non
382 1371 518 1414 tacuit
542 1390 549 1414 :
576 1371 651 1414 sed
673 1370 893 1414 occultum
916 1370 976 1414 ibi
1011 1378 1131 1424 erat,
1164 1368 1307 1413 adhuc
1336 1369 1450 1412 enim

62 1451 154 1486 erat
182 1457 309 1501 aqua.
348 1441 473 1485 Unde
517 1442 755 1501 probamus
787 1439 907 1501 quod
946 1441 1149 1485 omnibus
1185 1440 1452 1499 temporibus

61 1512 355 1572 superioribus
378 1528 514 1572 usque
548 1511 601 1556 ad
623 1521 795 1557 setatem
819 1528 905 1572 qua
930 1511 1139 1555 Dominus
1175 1510 1294 1553 venit
1315 1525 1452 1568 ‚pro-

61 1584 208 1643 phetia
242 1584 296 1627 de
328 1583 403 1628 illo
442 1599 531 1628 non
568 1582 742 1627 deluit?
777 1584 870 1643 ipso
913 1583 1097 1627 Domino
1126 1581 1312 1626 dicente.
1339 1584 1450 1626 Cum

63 1655 177 1697 enim
196 1654 493 1698 resurrexisset
511 1669 534 1697 a
551 1655 756 1709 mortuis,
782 1654 950 1698 invenit
978 1651 1217 1712 Discipulos
1242 1651 1452 1696 dubitan-

64 1734 126 1769 tes
148 1724 202 1768 de
222 1726 316 1784 ipso
335 1739 466 1784 quem
485 1724 622 1768 secuti
655 1733 793 1768 erant.
821 1724 1037 1768 Viderunt
1059 1723 1174 1767 enim
1197 1738 1296 1766 eum
1334 1738 1452 1767 mor-

65 1804 217 1850 tuum,
250 1804 293 1838 et
326 1810 415 1839 non
450 1803 732 1854 speraverunt
769 1804 1142 1849 resurrecturum,
1168 1803 1210 1839 et
1238 1803 1327 1838 tota
1359 1809 1453 1854 spes

65 1881 215 1911 eorum
237 1865 444 1910 concidit.
469 1865 594 1910 Unde
613 1865 686 1910 ille
710 1865 822 1911 latro
846 1865 1063 1920 laudatus,
1088 1866 1182 1925 ipso
1204 1866 1273 1909 die
1296 1866 1453 1911 meruit

65 1952 155 1981 esse
181 1937 226 1980 in
247 1935 446 1996 paradiso
469 1956 477 1981 :
502 1937 604 1996 quia
627 1937 673 1980 in
706 1952 835 1981 cruce
863 1937 973 1981 fixus
1004 1946 1109 1981 tunc
1142 1935 1362 1981 confessus
1391 1946 1453 1981 est

65 2007 337 2062 Christum³‚
365 2005 542 2066 quando
572 2005 626 2051 de
651 2006 726 2052 illo
754 2005 959 2066 Discipuli
982 2005 1310 2051 dubitaverunt.
1337 2010 1452 2066 Ergo

65 2077 232 2122 invenit
252 2093 324 2123 eos
341 2087 543 2122 nutantes
559 2113 569 2133 ,
587 2087 630 2122 et
652 2077 978 2138 quodammodo
1007 2087 1237 2137 arguentes
1255 2093 1298 2122 se
1320 2078 1448 2138 ipsos,

64 2149 185 2209 quod
207 2149 250 2193 in
271 2148 346 2193 illo
378 2147 722 2208 redemptionem
744 2158 1034 2208 speraverant.
1061 2148 1279 2193 Dolebant
1307 2158 1453 2193 tamen

65 2234 165 2264 eum
187 2220 278 2263 sine
300 2219 428 2279 culpa
451 2220 639 2264 occisum
656 2254 666 2273 ‚
702 2220 803 2279 quia
832 2228 1043 2264 noverant
1076 2220 1370 2264 innocentem.
1398 2223 1454 2264 Et

64 2290 148 2334 hoc
162 2290 240 2349 ipsi
262 2299 360 2349 post
391 2289 748 2334 resurrectionem
772 2289 975 2334 dixerunt
995 2325 1005 2344 ,
1023 2305 1125 2345 cum
1146 2289 1357 2350 quosdam
1381 2305 1451 2335 eo-

64 2376 160 2404 rum
183 2361 323 2404 tristes
344 2361 578 2405 invenisset
609 2361 653 2403 in
689 2361 782 2405 via:
809 2380 828 2403 «
861 2364 926 2405 Tu
960 2361 1076 2405 solus
1100 2361 1384 2420 peregrinaris
1407 2362 1451 2405 in

67 2448 86 2472 »
122 2430 359 2474 Jerusalem
380 2466 390 2486 ‚
422 2440 465 2475 et
499 2446 591 2475 nou
623 2431 862 2490 cognovisti
896 2447 994 2492 quae
1029 2430 1139 2475 facta
1171 2441 1272 2476 sunt
1304 2432 1349 2475 in
1379 2431 1451 2475 illa

67 2519 86 2542 »
120 2501 210 2544 istis
240 2500 423 2546 diebus?
444 2501 522 2545 Ille
543 2510 689 2545 autem
711 2501 821 2546 dixit
850 2503 931 2559 eis,
957 2504 1066 2555 Quae
1089 2504 1106 2546 Ρ
1130 2501 1198 2545 Illi
1222 2511 1366 2546 autem
1385 2500 1453 2545 di-

113 2592 122 2609 ¹
144 2588 310 2628 2Cor.1n‚
334 2586 386 2629 [4,
406 2592 468 2619 etc.
493 2603 532 2609 -—
554 2594 566 2608 ²
582 2585 694 2628 Philip.
712 2599 765 2627 nt,
785 2587 833 2619 13.
859 2605 897 2611 -·
917 2586 930 2610 3
955 2590 1035 2620 Luc.
1059 2599 1151 2629 xxm,
1168 2587 1222 2629 43.
