1825 3214
257 212 297 238 m
334 211 506 238 smmis
539 207 844 246 eunomium,
884 211 1025 238 incr.
1066 211 1164 237 nu.
1329 200 1413 237 253

32 272 207 318 mendat
231 274 379 327 Filius,
407 274 484 318 nisi
503 274 600 334 quia
625 273 679 317 de
701 277 928 317 Pau-cest?
951 273 1066 326 Quid
1104 284 1166 318 cst
1193 274 1248 317 dc
1273 278 1412 329 Patre,

29 361 117 389 nou
140 354 202 388 est
227 344 281 388 dc
304 362 362 389 se.
393 346 433 389 Si
453 344 507 388 du
536 361 579 389 se
605 344 736 388 Filius
754 353 880 399 essct,
907 360 995 387 non
1031 355 1138 389 esset
1172 345 1305 390 Filius
1328 365 1336 390 ;
1360 345 1414 390 de

32 418 155 460 Patre
177 425 254 460 est.
284 419 408 460 Pater
431 425 479 459 ut
504 415 558 460 sit
587 432 674 460 non
705 424 768 459 est
790 414 845 459 de
882 414 1013 469 Filio,
1042 413 1176 459 Filius
1198 426 1246 460 ut
1283 417 1337 460 sit
1360 416 1415 460 de

30 489 155 530 Patre
178 495 254 529 est.
281 486 476 546 AEquahs
498 486 611 531 Patri
639 485 737 531 :sed
760 494 904 530 tamen
922 486 999 530 iste
1022 484 1076 530 de
1107 485 1197 541 illo,
1227 502 1315 530 nou
1343 486 1415 530 ille

28 557 82 600 de
108 557 203 601 isto.

89 629 183 671 XV.
213 646 232 668 «
253 628 364 680 Quia
388 644 476 672 non
507 643 657 688 quaero
676 627 946 672 voluntatem
980 642 1137 680 meam,
1158 627 1233 671 sed
1256 626 1415 672 volun-

33 717 51 739 »
88 707 217 742 tatem
242 700 333 758 ejus
356 699 431 759 qui
454 699 567 743 misit
586 714 654 743 me
671 701 700 743 ¹.
730 716 752 741 »
778 698 913 742 Filius
944 699 1097 743 unicus
1119 697 1241 753 dicit,
1274 718 1293 741 «
1318 702 1417 745 Non

30 787 51 810 »
87 768 354 814 voluntatem
379 784 517 814 meam
545 788 552 814 :
583 787 602 810 »
633 778 674 813 et
697 769 894 813 homines
916 768 1072 813 volunt
1095 767 1236 813 facere
1258 769 1418 815 volun-

28 848 158 884 tatem
181 843 336 884 suam?
360 838 436 884 llle
460 849 629 884 tantum
653 855 697 884 se
716 839 917 883 humiliat
936 839 1010 898 qui
1040 840 1220 899 aequalis
1250 849 1313 885 est
1334 844 1416 886 Pa-

26 909 82 954 tri
103 929 110 955 :
137 919 179 955 et
206 919 374 954 tantum
398 927 442 955 se
456 910 622 955 extollit
652 911 727 970 qui
751 911 795 954 in
819 911 904 954 imo
927 911 1058 970 jacet,
1085 911 1122 954 ei
1158 911 1239 955 nisi
1261 912 1297 956 ei
1322 928 1416 958 ma-

27 996 108 1025 nus
136 982 395 1041 porrigatur,
432 998 520 1026 non
556 983 722 1039 surgit?
758 981 985 1025 Faciamus
1022 996 1122 1039 ergo
1146 981 1414 1028 voluntatem

28 1053 179 1106 Patris,
201 1052 468 1097 voluntatem
489 1052 600 1106 Filii,
628 1052 899 1096 voluntatem
923 1053 1104 1111 Spiritus
1123 1054 1289 1097 sancti?
1312 1056 1416 1114 quia

28 1124 247 1168 Trinitatis
270 1125 398 1184 hujus
421 1141 506 1168 una
527 1125 742 1177 voluntas,
771 1139 854 1167 una
881 1133 1083 1182 potestas,
1106 1141 1191 1168 una
1220 1128 1417 1186 majestas

25 1204 102 1238 est.
125 1194 229 1239 ldeo
251 1204 396 1238 tamen
414 1194 520 1239 dicit
536 1193 686 1248 Filius,
707 1213 724 1235 «
743 1196 838 1238 Non
861 1194 959 1238 veni
983 1194 1125 1239 faeere
1141 1195 1416 1240 voluntatem

29 1283 48 1306 »
84 1280 240 1319 meam,
261 1265 334 1309 sed
357 1265 626 1310 voluntatem
645 1266 736 1325 ejus
758 1265 832 1325 qui
849 1265 962 1309 misit
984 1281 1052 1309 me
1071 1285 1080 1310 z
1108 1284 1128 1307 »
1149 1267 1250 1327 quia
1274 1267 1418 1312 Chris-

25 1345 94 1380 tus
116 1352 204 1380 non
227 1345 290 1380 est
311 1338 365 1380 de
386 1352 446 1391 se,
472 1337 548 1380 sed
570 1335 625 1380 de
649 1339 776 1380 Patre
798 1352 877 1380 suo
904 1346 982 1380 est.
1005 1337 1135 1390 Quod
1163 1347 1308 1381 autem
1334 1339 1414 1383 ha-

24 1407 122 1451 buit
143 1416 190 1451 ut
212 1408 343 1452 homo
371 1417 619 1468 appareret,
657 1417 854 1452 creatura
886 1408 1116 1468 assumpsit
1148 1425 1279 1468 quam
1321 1409 1414 1469 ipse

26 1477 242 1523 formavit.

74 1582 82 1599 ¹
105 1578 197 1608 Joan.
218 1587 252 1618 v,
271 1575 324 1608 30.
