1825 3214
305 247 346 272 m
381 242 555 272 soumis
585 239 893 278 nvmcnmu,
926 238 1073 268 rum.
1109 241 1154 267 x.
1367 227 1420 266 57

40 313 115 373 qui
132 326 208 356 sua
224 309 497 371 quaerebant,
522 308 597 369 qui
621 306 676 352 ad
697 306 916 351 nundinas
931 314 1154 349 venerant.
1172 307 1230 351 Et
1245 318 1346 365 quae
1365 304 1423 348 ibi

39 381 288 427 vendebant
311 381 397 425 illi?
419 383 527 434 Qum
550 395 658 439 opus
680 378 900 423 habebant
921 376 1118 420 homines
1140 377 1183 419 in
1207 376 1424 420 sacrificiis

40 453 155 498 illius
184 453 404 512 temporis.
432 451 560 495 Novit
583 451 696 494 enim
719 450 915 494 Charitas
938 451 1089 491 Vestra
1113 447 1231 507 quod
1261 447 1424 491 sacrifi-

39 524 102 568 cia
121 523 181 568 illi
200 523 364 583 populo
387 538 465 582 pro
495 522 585 582 ejus
606 519 858 565 carnalitate
875 527 918 563 et
936 519 1067 563 corde
1089 517 1232 574 adhuc
1253 516 1425 576 lapideo

41 594 140 640 talia
165 594 264 639 data
282 603 404 648 sunt,
431 594 592 654 quibus
614 600 834 636 teneretur
852 606 906 634 ne
923 591 968 635 in
983 589 1097 635 idola
1120 589 1353 646 deflueret,
1383 598 1426 633 et

40 665 327 709 immolabant
348 665 406 708 ibi
430 663 657 718 sacrificia,
684 662 813 707 boves
829 697 839 717 ,
867 676 968 706 oves
990 670 1032 705 et
1053 660 1276 705 columbas
1297 678 1305 704 :
1327 674 1427 703 nos-

41 736 120 790 tis,
148 735 250 795 quia
275 734 451 794 legistis.
491 736 588 779 Non
621 747 722 791 ergo
755 747 959 791 magnum
993 740 1245 791 peccatum,
1282 730 1315 774 si
1344 730 1427 773 hoc

39 805 290 850 vendebant
318 806 360 848 in
395 804 578 864 templo,
618 803 738 864 quod
766 803 992 847 emebatur
1029 810 1079 846 ut
1113 801 1344 846 offerretur
1380 800 1425 843 in

40 876 233 935 templo;
257 885 299 920 et
321 885 465 919 tamen
495 876 621 935 ejecit
652 874 752 918 inde
782 873 893 918 illos.
920 872 1064 927 Quid,
1097 872 1130 916 si
1158 872 1217 916 ibi
1236 871 1426 916 ebriosos

39 947 279 1000 inveniret,
314 945 420 1006 quid
454 944 613 989 faceret
645 945 885 1002 Dominus,
924 944 958 988 si
985 942 1223 987 vendentes
1257 958 1304 986 ea
1328 958 1426 1003 quae

37 1015 154 1061 licita
177 1025 302 1073 sunt,
327 1025 370 1059 et
391 1025 540 1060 contra
562 1015 773 1076 justitiam
797 1030 884 1059 non
909 1023 1038 1069 sunt,
1064 1017 1186 1074 (quae
1205 1014 1320 1057 enim
1342 1014 1425 1058 ho-

39 1095 158 1131 neste
181 1095 408 1141 emuntur,
435 1101 524 1130 non
546 1085 694 1130 illicite
715 1085 968 1129 venduntur
984 1120 995 1140 ,
1016 1087 1032 1143 )
1063 1084 1228 1144 expulit
1250 1093 1392 1128 tamen
1411 1120 1422 1140 ,

37 1165 81 1201 et
93 1172 183 1202 non
197 1166 261 1201 est
276 1172 423 1216 passus
436 1156 616 1201 domum
629 1156 833 1201 orationis
858 1156 949 1199 fieri
965 1155 1144 1200 domum
1169 1155 1426 1214 negotiatio-

38 1228 129 1272 nis?
139 1228 181 1273 Si
197 1227 501 1287 negotiationis
514 1226 670 1272 domus
683 1242 770 1271 non
787 1226 920 1271 debet
933 1226 1026 1270 fieri
1040 1226 1194 1270 domus
1204 1226 1294 1280 Dei,
1308 1234 1425 1285 pota-

41 1299 168 1343 tionis
184 1298 315 1343 debet
328 1299 448 1343 fieri?
469 1301 554 1344 Nos
568 1308 714 1343 autem
729 1298 906 1359 quando
923 1298 1001 1342 ista
1019 1296 1219 1353 dicimus,
1237 1296 1427 1342 stridunt

38 1369 242 1414 dentibus
251 1370 337 1414 suis
353 1370 557 1414 adversus
573 1385 650 1413 nos
665 1378 727 1415 :et
742 1368 991 1414 consolatur
1000 1383 1077 1413 nos
1091 1368 1280 1428 psalmus
1295 1383 1425 1428 quem

38 1439 215 1484 audistis
235 1458 243 1485 :
265 1459 284 1482 «
300 1439 546 1485 Striderunt
566 1454 696 1499 super
716 1455 786 1484 me
809 1440 1014 1484 dentibus
1035 1440 1160 1484 suis².
1180 1458 1199 1480 »
1218 1439 1425 1484 Novimus

37 1519 80 1554 et
102 1525 180 1554 nos
219 1510 370 1554 audire
400 1510 517 1554 unde
539 1525 767 1566 curemur,
801 1511 878 1555 etsi
900 1510 1226 1570 ingeminantur
1256 1508 1424 1567 flagella

37 1581 226 1636 Christo,
243 1581 345 1641 quia
367 1582 611 1640 flagellatur
627 1597 768 1627 sermo
785 1582 918 1641 ipsius
937 1601 946 1626 2
972 1601 992 1623 «
1016 1583 1286 1640 Congregata
1304 1590 1422 1639 sunt,

41 1669 61 1694 »
97 1651 262 1712 inquit,
295 1652 340 1695 in
373 1667 442 1696 me
474 1651 672 1710 flagella,
711 1661 754 1696 et
781 1651 1027 1696 nescierunt
1047 1655 1080 1695 ².
1116 1670 1134 1692 »
1164 1650 1425 1709 Flagell'atus

38 1731 102 1766 est
123 1721 303 1780 flagellis
330 1720 610 1777 Judaeorum,
640 1721 887 1781 flagellatur
918 1721 1196 1781 blasphemiis
1219 1719 1423 1766 falsorum

37 1792 371 1837 christianorum
390 1811 399 1837 ι
418 1792 712 1852 multiplicant
735 1792 907 1852 flagella
933 1793 1118 1837 Domino
1135 1808 1214 1837 suo
1228 1827 1238 1846 ,
1263 1802 1306 1836 et
1327 1808 1424 1836 nes-

38 1864 175 1908 ciunt.
204 1863 432 1907 Faciamus
464 1878 542 1907 nos
562 1898 573 1918 ‚
601 1872 818 1923 quantum
841 1864 931 1923 ipse
954 1863 1131 1924 adjuvat
1156 1883 1164 1908 :
1190 1883 1209 1905 «
1230 1866 1324 1922 Ego
1347 1880 1426 1907 au-

43 1952 61 1975 »
100 1943 184 1978 tem
206 1949 307 1978 cum
328 1934 434 1978 mihi
456 1932 625 1978 molesti
647 1944 788 1978 essent
806 1969 816 1989 ,
836 1933 1073 1979 induebam
1102 1950 1170 1979 me
1197 1934 1361 1991 cilicio,
1383 1943 1426 1979 et

41 2024 60 2047 »
96 2005 377 2050 humiliabam
399 2006 445 2049 in
461 2006 627 2066 jejunio
649 2006 838 2050 animam
856 2020 997 2050 meam
1011 2008 1043 2049 3.
1073 2024 1093 2047 »

98 2079 151 2121 V.
172 2077 362 2120 Dicimus
379 2085 524 2120 tamen
543 2112 554 2131 ,
579 2075 731 2121 fratres
744 2110 755 2132 ,
779 2079 903 2135 (Non
921 2077 1037 2120 enim
1061 2077 1215 2136 etipse
1234 2077 1427 2137 pepercit

40 2147 147 2193 illis:
172 2147 248 2208 qui
265 2147 552 2207 flagellandus
573 2157 667 2192 erat
687 2148 742 2192 ab
765 2148 824 2193 eis
841 2183 851 2203 ,
870 2148 989 2208 prior
1006 2147 1101 2192 illos
1124 2147 1357 2206 flagellavit
1383 2150 1426 2206 ε)

39 2220 210 2278 signum
233 2220 455 2279 quoddam
478 2219 601 2264 nobis
618 2218 807 2264 ostendit
827 2255 838 2275 ,
863 2220 982 2280 quod
1008 2219 1110 2264 fecit
1127 2218 1347 2277 flagellum
1369 2220 1425 2264 de

40 2288 249 2333 resticulis
266 2324 278 2343 ‚
309 2297 352 2332 et
387 2288 488 2332 inde
510 2288 850 2349 indisciplinatos
866 2324 877 2345 ,
902 2290 1241 2349 negotiationem
1265 2289 1319 2334 de
1346 2290 1424 2334 Dei

41 2359 204 2419 templo
227 2358 447 2414 facientes,
472 2359 722 2419 flagellavit.
739 2360 915 2404 Etenim
938 2361 1239 2421 unusquisque
1261 2361 1305 2404 in
1329 2376 1424 2420 pec-

39 2431 144 2474 catis
164 2430 250 2474 suis
281 2439 438 2474 restem
465 2430 546 2474 sibi
574 2431 695 2474 texit.
724 2431 939 2490 Propheta
957 2431 1063 2475 dicit
1085 2450 1093 2475 :
1123 2450 1142 2473 «
1170 2433 1245 2475 Vae
1262 2431 1326 2474 his
1348 2431 1424 2490 qui

45 2517 65 2541 »
100 2501 280 2544 trahunt
301 2509 477 2560 peccata
498 2500 610 2544 sicut
634 2509 789 2545 restem
810 2499 1012 2560 longam*
1032 2501 1041 2545 Ι
1058 2501 1193 2554 »Quis
1215 2499 1317 2545 facit
1336 2515 1423 2544 res-

89 2591 96 2605 ¹
118 2583 198 2617 Psal.
220 2594 329 2626 xxxiv,
352 2583 403 2619 16.
426 2601 469 2609 --
490 2592 501 2611 ²
527 2585 608 2621 Ibid.
633 2584 683 2617 15.
704 2601 745 2609 —-
764 2583 777 2609 ³
796 2584 876 2618 thid.
895 2583 1019 2618 13.-4
1040 2587 1113 2619 lsai.
1135 2585 1418 2626 v,18,juxta1.xx.
