1825 3214
250 218 292 243 m
326 217 499 244 JoANle
531 214 840 251 manentum,
876 215 1022 242 ruer.
1060 216 1248 243 xxxvur.
1342 202 1425 242 ⁴23

40 285 238 342 AEgypto
261 282 473 342 populum
497 295 625 325 suum
653 299 661 324 :
686 282 701 336 (
723 279 882 338 legistis
905 281 1025 339 quod
1052 280 1228 325 audistis
1251 290 1295 325 et
1324 296 1426 326 nos-

0 368 11 380 ‘
41 355 116 407 tis,
142 368 436 398 commemoro
452 363 595 398 tamen
622 371 630 396 2
655 354 672 410 )
694 352 892 395 mittebat
913 362 1168 396 trementem
1185 387 1195 406 ,
1221 368 1428 397 excusan-

40 434 145 479 tem,
170 425 244 468 sed
259 423 552 469 obedientem.
571 425 683 468 Cum
699 438 801 482 ergo
818 433 1061 477 excusaret,
1087 424 1145 467 ait
1169 426 1273 478 Deo,
1294 440 1428 484 quem

38 494 160 555 loqui
183 495 228 539 in
250 494 419 553 Augelo
437 493 736 552 intelligebat,
760 494 801 538 Si
824 492 979 537 dixerit
1000 494 1106 537 mihi
1130 494 1319 553 populus
1335 530 1346 550 ,
1372 499 1429 544 Et

39 566 136 626 quis
158 575 221 610 est
244 569 359 609 Deus
385 566 460 626 qui
485 566 598 609 misit
619 574 661 609 te
678 599 689 620 ,
715 563 823 625 quid
857 565 916 609 eis
945 563 1119 611 dicam?
1141 568 1196 609 Et
1220 566 1430 611 Dominus

41 637 97 681 ad
133 652 262 690 eum,
295 639 390 695 Ego
424 651 518 680 sum
562 637 638 695 qui
680 650 810 680 sum:
836 638 892 680 Et
925 624 1151 695 repetivit,
1178 636 1301 680 Dices
1332 637 1432 682 filiis

41 706 173 751 lsrael
190 741 200 760 ,
226 707 311 760 Qui
334 717 422 761 est,
443 706 558 750 misit
577 721 648 749 me
668 706 721 750 ad
741 721 831 750 vos.
856 709 951 750 Non
975 706 1034 750 ait
1055 715 1098 750 et
1115 706 1197 762 ibi,
1227 709 1319 765 Ego
1334 723 1430 752 sum

39 780 182 833 Deus;
205 785 302 831 aut,
337 780 430 835 Ego
458 791 555 820 sum
585 777 739 820 muudi
774 775 1032 821 fabricator:
1069 786 1171 832 aut,
1211 779 1303 836 Ego
1331 794 1429 823 sum

38 848 234 892 omnium
258 862 402 891 rerum
425 856 619 904 creator3
651 857 752 902 aut,
786 849 881 906 Ego
903 862 999 891 sum
1034 848 1167 907 ipsius
1197 848 1351 908 populi
1371 848 1430 893 li-

36 917 218 962 berandi
248 926 509 978 propagator
536 936 545 962 :
571 916 656 962 'sed
690 918 776 962 hoc
809 927 980 962 tantum
1010 937 1018 963 :
1053 937 1072 960 «
1098 921 1193 978 Ego
1225 934 1323 963 sum
1352 921 1429 981 qui

39 1006 60 1030 η
94 1004 190 1033 sum
217 1023 228 1043 ‚
255 1006 274 1029 n
297 997 340 1032 et
358 1024 368 1042 ‚
399 989 562 1032 «Dices
583 988 681 1033 siliis
706 987 858 1044 Israel,
896 989 982 1042 Qui
1003 998 1089 1047 est3
1126 1008 1148 1032 »
1179 1006 1269 1035 non
1298 990 1427 1036 addi-

36 1058 122 1114 dit,
143 1059 229 1112 Qui
251 1068 314 1103 est
338 1062 451 1103 Deus
473 1069 634 1114 vester,
655 1060 730 1117 qui
748 1068 812 1102 est
834 1062 948 1104 Deus
968 1069 1143 1119 patrum
1160 1070 1421 1120 vestrorum,

37 1129 113 1173 sed
144 1138 314 1174 tantum
348 1130 430 1173 hoc
462 1129 602 1183 dixit,
628 1129 714 1182 Qui
745 1138 808 1173 est
835 1130 950 1174 misit
984 1145 1053 1174 me
1085 1129 1140 1174 ad
1173 1146 1264 1176 vos.
1294 1135 1427 1178 Forte

34 1200 225 1245 multum
248 1208 339 1244 erat
362 1209 404 1243 et
427 1200 481 1243 ad
504 1200 646 1259 ipsum
663 1203 845 1257 Moysen
860 1235 871 1254 ,
896 1200 1006 1244 sicut
1023 1200 1213 1245 multum
1229 1211 1293 1248 est
1309 1213 1353 1248 et
1370 1204 1426 1249 ad

36 1287 115 1316 nos
128 1306 140 1325 ,
166 1281 210 1315 et
230 1271 369 1316 multo
387 1271 520 1328 magis
539 1270 595 1314 ad
618 1286 696 1315 nos
713 1306 724 1326 ,
760 1271 998 1329 intelligere
1018 1272 1125 1332 quid
1148 1273 1315 1317 dictum
1337 1275 1392 1319 sit
1410 1310 1423 1332 ‚

39 1362 60 1386 «
94 1345 189 1401 Ego
211 1357 306 1386 sum
325 1342 400 1401 qui
427 1357 523 1385 sum
538 1377 549 1396 ,
577 1360 597 1383 n
623 1351 667 1386 et
689 1343 774 1395 Qui
797 1352 861 1386 est
886 1343 1002 1387 misit
1026 1358 1097 1387 me
1119 1343 1174 1387 ad
1196 1359 1286 1389 vos,
1311 1347 1369 1390 Et
1390 1346 1426 1391 si

2 1422 9 1426 ‘
32 1412 146 1458 forte
166 1423 340 1472 caperet
356 1416 527 1470 Moyses
543 1448 554 1467 ,
578 1412 642 1456 illi
665 1413 720 1457 ad
743 1429 852 1474 quos
872 1414 1128 1458 mittebatur
1151 1415 1330 1475 quando
1351 1433 1426 1462 ca-

31 1486 214 1544 perent?
243 1484 418 1528 Distulit
455 1498 556 1541 ergo
589 1484 800 1528 Dominus
827 1483 947 1545 quod
985 1500 1139 1544 capere
1167 1487 1299 1532 homo
1333 1504 1424 1533 non

31 1564 197 1615 posset,
219 1564 262 1599 et
279 1554 446 1599 addidit
468 1555 589 1613 quod
619 1570 772 1613 capere
803 1548 947 1614 posset
982 1575 990 1600 :
1013 1555 1211 1616 adjunxit
1240 1558 1357 1602 enim
1379 1569 1423 1606 et

31 1626 90 1670 ait
116 1645 126 1671 ι
155 1644 175 1668 «
200 1628 295 1684 Ego
323 1640 419 1669 sum
443 1628 556 1669 Deus
578 1625 821 1680 Abraham,
847 1635 891 1670 et
924 1629 1038 1671 Deus
1061 1630 1203 1682 Isaac,
1229 1638 1271 1673 et
1308 1633 1422 1675 Deus

34 1714 55 1738 »
90 1696 226 1741 Jacob
244 1699 274 1739 ¹.
303 1714 323 1737 »
347 1698 440 1740 Hoc
457 1705 581 1755 potes
603 1711 758 1756 capere
783 1715 792 1740 ε
816 1699 925 1742 Nam
945 1700 1038 1756 Ego
1074 1713 1170 1743 sum
1199 1700 1276 1760 qui
1292 1716 1389 1745 sum
1406 1736 1419 1758 ,

30 1782 130 1827 quae
147 1782 268 1810 mens
283 1775 425 1826 potest
441 1768 625 1825 capere?
1181 1761 1194 1766 “

89 1839 167 1881 IX.
193 1837 310 1890 Quid
340 1852 443 1895 ergo
479 1838 588 1881 nos?
611 1836 962 1882 Audebimus-ne
996 1838 1163 1899 aliquid
1200 1840 1345 1886 dicere
1368 1858 1420 1887 ex

30 1908 115 1952 hoc
136 1907 256 1967 quod
278 1907 446 1952 dictum
468 1918 556 1961 est,
581 1911 676 1966 Ego
701 1923 796 1951 sum
830 1908 906 1968 qui
945 1924 1039 1952 sum
1063 1929 1072 1954 :
1101 1909 1170 1954 vel
1193 1912 1338 1970 potius
1368 1929 1420 1958 ex

30 1979 114 2023 hoc
143 1978 263 2038 quod
302 1979 538 2022 Dominum
575 1978 719 2022 dicere
749 1979 952 2034 audistis,
982 1999 1002 2022 «
1032 1981 1121 2026 Nisi
1147 1982 1418 2030 credideritis

33 2067 54 2090 η
89 2050 190 2109 quia
206 2064 284 2106 ego
305 2064 416 2100 sum,
435 2049 681 2093 moriemini
695 2049 740 2093 in
756 2050 941 2108 peccatis
956 2051 1135 2095 vestris?
1151 2070 1171 2093 »
1194 2056 1335 2098 Ita-ne
1352 2055 1419 2099 his

29 2120 195 2164 viribus
215 2120 318 2163 meis
349 2120 527 2163 tantillis
559 2129 602 2163 et
623 2135 735 2178 pene
766 2120 924 2171 nullis,
959 2121 1130 2167 audebo
1162 2124 1420 2182 disputare?

32 2189 138 2251 quid
166 2191 221 2234 sit
243 2189 363 2249 quod
385 2190 443 2233 nit
479 2184 684 2234 Doui'inus
716 2191 913 2235 Christus
930 2227 941 2247 ,
982 2211 1001 2233 «
1041 2193 1128 2237 Nisi
1150 2194 1418 2242 credideritis

34 2280 55 2303 n
89 2261 192 2320 quia
215 2275 293 2317 ego
316 2275 408 2303 sum
428 2262 447 2304 Ρ
467 2279 484 2299 »
511 2259 851 2320 Audeboipsum
872 2263 1104 2307 Dominum
1124 2265 1389 2325 interrogare
1405 2303 1417 2324 ‚

33 2332 179 2375 audite
203 2346 271 2374 me
291 2331 626 2389 interrogantem
646 2332 788 2389 potius
810 2348 942 2393 quam
965 2333 1259 2393 disputantem
1277 2371 1288 2391 ,
1325 2353 1419 2382 ma-

32 2401 94 2460 gis
131 2411 399 2461 quaerentem
437 2417 569 2462 quam
603 2413 962 2460 praesumentem,
999 2405 1143 2464 potius
1180 2407 1419 2452 discentem

32 2487 165 2532 quam
182 2471 413 2517 docentem
429 2507 441 2529 ,
467 2482 511 2517 et
527 2481 643 2517 certe
659 2473 706 2516 in
726 2488 797 2517 me
818 2472 886 2518 vel
908 2489 985 2534 per
1011 2490 1082 2520 me
1101 2476 1231 2521 etiam
1256 2493 1332 2522 vos
1352 2478 1422 2522 in-

82 2562 93 2578 ¹
109 2556 273 2598 Exod.u1‚
295 2556 345 2589 15.
