1825 3214
297 210 341 236 m
373 207 548 237 JoANMs
581 207 861 236 numenium
881 226 892 246 ,
927 208 1073 237 rimer.
1111 209 1225 237 xxxi.
1360 197 1439 237 351

1 304 5 330 2
55 274 284 334 plenitudo
323 276 551 336 temporis,
576 274 832 320 moderante
855 274 930 320 illo
954 291 1028 334 per
1050 292 1179 336 quem
1208 276 1319 321 facta
1342 286 1445 321 sunt

0 344 3 386 ,³
57 355 250 404 tempora
284 365 293 391 ε
329 346 492 391 sciebat
520 346 638 390 enim
671 346 849 406 quando
881 346 1028 390 venire
1065 346 1259 391 deberet.
1300 348 1444 392 Primo

54 432 130 476 per
165 416 351 462 multam
374 417 528 462 seriem
548 427 793 477 temporum
815 427 859 462 et
891 432 1107 461 annorum
1142 417 1444 477 praedicendus

50 486 159 546 fuit3
191 504 280 534 non
301 489 419 533 enim
442 488 608 550 aliquid
627 504 809 549 parvum
838 497 1074 533 venturum
1104 487 1188 532 fuit
1211 504 1219 529 :
1246 489 1322 533 diu
1345 489 1445 533 sue-

52 567 118 604 rat
134 559 455 619 praedicendus,
491 575 660 620 semper
683 558 912 604 tenendus.
945 561 1121 612 Quanto
1146 560 1285 619 major
1309 559 1445 619 judex

51 630 271 686 veniebat,
301 640 424 677 tanto
440 646 692 691 praeconum
709 630 882 690 longior
899 630 1027 674 series
1050 630 1339 689 praecedebat.
1359 634 1444 674 De-

0 706 1 717 *
53 702 188 762 nique
211 703 289 746 ubi
311 704 430 747 venit
453 701 683 762 plenitudo
712 702 935 760 temporis,
956 701 1076 746 venit
1104 710 1147 746 et
1170 700 1244 745 ille
1266 702 1340 761 qui
1368 717 1446 746 nos

0 771 1 778 ’
49 772 252 818 liberaret
270 790 292 818 a
312 782 524 833 tempore.
550 773 742 818 Liberati
763 773 879 817 enim
902 789 925 817 a
943 782 1154 830 tempore,
1174 772 1348 817 venturi
1369 788 1446 817 su-

0 839 1 890 }
50 860 147 889 mus
169 844 226 890 ad
243 846 533 890 aeternitatem
555 845 692 901 illam,
719 845 795 889 ubi
819 860 908 889 non
929 854 992 889 est
1012 854 1210 904 tempus:
1231 846 1320 890 Nec
1342 844 1446 890 dici-

0 928 1 938 *
51 916 225 972 turibi,
251 916 436 970 Quando
459 918 604 962 veniet
627 918 759 975 hora3
783 916 874 961 dies
889 926 953 961 est
981 917 1096 961 enim
1125 917 1443 976 sempiternus3

50 988 127 1047 qui
148 1003 229 1032 nec
250 988 513 1048 praeceditur
536 990 760 1043 hesterno,
784 1004 864 1033 nec
894 987 1141 1033 excluditur
1163 988 1364 1033 crastino.
1393 991 1444 1032 ln

50 1058 134 1103 hoc
162 1068 310 1103 autem
344 1059 504 1104 saeculo
526 1059 765 1104 volvuntur
799 1059 912 1113 dies,
945 1068 988 1103 et
1018 1058 1090 1103 alii
1112 1068 1368 1113 transeunt,
1401 1067 1445 1102 et

49 1128 121 1173 alii
143 1129 344 1185 veniunt,
362 1130 511 1174 nullus
534 1140 680 1174 manet
698 1151 709 1188 3
731 1139 773 1174 et
784 1139 1006 1174 momenta
1025 1129 1183 1189 quibus
1202 1129 1441 1189 loquimur,

48 1200 234 1246 invicem
263 1217 307 1246 se
341 1201 585 1262 expellunt,
612 1217 693 1246 nee
720 1210 804 1246 stat
826 1201 965 1260 prima
987 1200 1182 1258 syllaba,
1213 1211 1263 1245 ut
1291 1215 1445 1245 sonare

48 1273 183 1332 possit
203 1273 409 1318 secunda.
436 1276 502 1318 Ex
525 1289 614 1334 quo
636 1273 861 1333 loquimur
883 1272 1158 1333 aliquantum
1191 1273 1412 1317 senuimus
1428 1306 1440 1327 ‚

47 1353 91 1388 et
113 1344 206 1389 sine
228 1345 318 1389 ulla
346 1344 625 1390 dubitatione
650 1345 795 1390 senior
816 1360 912 1390 sum
948 1344 1080 1389 modo
1114 1360 1247 1404 quam
1274 1359 1403 1388 mane
1429 1362 1439 1388 z

46 1414 106 1459 ita
127 1415 239 1459 nihil
259 1424 358 1471 stat,
384 1416 492 1460 nihil
514 1417 648 1460 fixum
682 1425 831 1460 manet
864 1415 911 1459 in
934 1424 1144 1474 tempore.
1171 1418 1330 1459 Amare
1356 1415 1442 1459 ita-

47 1501 134 1546 que
150 1485 362 1531 debemus
384 1502 460 1546 per
480 1502 612 1547 quem
636 1485 749 1531 facta
771 1495 873 1531 sunt
891 1495 1104 1546 tempora,
1124 1495 1178 1531 ut
1200 1485 1442 1529 liberemur

47 1572 71 1601 a
92 1566 310 1617 tempore,
341 1567 384 1602 et
422 1558 606 1615 figamur
641 1558 686 1601 in
709 1558 973 1613 aeternitate,
998 1557 1077 1602 ubi
1101 1563 1192 1614 Jam
1215 1556 1337 1601 nulla
1376 1565 1442 1601 est

48 1627 314 1673 mutabilitas
331 1637 595 1687 temporum.
620 1631 778 1686 Magna
794 1629 924 1686 igitur
945 1628 1240 1672 misericordia
1266 1627 1440 1672 Domini

47 1700 184 1745 nostri
206 1702 309 1744 Jesu
330 1700 508 1754 Christi,
531 1699 697 1744 factum
719 1714 810 1743 esse
835 1714 935 1743 eum
957 1708 1136 1759 propter
1159 1714 1238 1743 nos
1261 1700 1306 1743 in
1328 1708 1440 1742 tem-

48 1786 175 1831 pore,
207 1786 284 1830 per
317 1785 449 1830 quem
482 1768 594 1814 facta
622 1779 723 1814 sunt
751 1778 975 1829 tempora3
1006 1768 1170 1814 factum
1200 1784 1290 1814 esse
1322 1769 1440 1813 inter

48 1843 215 1896 omnia,
241 1857 318 1901 per
355 1856 488 1901 quem
530 1842 644 1886 faeta
665 1849 768 1885 sunt
798 1841 945 1885 omnia
968 1859 976 1885 :
996 1839 1162 1885 factum
1192 1856 1282 1885 esse
1315 1838 1438 1901 quod

48 1912 168 1958 fecit.
187 1915 346 1957 Factus
360 1921 424 1956 est
439 1912 557 1955 enim
578 1910 700 1972 quod
722 1910 910 1970 fecerat3
934 1911 1075 1956 factus
1094 1921 1157 1956 est
1170 1913 1287 1956 enim
1305 1912 1439 1956 homo

48 1984 126 2044 qui
146 1983 368 2028 hominem
392 1980 568 2037 fecerat,
588 1997 644 2026 ne
658 1982 818 2042 periret
839 1981 960 2042 quod
984 1981 1160 2027 fecerat.
1187 1981 1439 2027 Secundum

47 2055 161 2099 hanc
183 2053 547 2113 dispensationem
566 2055 657 2113 jam
678 2062 857 2098 venerat
882 2054 988 2097 hora
1010 2053 1268 2108 nativitatis,
1295 2062 1338 2097 et
1359 2067 1442 2096 na-

49 2135 120 2170 tus
141 2134 232 2170 erat
256 2144 265 2170 :
291 2124 367 2169 sed
393 2123 593 2169 nondum
614 2132 792 2168 venerat
811 2124 916 2168 hora
936 2124 1143 2183 passionis
1159 2158 1170 2179 ,
1195 2122 1295 2169 ideo
1321 2139 1440 2168 non-

52 2194 158 2240 dum
178 2211 327 2256 passus
344 2203 452 2239 erat.

110 2270 188 2313 Vl.
213 2267 411 2326 Denique
427 2274 478 2309 ut
499 2264 705 2310 noveritis
722 2279 812 2309 non
833 2264 1131 2309 necessitatem
1151 2299 1163 2321 ,
1187 2264 1265 2310 sed
1291 2275 1443 2326 potes-

52 2348 186 2384 tatem
222 2338 472 2383 morientis¹
511 2356 520 2381 :
553 2346 732 2396 propter
763 2335 999 2381 nonnullos
1030 2337 1114 2381 hoc
1142 2335 1327 2398 loquor,
1364 2337 1443 2397 qui

53 2425 154 2456 cum
176 2408 394 2455 audierint
408 2443 420 2464 ,
444 2426 466 2450 «
489 2409 696 2454 Nondum
717 2407 836 2452 venit
857 2407 964 2452 hora
986 2409 1077 2469 ejus
1091 2443 1103 2463 ,
1127 2427 1147 2451 »
1166 2408 1446 2453 aedificantur

54 2480 110 2527 ad
129 2479 348 2526 credenda
373 2478 462 2524 fata
479 2513 491 2535 ‚
527 2488 570 2524 et
591 2479 704 2523 fiunt
725 2477 858 2525 eorda
886 2493 1038 2525 eorum
1070 2478 1192 2525 fatua
1220 2498 1231 2526 2
1256 2487 1307 2525 ut
1338 2494 1442 2539 ergo

105 2572 114 2590 ¹
141 2566 270 2600 Confer.
289 2567 397 2599 Tract.
417 2575 540 2607 xxxvii,
560 2574 595 2597 n.
614 2564 635 2597 8
657 2567 692 2598 et
704 2573 774 2606 seq.
