1825 3214
307 247 350 273 nv
383 244 558 274 somme
590 240 901 282 animumn,
935 243 1082 272 TnAc‘r.
1119 246 1225 272 x1,11.
1371 231 1451 271 471

69 325 176 355 rem.
204 313 299 355 nuo
332 311 506 355 nomina
545 309 724 363 audisti,
750 318 792 352 et
814 309 1034 353 hominem
1051 346 1062 366 ,
1089 319 1133 354 et
1166 318 1452 370 peccatorem.

69 382 196 435 Quod
222 383 351 426 homo
381 391 466 435 est,
492 397 541 425 ex
568 384 654 424 Deo
676 389 738 424 est
760 398 769 425 :
795 380 916 440 quod
939 390 1140 440 peccator
1158 391 1219 425 est
1239 416 1249 436 ,
1283 397 1371 426 non
1394 390 1457 425 est

68 468 118 497 ex
142 460 237 497 Deo.
259 457 294 497 Α
322 463 473 497 natura
498 453 648 496 vitium
672 461 920 496 secernatur
945 471 952 496 :
988 462 1246 510 agnoscatur
1269 462 1419 496 natura
1442 488 1452 508 ,

67 523 185 568 undo
207 526 384 568 Creator
402 522 605 567 laudetur
625 543 633 567 ς
659 532 916 581 agnoscatur
937 522 1089 567 vitium
1108 558 1117 576 ,
1144 522 1456 583 propterquod

67 594 261 639 medicus
285 595 525 639 invocetur.
552 593 681 647 Quod
704 609 805 652 ergo
829 595 887 637 ait
908 594 1117 637 Dominus
1139 613 1147 637 z
1178 612 1197 634 «
1223 594 1304 646 Qui
1325 603 1457 638 estex

70 685 90 707 »
127 670 217 710 Deo
235 703 245 719 ‚
271 667 401 710 verba
429 666 499 709 Dei
524 665 668 719 audit,
696 674 923 725 propterea
947 680 1022 710 vos
1037 680 1126 709 non
1149 663 1333 718 auditis,
1355 665 1458 724 quia

69 756 90 779 >›
126 753 175 782 ex
211 742 299 782 Deo
322 754 410 782 non
433 737 562 782 estis:
599 758 615 778 »
643 753 731 782 non
755 747 1010 781 naturarum
1045 737 1196 781 merita
1227 735 1455 793 discrevit,

67 818 141 854 aut
164 819 320 868 praeter
342 825 464 853 suam
487 809 676 853 animam
694 818 737 853 et
754 824 951 864 carnem,
974 809 1165 869 aliquam
1188 817 1388 852 naturam
1412 809 1458 853 in

65 880 318 924 hominibus
349 895 448 939 quae
478 889 655 939 peccato
687 880 836 924 vitiata
874 895 963 924 non
997 889 1135 934 esset,
1161 879 1326 923 invenit
1350 878 1458 924 :sed

67 953 273 1011 quoniam
296 952 542 1011 prrescierat
565 951 639 1010 qui
676 949 849 994 fuerant
879 949 1085 995 credituri
1104 986 1114 1005 ‚
1145 950 1258 1010 ipsos
1281 949 1387 994 dixit
1405 965 1456 995 ex

66 1025 157 1067 Deo
175 1057 184 1077 ‚
205 1022 412 1082 quoniam
436 1021 773 1080 regenerationis
798 1020 1033 1080 adoptione
1055 1030 1385 1065 renascerentur
1407 1037 1458 1066 ex

67 1097 172 1138 Deo.
195 1093 262 1137 Ad
284 1094 362 1138 hos
384 1094 587 1153 pertinet,
611 1093 729 1146 «Qui
755 1102 817 1137 est
841 1108 891 1136 ex
914 1095 1018 1148 Deo,
1033 1093 1167 1138 verba
1193 1093 1268 1137 Dei
1286 1092 1454 1137 audit.»

67 1164 195 1218 Quod
218 1180 321 1209 vero
343 1166 539 1225 sequitur
553 1201 563 1220 ‚
589 1184 609 1207 «
632 1168 864 1224 Propterea
882 1181 958 1210 vos
974 1181 1064 1210 non
1086 1165 1260 1219 auditis,
1285 1165 1388 1225 quia
1407 1180 1458 1210 ex

71 1254 91 1276 »
127 1239 217 1280 Deo
236 1251 325 1280 non
348 1237 446 1280 estis
473 1255 481 1281 :
516 1255 536 1276 »
563 1235 622 1279 eis
654 1235 819 1280 dietum
843 1245 907 1280 est
925 1272 935 1291 ‚
972 1236 1047 1295 qui
1069 1252 1157 1281 non
1190 1235 1332 1280 solum
1355 1251 1459 1295 pec-

67 1316 164 1352 cato
186 1307 327 1351 vitiosi
357 1316 505 1362 erant,
531 1308 547 1364 (
570 1321 671 1350 nam
705 1307 789 1351 hoc
811 1306 925 1351 male
947 1321 1179 1351 commune
1201 1315 1293 1350 erat
1315 1306 1460 1351 omni-

68 1377 177 1435 bus3
199 1381 212 1433 )
234 1378 308 1421 sed
337 1379 466 1422 etiam
489 1377 745 1437 praecogniti
768 1376 888 1437 quod
911 1393 999 1422 non
1022 1375 1198 1421 fuerant
1219 1376 1456 1433 credituri,

67 1463 115 1492 ea
149 1448 236 1491 fide
266 1464 351 1508 qua
385 1448 473 1493 sola
505 1456 679 1508 possent
708 1464 729 1492 a
754 1457 1033 1507 peccatorum
1056 1446 1321 1505 obligatione
1341 1447 1455 1491 libe-

67 1519 165 1562 rari.
188 1520 464 1579 Quapropter
480 1519 735 1578 praesciebat
751 1518 847 1563 illos
870 1518 1030 1580 quibus
1058 1517 1159 1563 talia
1186 1517 1359 1563 dicebat
1375 1553 1386 1574 ‚
1410 1518 1458 1562 in

66 1605 118 1634 eo
151 1605 453 1649 permansuros
482 1590 602 1650 quod
636 1605 686 1634 ex
715 1589 894 1635 diabolo
931 1598 1080 1643 erant,
1119 1588 1163 1633 id
1187 1598 1275 1644 est,
1303 1589 1349 1632 in
1370 1589 1457 1633 suis

65 1660 250 1720 peccatis
267 1670 396 1721 atque
410 1662 634 1720 impietate
651 1660 900 1716 morituros,
916 1660 961 1704 in
975 1675 1061 1720 qua
1076 1660 1114 1703 ei
1131 1660 1290 1703 similes
1309 1668 1453 1705 erantz

66 1746 146 1775 nec
168 1742 374 1776 venturos
392 1732 446 1776 ad
466 1733 834 1790 regenerationem
859 1732 904 1775 in
920 1748 1006 1791 qua
1022 1741 1161 1775 essent
1175 1730 1252 1774 filii
1271 1731 1457 1786 Dei‚hoc

66 1811 129 1846 est
152 1818 202 1845 ex
231 1805 319 1846 Deo
342 1803 458 1856 nati,
492 1818 514 1845 a
537 1818 625 1861 quo
649 1811 772 1845 erant
805 1801 1004 1846 homines
1028 1801 1174 1845 creati.
1204 1801 1455 1846 Secundum

65 1874 178 1917 hanc
199 1872 626 1932 prsedestinationem
650 1872 823 1917 locutus
847 1882 910 1917 est
933 1873 1142 1917 Dominus
1169 1892 1178 1917 ε
1210 1887 1300 1917 non
1332 1872 1454 1933 quod

66 1944 254 2004 aliquem
279 1945 506 1988 hominum
529 1945 757 1999 invenerit,
783 1945 858 2004 qui
881 1943 949 1988 vel
968 1943 1209 1989 secundum
1232 1960 1455 2004 regenera-

67 2015 230 2060 tionem
244 2016 335 2075 jam
357 2024 466 2060 esset
489 2031 541 2060 ex
561 2018 668 2072 Deo,
682 2016 752 2061 vel
773 2015 1015 2061 secundum
1038 2025 1239 2061 naturam
1255 2017 1345 2076 jam
1362 2031 1453 2061 non

66 2095 175 2130 esset
195 2101 248 2130 ex
269 2089 375 2131 Deo.
