<?xml version="1.0" encoding="UTF-8"?>
<!DOCTYPE html PUBLIC "-//W3C//DTD XHTML 1.0 Transitional//EN"
    "http://www.w3.org/TR/xhtml1/DTD/xhtml1-transitional.dtd">
<html xmlns="http://www.w3.org/1999/xhtml" xml:lang="en" lang="en">
 <head>
  <title>
</title>
<meta http-equiv="Content-Type" content="text/html;charset=utf-8" />
  <meta name='ocr-system' content='tesseract 3.04.00' />
  <meta name='ocr-capabilities' content='ocr_page ocr_carea ocr_par ocr_line ocrx_word'/>
</head>
<body>
  <div class='ocr_page' id='page_1' title='image "./operaomniaaccura15auguuoft_0300.png"; bbox 0 0 1809 3173; ppageno 0'>
   <div class='ocr_carea' id='block_1_1' title="bbox 375 186 1314 225">
    <p class='ocr_par' dir='ltr' id='par_1_1' title="bbox 375 186 1314 225">
     <span class='ocr_line' id='line_1_1' title="bbox 375 186 1314 225; baseline 0 -2"><span class='ocrx_word' id='word_1_1' title='bbox 375 186 457 223; x_wconf 78' lang='lat'>288</span> <span class='ocrx_word' id='word_1_2' title='bbox 804 193 837 222; x_wconf 90' lang='lat' dir='ltr'>s.</span> <span class='ocrx_word' id='word_1_3' title='bbox 874 191 1103 224; x_wconf 71' lang='lat' dir='ltr'>Aucusnm</span> <span class='ocrx_word' id='word_1_4' title='bbox 1136 197 1314 225; x_wconf 73' lang='lat' dir='ltr'>Bmscom</span> 
     </span>
    </p>
   </div>
   <div class='ocr_carea' id='block_1_2' title="bbox 356 261 1752 2442">
    <p class='ocr_par' dir='ltr' id='par_1_2' title="bbox 356 261 1752 2442">
     <span class='ocr_line' id='line_1_2' title="bbox 376 261 1751 322; baseline 0.004 -20"><span class='ocrx_word' id='word_1_5' title='bbox 376 279 397 302; x_wconf 86' lang='lat'>»</span> <span class='ocrx_word' id='word_1_6' title='bbox 433 261 506 316; x_wconf 90' lang='lat' dir='ltr'>eis,</span> <span class='ocrx_word' id='word_1_7' title='bbox 531 262 624 303; x_wconf 88' lang='lat' dir='ltr'>Hoc</span> <span class='ocrx_word' id='word_1_8' title='bbox 645 267 708 303; x_wconf 86' lang='lat' dir='ltr'>est</span> <span class='ocrx_word' id='word_1_9' title='bbox 724 274 832 318; x_wconf 88' lang='lat' dir='ltr'>opus</span> <span class='ocrx_word' id='word_1_10' title='bbox 861 262 960 317; x_wconf 82' lang='lat' dir='ltr'>Dei,</span> <span class='ocrx_word' id='word_1_11' title='bbox 985 271 1034 306; x_wconf 87' lang='lat' dir='ltr'>ut</span> <span class='ocrx_word' id='word_1_12' title='bbox 1072 261 1252 307; x_wconf 85' lang='lat' dir='ltr'>credatis</span> <span class='ocrx_word' id='word_1_13' title='bbox 1285 262 1328 305; x_wconf 89' lang='lat' dir='ltr'>in</span> <span class='ocrx_word' id='word_1_14' title='bbox 1361 276 1460 306; x_wconf 90' lang='lat' dir='ltr'>eum</span> <span class='ocrx_word' id='word_1_15' title='bbox 1486 278 1614 322; x_wconf 87' lang='lat' dir='ltr'>quem</span> <span class='ocrx_word' id='word_1_16' title='bbox 1636 264 1751 309; x_wconf 87' lang='lat' dir='ltr'>misit</span> 
     </span>
     <span class='ocr_line' id='line_1_3' title="bbox 377 330 1747 394; baseline 0.003 -20"><span class='ocrx_word' id='word_1_17' title='bbox 377 350 396 372; x_wconf 85' lang='lat'>»</span> <span class='ocrx_word' id='word_1_18' title='bbox 432 330 544 374; x_wconf 90' lang='lat' dir='ltr'>ille¹.</span> <span class='ocrx_word' id='word_1_19' title='bbox 573 349 592 372; x_wconf 89' lang='lat'>»</span> <span class='ocrx_word' id='word_1_20' title='bbox 611 334 703 376; x_wconf 92' lang='lat' dir='ltr'>Hoc</span> <span class='ocrx_word' id='word_1_21' title='bbox 725 341 788 376; x_wconf 90' lang='lat' dir='ltr'>est</span> <span class='ocrx_word' id='word_1_22' title='bbox 804 347 904 390; x_wconf 81' lang='lat' dir='ltr'>ergo</span> <span class='ocrx_word' id='word_1_23' title='bbox 922 332 1184 377; x_wconf 88' lang='lat' dir='ltr'>manducare</span> <span class='ocrx_word' id='word_1_24' title='bbox 1207 353 1226 376; x_wconf 91' lang='lat'>«</span> <span class='ocrx_word' id='word_1_25' title='bbox 1242 333 1391 378; x_wconf 89' lang='lat' dir='ltr'>cibum</span> <span class='ocrx_word' id='word_1_26' title='bbox 1414 349 1502 378; x_wconf 93' lang='lat' dir='ltr'>non</span> <span class='ocrx_word' id='word_1_27' title='bbox 1524 334 1599 394; x_wconf 88' lang='lat' dir='ltr'>qui</span> <span class='ocrx_word' id='word_1_28' title='bbox 1621 336 1747 393; x_wconf 86' lang='lat' dir='ltr'>perit,</span> 
     </span>
     <span class='ocr_line' id='line_1_4' title="bbox 376 400 1750 464; baseline 0.004 -20"><span class='ocrx_word' id='word_1_29' title='bbox 376 419 396 442; x_wconf 89' lang='lat'>»</span> <span class='ocrx_word' id='word_1_30' title='bbox 431 400 505 446; x_wconf 90' lang='lat' dir='ltr'>sed</span> <span class='ocrx_word' id='word_1_31' title='bbox 527 402 602 462; x_wconf 91' lang='lat' dir='ltr'>qui</span> <span class='ocrx_word' id='word_1_32' title='bbox 638 411 860 461; x_wconf 85' lang='lat' dir='ltr'>permanet</span> <span class='ocrx_word' id='word_1_33' title='bbox 887 402 931 446; x_wconf 92' lang='lat' dir='ltr'>in</span> <span class='ocrx_word' id='word_1_34' title='bbox 957 403 1089 446; x_wconf 88' lang='lat' dir='ltr'>vitam</span> <span class='ocrx_word' id='word_1_35' title='bbox 1121 413 1339 449; x_wconf 82' lang='lat' dir='ltr'>aeternam.</span> <span class='ocrx_word' id='word_1_36' title='bbox 1369 424 1388 446; x_wconf 91' lang='lat'>»</span> <span class='ocrx_word' id='word_1_37' title='bbox 1416 407 1472 448; x_wconf 92' lang='lat' dir='ltr'>Ut</span> <span class='ocrx_word' id='word_1_38' title='bbox 1498 404 1606 464; x_wconf 84' lang='lat' dir='ltr'>quid</span> <span class='ocrx_word' id='word_1_39' title='bbox 1629 421 1750 464; x_wconf 87' lang='lat' dir='ltr'>paras</span> 
     </span>
     <span class='ocr_line' id='line_1_5' title="bbox 372 473 1752 528; baseline 0.003 -12"><span class='ocrx_word' id='word_1_40' title='bbox 372 473 522 517; x_wconf 89' lang='lat' dir='ltr'>dentes</span> <span class='ocrx_word' id='word_1_41' title='bbox 550 482 593 517; x_wconf 90' lang='lat' dir='ltr'>et</span> <span class='ocrx_word' id='word_1_42' title='bbox 619 475 850 518; x_wconf 82' lang='lat' dir='ltr'>ventrem?</span> <span class='ocrx_word' id='word_1_43' title='bbox 881 474 1041 528; x_wconf 81' lang='lat' dir='ltr'>Crede,</span> <span class='ocrx_word' id='word_1_44' title='bbox 1084 483 1126 517; x_wconf 90' lang='lat' dir='ltr'>et</span> <span class='ocrx_word' id='word_1_45' title='bbox 1157 476 1442 520; x_wconf 81' lang='lat' dir='ltr'>manducasti.</span> <span class='ocrx_word' id='word_1_46' title='bbox 1485 476 1752 521; x_wconf 88' lang='lat' dir='ltr'>Discernitur</span> 
     </span>
     <span class='ocr_line' id='line_1_6' title="bbox 371 541 1750 606; baseline 0.004 -20"><span class='ocrx_word' id='word_1_47' title='bbox 371 541 551 603; x_wconf 85' lang='lat' dir='ltr'>quidem</span> <span class='ocrx_word' id='word_1_48' title='bbox 573 543 627 587; x_wconf 88' lang='lat' dir='ltr'>ab</span> <span class='ocrx_word' id='word_1_49' title='bbox 650 544 851 603; x_wconf 83' lang='lat' dir='ltr'>operibus</span> <span class='ocrx_word' id='word_1_50' title='bbox 866 543 988 598; x_wconf 82' lang='lat' dir='ltr'>fides,</span> <span class='ocrx_word' id='word_1_51' title='bbox 1005 543 1117 587; x_wconf 88' lang='lat' dir='ltr'>sicut</span> <span class='ocrx_word' id='word_1_52' title='bbox 1134 545 1365 603; x_wconf 80' lang='lat' dir='ltr'>Apostolus</span> <span class='ocrx_word' id='word_1_53' title='bbox 1385 546 1504 601; x_wconf 77' lang='lat' dir='ltr'>dicit,</span> <span class='ocrx_word' id='word_1_54' title='bbox 1524 547 1750 606; x_wconf 85' lang='lat' dir='ltr'>justificari</span> 
     </span>
     <span class='ocr_line' id='line_1_7' title="bbox 371 613 1751 676; baseline 0.002 -18"><span class='ocrx_word' id='word_1_55' title='bbox 371 614 591 659; x_wconf 89' lang='lat' dir='ltr'>hominem</span> <span class='ocrx_word' id='word_1_56' title='bbox 613 630 690 673; x_wconf 91' lang='lat' dir='ltr'>per</span> <span class='ocrx_word' id='word_1_57' title='bbox 707 613 838 657; x_wconf 89' lang='lat' dir='ltr'>fidem</span> <span class='ocrx_word' id='word_1_58' title='bbox 873 615 963 657; x_wconf 89' lang='lat' dir='ltr'>sine</span> <span class='ocrx_word' id='word_1_59' title='bbox 989 615 1192 673; x_wconf 84' lang='lat' dir='ltr'>operibus</span> <span class='ocrx_word' id='word_1_60' title='bbox 1221 616 1368 673; x_wconf 79' lang='lat' dir='ltr'>Legis2</span> <span class='ocrx_word' id='word_1_61' title='bbox 1391 634 1400 659; x_wconf 79' lang='lat' dir='ltr'>z</span> <span class='ocrx_word' id='word_1_62' title='bbox 1427 624 1469 659; x_wconf 85' lang='lat' dir='ltr'>et</span> <span class='ocrx_word' id='word_1_63' title='bbox 1491 626 1591 661; x_wconf 90' lang='lat' dir='ltr'>sunt</span> <span class='ocrx_word' id='word_1_64' title='bbox 1621 633 1751 676; x_wconf 90' lang='lat' dir='ltr'>opera</span> 
     </span>
     <span class='ocr_line' id='line_1_8' title="bbox 372 683 1748 746; baseline 0.002 -17"><span class='ocrx_word' id='word_1_65' title='bbox 372 702 471 746; x_wconf 87' lang='lat' dir='ltr'>quae</span> <span class='ocrx_word' id='word_1_66' title='bbox 493 685 697 730; x_wconf 89' lang='lat' dir='ltr'>videntur</span> <span class='ocrx_word' id='word_1_67' title='bbox 713 684 851 739; x_wconf 86' lang='lat' dir='ltr'>bona,</span> <span class='ocrx_word' id='word_1_68' title='bbox 869 684 958 728; x_wconf 87' lang='lat' dir='ltr'>sine</span> <span class='ocrx_word' id='word_1_69' title='bbox 980 683 1065 728; x_wconf 84' lang='lat' dir='ltr'>fide</span> <span class='ocrx_word' id='word_1_70' title='bbox 1089 685 1247 729; x_wconf 82' lang='lat' dir='ltr'>Christi</span> <span class='ocrx_word' id='word_1_71' title='bbox 1279 705 1286 730; x_wconf 92' lang='lat'><strong>:</strong></span> <span class='ocrx_word' id='word_1_72' title='bbox 1313 696 1355 730; x_wconf 91' lang='lat' dir='ltr'>et</span> <span class='ocrx_word' id='word_1_73' title='bbox 1372 703 1460 731; x_wconf 91' lang='lat' dir='ltr'>non</span> <span class='ocrx_word' id='word_1_74' title='bbox 1482 697 1584 731; x_wconf 88' lang='lat' dir='ltr'>sunt</span> <span class='ocrx_word' id='word_1_75' title='bbox 1605 688 1719 732; x_wconf 87' lang='lat' dir='ltr'>bona</span> <span class='ocrx_word' id='word_1_76' title='bbox 1737 709 1748 745; x_wconf 77' lang='lat'>3</span> 
     </span>
     <span class='ocr_line' id='line_1_9' title="bbox 370 754 1747 817; baseline 0.002 -17"><span class='ocrx_word' id='word_1_77' title='bbox 370 757 472 817; x_wconf 88' lang='lat' dir='ltr'>quia</span> <span class='ocrx_word' id='word_1_78' title='bbox 503 771 592 799; x_wconf 92' lang='lat' dir='ltr'>non</span> <span class='ocrx_word' id='word_1_79' title='bbox 626 754 874 798; x_wconf 86' lang='lat' dir='ltr'>referuntur</span> <span class='ocrx_word' id='word_1_80' title='bbox 895 754 951 798; x_wconf 90' lang='lat' dir='ltr'>ad</span> <span class='ocrx_word' id='word_1_81' title='bbox 980 769 1079 798; x_wconf 90' lang='lat' dir='ltr'>eum</span> <span class='ocrx_word' id='word_1_82' title='bbox 1108 756 1239 799; x_wconf 85' lang='lat' dir='ltr'>finem</span> <span class='ocrx_word' id='word_1_83' title='bbox 1270 772 1319 800; x_wconf 84' lang='lat' dir='ltr'>ex</span> <span class='ocrx_word' id='word_1_84' title='bbox 1350 773 1437 816; x_wconf 90' lang='lat' dir='ltr'>quo</span> <span class='ocrx_word' id='word_1_85' title='bbox 1468 765 1568 801; x_wconf 88' lang='lat' dir='ltr'>sunt</span> <span class='ocrx_word' id='word_1_86' title='bbox 1601 758 1747 803; x_wconf 87' lang='lat' dir='ltr'>bona:</span> 
     </span>
     <span class='ocr_line' id='line_1_10' title="bbox 374 826 1746 886; baseline 0.001 -17"><span class='ocrx_word' id='word_1_87' title='bbox 374 846 394 870; x_wconf 90' lang='lat'>«</span> <span class='ocrx_word' id='word_1_88' title='bbox 429 827 545 871; x_wconf 90' lang='lat' dir='ltr'>Finis</span> <span class='ocrx_word' id='word_1_89' title='bbox 563 827 676 870; x_wconf 90' lang='lat' dir='ltr'>enim</span> <span class='ocrx_word' id='word_1_90' title='bbox 690 826 811 884; x_wconf 85' lang='lat' dir='ltr'>Legis</span> <span class='ocrx_word' id='word_1_91' title='bbox 828 826 1024 870; x_wconf 88' lang='lat' dir='ltr'>Christus</span> <span class='ocrx_word' id='word_1_92' title='bbox 1042 826 1095 870; x_wconf 88' lang='lat' dir='ltr'>ad</span> <span class='ocrx_word' id='word_1_93' title='bbox 1109 828 1320 886; x_wconf 83' lang='lat' dir='ltr'>justitiam</span> <span class='ocrx_word' id='word_1_94' title='bbox 1336 829 1454 872; x_wconf 88' lang='lat' dir='ltr'>omni</span> <span class='ocrx_word' id='word_1_95' title='bbox 1473 829 1707 873; x_wconf 63' lang='lat' dir='ltr'>credentiss.</span> <span class='ocrx_word' id='word_1_96' title='bbox 1725 847 1746 870; x_wconf 88' lang='lat'>»</span> 
     </span>
     <span class='ocr_line' id='line_1_11' title="bbox 373 897 1749 959; baseline 0.001 -17"><span class='ocrx_word' id='word_1_97' title='bbox 373 898 479 942; x_wconf 92' lang='lat' dir='ltr'>Ideo</span> <span class='ocrx_word' id='word_1_98' title='bbox 495 897 635 942; x_wconf 89' lang='lat' dir='ltr'>noluit</span> <span class='ocrx_word' id='word_1_99' title='bbox 667 897 909 942; x_wconf 86' lang='lat' dir='ltr'>discernere</span> <span class='ocrx_word' id='word_1_100' title='bbox 946 898 1000 941; x_wconf 91' lang='lat' dir='ltr'>ab</span> <span class='ocrx_word' id='word_1_101' title='bbox 1037 913 1165 956; x_wconf 85' lang='lat' dir='ltr'>opere</span> <span class='ocrx_word' id='word_1_102' title='bbox 1188 897 1335 954; x_wconf 80' lang='lat' dir='ltr'>fidem,</span> <span class='ocrx_word' id='word_1_103' title='bbox 1356 900 1431 943; x_wconf 88' lang='lat' dir='ltr'>sed</span> <span class='ocrx_word' id='word_1_104' title='bbox 1462 900 1598 959; x_wconf 85' lang='lat' dir='ltr'>ipsam</span> <span class='ocrx_word' id='word_1_105' title='bbox 1617 900 1749 944; x_wconf 89' lang='lat' dir='ltr'>fidem</span> 
     </span>
     <span class='ocr_line' id='line_1_12' title="bbox 369 968 1748 1029; baseline 0.002 -18"><span class='ocrx_word' id='word_1_106' title='bbox 369 968 477 1012; x_wconf 83' lang='lat' dir='ltr'>dixit</span> <span class='ocrx_word' id='word_1_107' title='bbox 499 983 588 1012; x_wconf 88' lang='lat' dir='ltr'>esse</span> <span class='ocrx_word' id='word_1_108' title='bbox 609 968 762 1027; x_wconf 81' lang='lat' dir='ltr'>opus⁴.</span> <span class='ocrx_word' id='word_1_109' title='bbox 786 986 806 1009; x_wconf 87' lang='lat'>»</span> <span class='ocrx_word' id='word_1_110' title='bbox 846 970 941 1027; x_wconf 90' lang='lat' dir='ltr'>Ipsa</span> <span class='ocrx_word' id='word_1_111' title='bbox 964 976 1027 1011; x_wconf 88' lang='lat' dir='ltr'>est</span> <span class='ocrx_word' id='word_1_112' title='bbox 1061 969 1174 1011; x_wconf 89' lang='lat' dir='ltr'>enim</span> <span class='ocrx_word' id='word_1_113' title='bbox 1197 969 1303 1013; x_wconf 87' lang='lat' dir='ltr'>fides</span> <span class='ocrx_word' id='word_1_114' title='bbox 1325 986 1423 1029; x_wconf 87' lang='lat' dir='ltr'>quae</span> <span class='ocrx_word' id='word_1_115' title='bbox 1448 985 1523 1029; x_wconf 87' lang='lat' dir='ltr'>per</span> <span class='ocrx_word' id='word_1_116' title='bbox 1551 969 1748 1014; x_wconf 88' lang='lat' dir='ltr'>dilectio-</span> 
     </span>
     <span class='ocr_line' id='line_1_13' title="bbox 368 1039 1744 1100; baseline 0.002 -17"><span class='ocrx_word' id='word_1_117' title='bbox 368 1055 469 1084; x_wconf 87' lang='lat' dir='ltr'>nem</span> <span class='ocrx_word' id='word_1_118' title='bbox 502 1048 721 1099; x_wconf 86' lang='lat' dir='ltr'>operatur.</span> <span class='ocrx_word' id='word_1_119' title='bbox 745 1042 833 1085; x_wconf 84' lang='lat' dir='ltr'>Nec</span> <span class='ocrx_word' id='word_1_120' title='bbox 871 1039 1004 1094; x_wconf 81' lang='lat' dir='ltr'>dixit,</span> <span class='ocrx_word' id='word_1_121' title='bbox 1031 1042 1123 1084; x_wconf 90' lang='lat' dir='ltr'>Hoc</span> <span class='ocrx_word' id='word_1_122' title='bbox 1160 1050 1223 1084; x_wconf 89' lang='lat' dir='ltr'>est</span> <span class='ocrx_word' id='word_1_123' title='bbox 1262 1057 1370 1100; x_wconf 87' lang='lat' dir='ltr'>opus</span> <span class='ocrx_word' id='word_1_124' title='bbox 1404 1051 1617 1097; x_wconf 84' lang='lat' dir='ltr'>vestrum,</span> <span class='ocrx_word' id='word_1_125' title='bbox 1643 1041 1744 1096; x_wconf 82' lang='lat' dir='ltr'>sed,</span> 
     </span>
     <span class='ocr_line' id='line_1_14' title="bbox 372 1110 1748 1172; baseline 0.003 -20"><span class='ocrx_word' id='word_1_126' title='bbox 372 1130 391 1152; x_wconf 93' lang='lat'>«</span> <span class='ocrx_word' id='word_1_127' title='bbox 427 1114 520 1156; x_wconf 93' lang='lat' dir='ltr'>Hoc</span> <span class='ocrx_word' id='word_1_128' title='bbox 556 1121 619 1156; x_wconf 90' lang='lat' dir='ltr'>est</span> <span class='ocrx_word' id='word_1_129' title='bbox 653 1125 760 1170; x_wconf 91' lang='lat' dir='ltr'>opus</span> <span class='ocrx_word' id='word_1_130' title='bbox 802 1110 899 1162; x_wconf 79' lang='lat' dir='ltr'>Dei,</span> <span class='ocrx_word' id='word_1_131' title='bbox 944 1119 994 1154; x_wconf 91' lang='lat' dir='ltr'>ut</span> <span class='ocrx_word' id='word_1_132' title='bbox 1026 1110 1206 1155; x_wconf 87' lang='lat' dir='ltr'>credatis</span> <span class='ocrx_word' id='word_1_133' title='bbox 1241 1112 1286 1155; x_wconf 92' lang='lat' dir='ltr'>in</span> <span class='ocrx_word' id='word_1_134' title='bbox 1325 1127 1423 1156; x_wconf 91' lang='lat' dir='ltr'>eum</span> <span class='ocrx_word' id='word_1_135' title='bbox 1468 1128 1599 1172; x_wconf 85' lang='lat' dir='ltr'>quem</span> <span class='ocrx_word' id='word_1_136' title='bbox 1634 1113 1748 1157; x_wconf 86' lang='lat' dir='ltr'>misit</span> 
     </span>
     <span class='ocr_line' id='line_1_15' title="bbox 368 1180 1744 1241; baseline 0.003 -19"><span class='ocrx_word' id='word_1_137' title='bbox 368 1199 388 1222; x_wconf 85' lang='lat'>»</span> <span class='ocrx_word' id='word_1_138' title='bbox 413 1180 510 1225; x_wconf 89' lang='lat' dir='ltr'>ille:</span> <span class='ocrx_word' id='word_1_139' title='bbox 531 1190 614 1225; x_wconf 87' lang='lat' dir='ltr'>»ut</span> <span class='ocrx_word' id='word_1_140' title='bbox 635 1180 711 1240; x_wconf 88' lang='lat' dir='ltr'>qui</span> <span class='ocrx_word' id='word_1_141' title='bbox 735 1180 964 1238; x_wconf 77' lang='lat' dir='ltr'>gloriatur,</span> <span class='ocrx_word' id='word_1_142' title='bbox 981 1181 1025 1223; x_wconf 90' lang='lat' dir='ltr'>in</span> <span class='ocrx_word' id='word_1_143' title='bbox 1042 1181 1226 1225; x_wconf 89' lang='lat' dir='ltr'>Domino</span> <span class='ocrx_word' id='word_1_144' title='bbox 1247 1181 1494 1239; x_wconf 77' lang='lat' dir='ltr'>glorietur5.</span> <span class='ocrx_word' id='word_1_145' title='bbox 1512 1183 1618 1235; x_wconf 86' lang='lat' dir='ltr'>Quia</span> <span class='ocrx_word' id='word_1_146' title='bbox 1641 1198 1744 1241; x_wconf 83' lang='lat' dir='ltr'>ergo</span> 
     </span>
     <span class='ocr_line' id='line_1_16' title="bbox 364 1249 1746 1312; baseline 0.001 -18"><span class='ocrx_word' id='word_1_147' title='bbox 364 1251 576 1297; x_wconf 85' lang='lat' dir='ltr'>invitabat</span> <span class='ocrx_word' id='word_1_148' title='bbox 599 1267 671 1295; x_wconf 90' lang='lat' dir='ltr'>eos</span> <span class='ocrx_word' id='word_1_149' title='bbox 705 1249 760 1294; x_wconf 92' lang='lat' dir='ltr'>ad</span> <span class='ocrx_word' id='word_1_150' title='bbox 781 1250 928 1304; x_wconf 81' lang='lat' dir='ltr'>fidem,</span> <span class='ocrx_word' id='word_1_151' title='bbox 969 1249 1031 1293; x_wconf 85' lang='lat' dir='ltr'>illi</span> <span class='ocrx_word' id='word_1_152' title='bbox 1055 1252 1197 1295; x_wconf 88' lang='lat' dir='ltr'>adhuc</span> <span class='ocrx_word' id='word_1_153' title='bbox 1226 1253 1481 1311; x_wconf 70' lang='lat' dir='ltr'>quaerebant</span> <span class='ocrx_word' id='word_1_154' title='bbox 1508 1253 1625 1309; x_wconf 84' lang='lat' dir='ltr'>signa</span> <span class='ocrx_word' id='word_1_155' title='bbox 1647 1253 1746 1312; x_wconf 88' lang='lat' dir='ltr'>qui-</span> 
     </span>
     <span class='ocr_line' id='line_1_17' title="bbox 364 1321 1745 1381; baseline 0.001 -15"><span class='ocrx_word' id='word_1_156' title='bbox 364 1324 446 1367; x_wconf 92' lang='lat' dir='ltr'>bus</span> <span class='ocrx_word' id='word_1_157' title='bbox 463 1324 703 1367; x_wconf 85' lang='lat' dir='ltr'>crederent.</span> <span class='ocrx_word' id='word_1_158' title='bbox 729 1321 840 1366; x_wconf 89' lang='lat' dir='ltr'>Vide</span> <span class='ocrx_word' id='word_1_159' title='bbox 861 1322 895 1365; x_wconf 89' lang='lat' dir='ltr'>si</span> <span class='ocrx_word' id='word_1_160' title='bbox 917 1337 1005 1365; x_wconf 80' lang='lat' dir='ltr'>non</span> <span class='ocrx_word' id='word_1_161' title='bbox 1025 1324 1048 1365; x_wconf 92' lang='lat' dir='ltr'>J</span> <span class='ocrx_word' id='word_1_162' title='bbox 1054 1321 1167 1365; x_wconf 86' lang='lat' dir='ltr'>udaei</span> <span class='ocrx_word' id='word_1_163' title='bbox 1195 1323 1312 1379; x_wconf 86' lang='lat' dir='ltr'>signa</span> <span class='ocrx_word' id='word_1_164' title='bbox 1335 1332 1504 1381; x_wconf 88' lang='lat' dir='ltr'>petunt.</span> <span class='ocrx_word' id='word_1_165' title='bbox 1532 1324 1745 1368; x_wconf 81' lang='lat' dir='ltr'>Dixerunt</span> 
     </span>
     <span class='ocr_line' id='line_1_18' title="bbox 363 1390 1746 1452; baseline 0.001 -15"><span class='ocrx_word' id='word_1_166' title='bbox 363 1409 466 1452; x_wconf 85' lang='lat' dir='ltr'>ergo</span> <span class='ocrx_word' id='word_1_167' title='bbox 487 1394 541 1447; x_wconf 87' lang='lat' dir='ltr'>ei,</span> <span class='ocrx_word' id='word_1_168' title='bbox 573 1412 592 1435; x_wconf 89' lang='lat'>«</span> <span class='ocrx_word' id='word_1_169' title='bbox 619 1391 748 1445; x_wconf 91' lang='lat' dir='ltr'>Quod</span> <span class='ocrx_word' id='word_1_170' title='bbox 769 1406 868 1449; x_wconf 84' lang='lat' dir='ltr'>ergo</span> <span class='ocrx_word' id='word_1_171' title='bbox 886 1400 935 1435; x_wconf 89' lang='lat' dir='ltr'>tu</span> <span class='ocrx_word' id='word_1_172' title='bbox 949 1390 1052 1435; x_wconf 88' lang='lat' dir='ltr'>facis</span> <span class='ocrx_word' id='word_1_173' title='bbox 1072 1392 1257 1449; x_wconf 84' lang='lat' dir='ltr'>signum,</span> <span class='ocrx_word' id='word_1_174' title='bbox 1276 1402 1326 1436; x_wconf 89' lang='lat' dir='ltr'>ut</span> <span class='ocrx_word' id='word_1_175' title='bbox 1347 1393 1570 1437; x_wconf 84' lang='lat' dir='ltr'>videamus</span> <span class='ocrx_word' id='word_1_176' title='bbox 1587 1403 1628 1437; x_wconf 89' lang='lat' dir='ltr'>et</span> <span class='ocrx_word' id='word_1_177' title='bbox 1651 1410 1746 1439; x_wconf 88' lang='lat' dir='ltr'>cre-</span> 
     </span>
     <span class='ocr_line' id='line_1_19' title="bbox 356 1461 1744 1523; baseline 0.002 -19"><span class='ocrx_word' id='word_1_178' title='bbox 356 1481 385 1504; x_wconf 88' lang='lat'>.»</span> <span class='ocrx_word' id='word_1_179' title='bbox 421 1464 574 1507; x_wconf 85' lang='lat' dir='ltr'>damus</span> <span class='ocrx_word' id='word_1_180' title='bbox 613 1462 723 1506; x_wconf 77' lang='lat' dir='ltr'>tihi?</span> <span class='ocrx_word' id='word_1_181' title='bbox 757 1461 864 1521; x_wconf 87' lang='lat' dir='ltr'>quid</span> <span class='ocrx_word' id='word_1_182' title='bbox 897 1463 1152 1521; x_wconf 64' lang='lat' dir='ltr'>operarisssP</span> <span class='ocrx_word' id='word_1_183' title='bbox 1184 1480 1203 1502; x_wconf 62' lang='grc' dir='ltr'>υ</span> <span class='ocrx_word' id='word_1_184' title='bbox 1232 1466 1473 1507; x_wconf 87' lang='lat' dir='ltr'>Parum—ne</span> <span class='ocrx_word' id='word_1_185' title='bbox 1506 1473 1597 1507; x_wconf 87' lang='lat' dir='ltr'>erat</span> <span class='ocrx_word' id='word_1_186' title='bbox 1624 1464 1744 1523; x_wconf 89' lang='lat' dir='ltr'>quod</span> 
     </span>
     <span class='ocr_line' id='line_1_20' title="bbox 361 1533 1739 1594; baseline -0.001 -16"><span class='ocrx_word' id='word_1_187' title='bbox 361 1533 415 1578; x_wconf 88' lang='lat' dir='ltr'>de</span> <span class='ocrx_word' id='word_1_188' title='bbox 437 1534 632 1594; x_wconf 89' lang='lat' dir='ltr'>quinque</span> <span class='ocrx_word' id='word_1_189' title='bbox 654 1533 837 1593; x_wconf 91' lang='lat' dir='ltr'>panibus</span> <span class='ocrx_word' id='word_1_190' title='bbox 872 1533 980 1591; x_wconf 84' lang='lat' dir='ltr'>pasti</span> <span class='ocrx_word' id='word_1_191' title='bbox 1022 1534 1153 1576; x_wconf 81' lang='lat' dir='ltr'>sunt?</span> <span class='ocrx_word' id='word_1_192' title='bbox 1195 1533 1395 1577; x_wconf 85' lang='lat' dir='ltr'>Sciebant</span> <span class='ocrx_word' id='word_1_193' title='bbox 1434 1534 1515 1577; x_wconf 88' lang='lat' dir='ltr'>hoc</span> <span class='ocrx_word' id='word_1_194' title='bbox 1546 1534 1739 1593; x_wconf 82' lang='lat' dir='ltr'>quidem,</span> 
     </span>
     <span class='ocr_line' id='line_1_21' title="bbox 361 1602 1742 1662; baseline 0 -14"><span class='ocrx_word' id='word_1_195' title='bbox 361 1604 436 1648; x_wconf 90' lang='lat' dir='ltr'>sed</span> <span class='ocrx_word' id='word_1_196' title='bbox 448 1605 549 1649; x_wconf 89' lang='lat' dir='ltr'>huic</span> <span class='ocrx_word' id='word_1_197' title='bbox 562 1605 662 1649; x_wconf 87' lang='lat' dir='ltr'>cibo</span> <span class='ocrx_word' id='word_1_198' title='bbox 677 1619 835 1647; x_wconf 87' lang='lat' dir='ltr'>manna</span> <span class='ocrx_word' id='word_1_199' title='bbox 848 1602 902 1646; x_wconf 91' lang='lat' dir='ltr'>de</span> <span class='ocrx_word' id='word_1_200' title='bbox 916 1602 1027 1647; x_wconf 90' lang='lat' dir='ltr'>coelo</span> <span class='ocrx_word' id='word_1_201' title='bbox 1046 1603 1350 1662; x_wconf 82' lang='lat' dir='ltr'>praeferebant.</span> <span class='ocrx_word' id='word_1_202' title='bbox 1373 1605 1580 1649; x_wconf 82' lang='lat' dir='ltr'>Dominus</span> <span class='ocrx_word' id='word_1_203' title='bbox 1597 1614 1742 1649; x_wconf 88' lang='lat' dir='ltr'>autem</span> 
     </span>
     <span class='ocr_line' id='line_1_22' title="bbox 360 1673 1741 1733; baseline 0 -15"><span class='ocrx_word' id='word_1_204' title='bbox 360 1678 482 1719; x_wconf 88' lang='lat' dir='ltr'>Jesus</span> <span class='ocrx_word' id='word_1_205' title='bbox 503 1675 633 1718; x_wconf 86' lang='lat' dir='ltr'>talem</span> <span class='ocrx_word' id='word_1_206' title='bbox 652 1689 695 1718; x_wconf 95' lang='lat' dir='ltr'>se</span> <span class='ocrx_word' id='word_1_207' title='bbox 719 1673 914 1727; x_wconf 85' lang='lat' dir='ltr'>dicebat,</span> <span class='ocrx_word' id='word_1_208' title='bbox 941 1682 989 1716; x_wconf 89' lang='lat' dir='ltr'>ut</span> <span class='ocrx_word' id='word_1_209' title='bbox 1021 1674 1161 1731; x_wconf 80' lang='lat' dir='ltr'>Moysi</span> <span class='ocrx_word' id='word_1_210' title='bbox 1189 1683 1475 1733; x_wconf 86' lang='lat' dir='ltr'>praeponeret.</span> <span class='ocrx_word' id='word_1_211' title='bbox 1507 1677 1604 1719; x_wconf 92' lang='lat' dir='ltr'>Non</span> <span class='ocrx_word' id='word_1_212' title='bbox 1626 1675 1741 1718; x_wconf 90' lang='lat' dir='ltr'>enim</span> 
     </span>
     <span class='ocr_line' id='line_1_23' title="bbox 361 1743 1739 1804; baseline 0 -15"><span class='ocrx_word' id='word_1_213' title='bbox 361 1761 487 1790; x_wconf 88' lang='lat' dir='ltr'>ausus</span> <span class='ocrx_word' id='word_1_214' title='bbox 518 1755 580 1789; x_wconf 86' lang='lat' dir='ltr'>est</span> <span class='ocrx_word' id='word_1_215' title='bbox 613 1748 783 1802; x_wconf 83' lang='lat' dir='ltr'>Moyses</span> <span class='ocrx_word' id='word_1_216' title='bbox 806 1743 860 1787; x_wconf 91' lang='lat' dir='ltr'>de</span> <span class='ocrx_word' id='word_1_217' title='bbox 894 1758 937 1787; x_wconf 91' lang='lat' dir='ltr'>se</span> <span class='ocrx_word' id='word_1_218' title='bbox 959 1744 1123 1799; x_wconf 86' lang='lat' dir='ltr'>dicere,</span> <span class='ocrx_word' id='word_1_219' title='bbox 1150 1744 1271 1804; x_wconf 89' lang='lat' dir='ltr'>quod</span> <span class='ocrx_word' id='word_1_220' title='bbox 1288 1746 1409 1788; x_wconf 87' lang='lat' dir='ltr'>daret</span> <span class='ocrx_word' id='word_1_221' title='bbox 1435 1764 1454 1786; x_wconf 91' lang='lat'>«</span> <span class='ocrx_word' id='word_1_222' title='bbox 1481 1746 1628 1790; x_wconf 88' lang='lat' dir='ltr'>cibum</span> <span class='ocrx_word' id='word_1_223' title='bbox 1650 1761 1739 1790; x_wconf 92' lang='lat' dir='ltr'>non</span> 
     </span>
     <span class='ocr_line' id='line_1_24' title="bbox 362 1814 1739 1876; baseline 0.001 -19"><span class='ocrx_word' id='word_1_224' title='bbox 362 1835 381 1857; x_wconf 90' lang='lat'>»</span> <span class='ocrx_word' id='word_1_225' title='bbox 417 1817 491 1876; x_wconf 92' lang='lat' dir='ltr'>qui</span> <span class='ocrx_word' id='word_1_226' title='bbox 516 1816 651 1875; x_wconf 87' lang='lat' dir='ltr'>perit,</span> <span class='ocrx_word' id='word_1_227' title='bbox 686 1815 760 1859; x_wconf 91' lang='lat' dir='ltr'>sed</span> <span class='ocrx_word' id='word_1_228' title='bbox 783 1815 858 1874; x_wconf 89' lang='lat' dir='ltr'>qui</span> <span class='ocrx_word' id='word_1_229' title='bbox 881 1825 1105 1873; x_wconf 89' lang='lat' dir='ltr'>permanet</span> <span class='ocrx_word' id='word_1_230' title='bbox 1126 1814 1171 1857; x_wconf 95' lang='lat' dir='ltr'>in</span> <span class='ocrx_word' id='word_1_231' title='bbox 1193 1815 1325 1859; x_wconf 90' lang='lat' dir='ltr'>vitam</span> <span class='ocrx_word' id='word_1_232' title='bbox 1348 1825 1570 1860; x_wconf 80' lang='lat' dir='ltr'>aeternam.</span> <span class='ocrx_word' id='word_1_233' title='bbox 1595 1834 1614 1857; x_wconf 85' lang='lat'>»</span> <span class='ocrx_word' id='word_1_234' title='bbox 1645 1816 1739 1859; x_wconf 88' lang='lat' dir='ltr'>Ali-</span> 
     </span>
     <span class='ocr_line' id='line_1_25' title="bbox 358 1885 1737 1948; baseline 0 -17"><span class='ocrx_word' id='word_1_235' title='bbox 358 1887 465 1948; x_wconf 85' lang='lat' dir='ltr'>quid</span> <span class='ocrx_word' id='word_1_236' title='bbox 502 1887 598 1946; x_wconf 91' lang='lat' dir='ltr'>plus</span> <span class='ocrx_word' id='word_1_237' title='bbox 634 1887 712 1930; x_wconf 89' lang='lat' dir='ltr'>iste</span> <span class='ocrx_word' id='word_1_238' title='bbox 745 1885 1026 1945; x_wconf 85' lang='lat' dir='ltr'>promittebat</span> <span class='ocrx_word' id='word_1_239' title='bbox 1062 1901 1194 1946; x_wconf 90' lang='lat' dir='ltr'>quam</span> <span class='ocrx_word' id='word_1_240' title='bbox 1228 1889 1412 1944; x_wconf 85' lang='lat' dir='ltr'>Moyses.</span> <span class='ocrx_word' id='word_1_241' title='bbox 1448 1891 1528 1930; x_wconf 89' lang='lat' dir='ltr'>Per</span> <span class='ocrx_word' id='word_1_242' title='bbox 1556 1891 1737 1944; x_wconf 89' lang='lat' dir='ltr'>Moysen</span> 
     </span>
     <span class='ocr_line' id='line_1_26' title="bbox 359 1957 1733 2018; baseline -0.001 -16"><span class='ocrx_word' id='word_1_243' title='bbox 359 1959 521 2018; x_wconf 89' lang='lat' dir='ltr'>quippe</span> <span class='ocrx_word' id='word_1_244' title='bbox 543 1957 876 2017; x_wconf 87' lang='lat' dir='ltr'>promittebatur</span> <span class='ocrx_word' id='word_1_245' title='bbox 894 1970 1089 2014; x_wconf 71' lang='lat' dir='ltr'>regnum,</span> <span class='ocrx_word' id='word_1_246' title='bbox 1117 1966 1161 2000; x_wconf 88' lang='lat' dir='ltr'>et</span> <span class='ocrx_word' id='word_1_247' title='bbox 1182 1966 1294 2001; x_wconf 86' lang='lat' dir='ltr'>terra</span> <span class='ocrx_word' id='word_1_248' title='bbox 1317 1958 1456 2001; x_wconf 90' lang='lat' dir='ltr'>ssuens</span> <span class='ocrx_word' id='word_1_249' title='bbox 1479 1957 1545 2001; x_wconf 88' lang='lat' dir='ltr'>lac</span> <span class='ocrx_word' id='word_1_250' title='bbox 1567 1967 1609 2001; x_wconf 91' lang='lat' dir='ltr'>et</span> <span class='ocrx_word' id='word_1_251' title='bbox 1631 1957 1733 2012; x_wconf 87' lang='lat' dir='ltr'>mel,</span> 
     </span>
     <span class='ocr_line' id='line_1_27' title="bbox 361 2026 1737 2088; baseline -0.001 -16"><span class='ocrx_word' id='word_1_252' title='bbox 361 2027 607 2088; x_wconf 88' lang='lat' dir='ltr'>temporalis</span> <span class='ocrx_word' id='word_1_253' title='bbox 634 2044 738 2087; x_wconf 84' lang='lat' dir='ltr'>pax,</span> <span class='ocrx_word' id='word_1_254' title='bbox 774 2026 1041 2070; x_wconf 80' lang='lat' dir='ltr'>abundantia</span> <span class='ocrx_word' id='word_1_255' title='bbox 1061 2026 1248 2070; x_wconf 87' lang='lat' dir='ltr'>filiorum</span> <span class='ocrx_word' id='word_1_256' title='bbox 1267 2062 1278 2081; x_wconf 83' lang='lat'>,</span> <span class='ocrx_word' id='word_1_257' title='bbox 1316 2028 1430 2071; x_wconf 88' lang='lat' dir='ltr'>salus</span> <span class='ocrx_word' id='word_1_258' title='bbox 1452 2028 1642 2086; x_wconf 89' lang='lat' dir='ltr'>corporis</span> <span class='ocrx_word' id='word_1_259' title='bbox 1657 2063 1667 2082; x_wconf 83' lang='lat'>,</span> <span class='ocrx_word' id='word_1_260' title='bbox 1694 2036 1737 2071; x_wconf 90' lang='lat' dir='ltr'>et</span> 
     </span>
     <span class='ocr_line' id='line_1_28' title="bbox 357 2096 1735 2157; baseline -0.002 -13"><span class='ocrx_word' id='word_1_261' title='bbox 357 2109 509 2144; x_wconf 86' lang='lat' dir='ltr'>caetera</span> <span class='ocrx_word' id='word_1_262' title='bbox 533 2099 693 2153; x_wconf 86' lang='lat' dir='ltr'>omnia,</span> <span class='ocrx_word' id='word_1_263' title='bbox 720 2096 970 2156; x_wconf 88' lang='lat' dir='ltr'>temporalia</span> <span class='ocrx_word' id='word_1_264' title='bbox 995 2096 1187 2156; x_wconf 79' lang='lat' dir='ltr'>quidem,</span> <span class='ocrx_word' id='word_1_265' title='bbox 1214 2097 1258 2139; x_wconf 88' lang='lat' dir='ltr'>in</span> <span class='ocrx_word' id='word_1_266' title='bbox 1280 2097 1419 2156; x_wconf 85' lang='lat' dir='ltr'>figura</span> <span class='ocrx_word' id='word_1_267' title='bbox 1443 2107 1587 2141; x_wconf 87' lang='lat' dir='ltr'>tamen</span> <span class='ocrx_word' id='word_1_268' title='bbox 1609 2098 1735 2157; x_wconf 91' lang='lat' dir='ltr'>spiri-</span> 
     </span>
     <span class='ocr_line' id='line_1_29' title="bbox 357 2166 1734 2229; baseline -0.001 -16"><span class='ocrx_word' id='word_1_269' title='bbox 357 2169 456 2213; x_wconf 89' lang='lat' dir='ltr'>talia</span> <span class='ocrx_word' id='word_1_270' title='bbox 483 2188 492 2214; x_wconf 90' lang='lat'>:</span> <span class='ocrx_word' id='word_1_271' title='bbox 517 2168 618 2229; x_wconf 88' lang='lat' dir='ltr'>quia</span> <span class='ocrx_word' id='word_1_272' title='bbox 639 2168 772 2211; x_wconf 88' lang='lat' dir='ltr'>veteri</span> <span class='ocrx_word' id='word_1_273' title='bbox 794 2167 959 2211; x_wconf 89' lang='lat' dir='ltr'>homini</span> <span class='ocrx_word' id='word_1_274' title='bbox 980 2166 1024 2209; x_wconf 89' lang='lat' dir='ltr'>in</span> <span class='ocrx_word' id='word_1_275' title='bbox 1042 2176 1185 2210; x_wconf 90' lang='lat' dir='ltr'>vetere</span> <span class='ocrx_word' id='word_1_276' title='bbox 1205 2170 1479 2212; x_wconf 87' lang='lat' dir='ltr'>Testamento</span> <span class='ocrx_word' id='word_1_277' title='bbox 1506 2167 1734 2227; x_wconf 89' lang='lat' dir='ltr'>promitte-</span> 
     </span>
     <span class='ocr_line' id='line_1_30' title="bbox 356 2239 1735 2297; baseline -0.001 -13"><span class='ocrx_word' id='word_1_278' title='bbox 356 2241 531 2284; x_wconf 86' lang='lat' dir='ltr'>bantur.</span> <span class='ocrx_word' id='word_1_279' title='bbox 557 2239 855 2284; x_wconf 86' lang='lat' dir='ltr'>Attendebant</span> <span class='ocrx_word' id='word_1_280' title='bbox 873 2252 973 2295; x_wconf 83' lang='lat' dir='ltr'>ergo</span> <span class='ocrx_word' id='word_1_281' title='bbox 996 2239 1202 2296; x_wconf 89' lang='lat' dir='ltr'>promissa</span> <span class='ocrx_word' id='word_1_282' title='bbox 1218 2253 1294 2297; x_wconf 91' lang='lat' dir='ltr'>per</span> <span class='ocrx_word' id='word_1_283' title='bbox 1310 2241 1509 2296; x_wconf 76' lang='lat' dir='ltr'>Moysen,</span> <span class='ocrx_word' id='word_1_284' title='bbox 1534 2248 1577 2282; x_wconf 88' lang='lat' dir='ltr'>et</span> <span class='ocrx_word' id='word_1_285' title='bbox 1598 2248 1735 2283; x_wconf 87' lang='lat' dir='ltr'>atten-</span> 
     </span>
     <span class='ocr_line' id='line_1_31' title="bbox 357 2308 1733 2369; baseline -0.001 -15"><span class='ocrx_word' id='word_1_286' title='bbox 357 2311 520 2355; x_wconf 89' lang='lat' dir='ltr'>debant</span> <span class='ocrx_word' id='word_1_287' title='bbox 556 2310 759 2369; x_wconf 88' lang='lat' dir='ltr'>promissa</span> <span class='ocrx_word' id='word_1_288' title='bbox 801 2323 876 2367; x_wconf 90' lang='lat' dir='ltr'>per</span> <span class='ocrx_word' id='word_1_289' title='bbox 925 2308 1162 2352; x_wconf 84' lang='lat' dir='ltr'>Christum.</span> <span class='ocrx_word' id='word_1_290' title='bbox 1200 2308 1277 2352; x_wconf 86' lang='lat' dir='ltr'>Ille</span> <span class='ocrx_word' id='word_1_291' title='bbox 1318 2308 1497 2367; x_wconf 88' lang='lat' dir='ltr'>plenum</span> <span class='ocrx_word' id='word_1_292' title='bbox 1538 2319 1733 2353; x_wconf 88' lang='lat' dir='ltr'>ventrem</span> 
     </span>
     <span class='ocr_line' id='line_1_32' title="bbox 356 2378 1733 2442; baseline -0.001 -16"><span class='ocrx_word' id='word_1_293' title='bbox 356 2381 638 2442; x_wconf 86' lang='lat' dir='ltr'>promittebat</span> <span class='ocrx_word' id='word_1_294' title='bbox 660 2381 705 2423; x_wconf 92' lang='lat' dir='ltr'>in</span> <span class='ocrx_word' id='word_1_295' title='bbox 730 2389 855 2433; x_wconf 82' lang='lat' dir='ltr'>terra,</span> <span class='ocrx_word' id='word_1_296' title='bbox 883 2378 957 2422; x_wconf 89' lang='lat' dir='ltr'>sed</span> <span class='ocrx_word' id='word_1_297' title='bbox 979 2379 1075 2422; x_wconf 90' lang='lat' dir='ltr'>cibo</span> <span class='ocrx_word' id='word_1_298' title='bbox 1098 2379 1173 2438; x_wconf 88' lang='lat' dir='ltr'>qui</span> <span class='ocrx_word' id='word_1_299' title='bbox 1191 2379 1301 2437; x_wconf 90' lang='lat' dir='ltr'>perit</span> <span class='ocrx_word' id='word_1_300' title='bbox 1326 2396 1337 2423; x_wconf 90' lang='lat'>.·</span> <span class='ocrx_word' id='word_1_301' title='bbox 1358 2380 1436 2423; x_wconf 88' lang='lat' dir='ltr'>iste</span> <span class='ocrx_word' id='word_1_302' title='bbox 1455 2380 1733 2439; x_wconf 83' lang='lat' dir='ltr'>promittebat</span> 
     </span>
    </p>
   </div>
   <div class='ocr_carea' id='block_1_3' title="bbox 356 2473 1732 2576">
    <p class='ocr_par' dir='ltr' id='par_1_3' title="bbox 356 2473 1732 2576">
     <span class='ocr_line' id='line_1_33' title="bbox 411 2473 1732 2519; baseline -0.002 -9"><span class='ocrx_word' id='word_1_303' title='bbox 411 2481 419 2496; x_wconf 92' lang='lat'><strong>¹</strong></span> <span class='ocrx_word' id='word_1_304' title='bbox 441 2481 533 2510; x_wconf 89' lang='lat' dir='ltr'>Joan.</span> <span class='ocrx_word' id='word_1_305' title='bbox 562 2488 605 2519; x_wconf 77' lang='lat' dir='ltr'>vr,</span> <span class='ocrx_word' id='word_1_306' title='bbox 629 2486 683 2519; x_wconf 81' lang='lat'>29.</span> <span class='ocrx_word' id='word_1_307' title='bbox 705 2493 744 2499; x_wconf 90' lang='lat'><em>—</em></span> <span class='ocrx_word' id='word_1_308' title='bbox 771 2482 783 2498; x_wconf 85' lang='lat'>2</span> <span class='ocrx_word' id='word_1_309' title='bbox 805 2478 895 2508; x_wconf 86' lang='lat' dir='ltr'>Rom.</span> <span class='ocrx_word' id='word_1_310' title='bbox 927 2486 975 2517; x_wconf 82' lang='lat'>111,</span> <span class='ocrx_word' id='word_1_311' title='bbox 994 2478 1048 2508; x_wconf 85' lang='lat'>28.</span> <span class='ocrx_word' id='word_1_312' title='bbox 1071 2492 1109 2497; x_wconf 89' lang='lat'>—</span> <span class='ocrx_word' id='word_1_313' title='bbox 1131 2473 1144 2497; x_wconf 83' lang='lat'>3</span> <span class='ocrx_word' id='word_1_314' title='bbox 1170 2475 1215 2507; x_wconf 87' lang='lat' dir='ltr'>Id.</span> <span class='ocrx_word' id='word_1_315' title='bbox 1238 2487 1271 2514; x_wconf 87' lang='lat' dir='ltr'>x,</span> <span class='ocrx_word' id='word_1_316' title='bbox 1288 2474 1320 2516; x_wconf 92' lang='lat'>4.</span> <span class='ocrx_word' id='word_1_317' title='bbox 1345 2493 1384 2498; x_wconf 91' lang='lat'><em>-</em></span> <span class='ocrx_word' id='word_1_318' title='bbox 1413 2474 1428 2505; x_wconf 72' lang='grc'>4</span> <span class='ocrx_word' id='word_1_319' title='bbox 1449 2476 1551 2508; x_wconf 83' lang='lat' dir='ltr'>Galat.</span> <span class='ocrx_word' id='word_1_320' title='bbox 1582 2487 1614 2518; x_wconf 86' lang='lat' dir='ltr'>v,</span> <span class='ocrx_word' id='word_1_321' title='bbox 1639 2476 1672 2508; x_wconf 91' lang='lat'>6.</span> <span class='ocrx_word' id='word_1_322' title='bbox 1691 2493 1732 2500; x_wconf 85' lang='lat'><em>-</em></span> 
     </span>
     <span class='ocr_line' id='line_1_34' title="bbox 356 2530 959 2576; baseline -0.008 -8"><span class='ocrx_word' id='word_1_323' title='bbox 356 2534 372 2558; x_wconf 80' lang='grc'><strong><em>5</em></strong></span> <span class='ocrx_word' id='word_1_324' title='bbox 399 2546 411 2567; x_wconf 89' lang='lat'><em>1</em></span> <span class='ocrx_word' id='word_1_325' title='bbox 432 2537 504 2568; x_wconf 85' lang='lat' dir='ltr'>Cor.</span> <span class='ocrx_word' id='word_1_326' title='bbox 527 2545 550 2576; x_wconf 85' lang='lat'>1,</span> <span class='ocrx_word' id='word_1_327' title='bbox 570 2533 623 2566; x_wconf 87' lang='lat'>31.</span> <span class='ocrx_word' id='word_1_328' title='bbox 644 2550 685 2556; x_wconf 90' lang='lat'>--·</span> <span class='ocrx_word' id='word_1_329' title='bbox 700 2530 716 2555; x_wconf 79' lang='lat'>6</span> <span class='ocrx_word' id='word_1_330' title='bbox 734 2534 822 2565; x_wconf 85' lang='lat' dir='ltr'>Joan.</span> <span class='ocrx_word' id='word_1_331' title='bbox 845 2543 889 2572; x_wconf 80' lang='lat' dir='ltr'>vi,</span> <span class='ocrx_word' id='word_1_332' title='bbox 909 2532 959 2564; x_wconf 83' lang='lat'>30.</span> 
     </span>
    </p>
   </div>
  </div>
 </body>
</html>
