1809 3173
366 219 383 254 1
394 216 448 255 66
795 223 828 252 s.
866 223 1094 253 AUGUSTINI
1128 225 1308 252 Emscom

365 313 385 336 »
422 296 560 337 Deum
583 306 714 352 quem
738 307 826 336 non
848 292 967 335 vides
998 291 1220 351 quomodo
1248 290 1428 349 diligere
1457 290 1616 348 poteris
1646 291 1691 333 ¹?
1719 307 1739 330 »

362 367 476 409 Ecce
491 362 649 406 dicitur
667 362 747 405 tibi
764 381 772 405 :
801 381 820 403 «
842 361 982 420 Dilige
998 364 1150 405 Deum.
1175 379 1194 402 »
1214 361 1255 405 Si
1274 359 1390 404 dicas
1405 360 1510 403 mihi
1530 378 1537 403 :
1554 360 1745 403 Ostende

368 434 477 478 mihi
499 448 631 493 quem
656 432 833 491 diligam
863 451 870 476 ε
895 432 1002 491 quid
1026 431 1312 490 respondebo,
1338 432 1418 474 nisi
1439 430 1557 489 quod
1575 430 1634 473 ait
1656 431 1745 489 ipse

370 506 591 549 Joannes?
616 523 636 545 «
662 506 797 547 Deum
821 517 950 546 nemo
972 501 1080 545 vidit
1102 516 1297 560 unquam
1319 502 1351 548 ²,
1379 518 1398 541 »
1426 504 1482 544 Et
1502 516 1558 544 ne
1579 509 1623 543 te
1645 499 1748 543 alie-

366 590 473 619 num
501 575 680 619 omnino
702 589 724 617 a
748 577 836 616 Deo
864 571 1055 616 videndo
1079 585 1167 614 esse
1187 570 1404 614 arbitreris
1428 589 1437 614 ε
1467 589 1487 611 «
1513 574 1625 614 Deus
1640 605 1651 625 ,
1679 571 1748 613 in-

367 663 388 687 »
423 646 546 705 quit,
570 644 754 688 charitas
778 651 862 700 est,
893 650 937 685 et
963 641 1039 701 qui
1062 649 1208 684 manet
1237 641 1281 683 in
1312 640 1543 694 charitate,
1576 641 1623 683 in
1656 643 1745 684 Deo

369 734 388 757 »
423 724 570 759 manet
593 716 624 757 ³.
648 732 668 754 »
689 712 829 771 Dilige
843 726 944 769 ergo
962 711 1204 770 proximum
1227 729 1236 754 ε
1257 719 1301 754 et
1317 710 1486 754 intuere
1507 711 1551 753 in
1570 719 1612 753 te
1630 709 1747 754 unde

365 787 505 846 diligis
528 785 800 845 proximum,
827 783 887 826 ibi
906 781 1090 837 videbis,
1113 790 1161 825 ut
1180 781 1355 841 poteris,
1385 784 1523 824 Deum
1543 782 1574 824 4.
1600 781 1748 839 Incipe
1802 774 1804 777 ¹

363 873 467 917 ergo
489 857 666 914 diligere
688 854 948 914 proximum.
974 872 994 895 «
1015 855 1183 910 Frange
1206 852 1409 896 esurienti
1425 867 1581 911 panem
1596 861 1745 907 tuum,

364 948 386 972 η
421 938 465 973 et
488 941 675 986 egenum
698 926 789 969 sine
811 933 927 969 tecto
942 923 1134 968 inducin
1152 924 1331 967 domurn
1356 932 1475 967 tuam
1504 942 1512 967 :
1537 923 1570 966 si
1592 922 1749 966 videris

366 1017 387 1042 »
423 999 592 1042 nudum
608 1032 619 1051 ,
651 997 782 1050 vesti,
808 1004 852 1039 et
879 993 1139 1038 domesticos
1166 994 1339 1037 seminis
1362 994 1427 1037 tui
1457 1008 1512 1036 ne
1538 993 1748 1052 despexe-

369 1088 391 1114 »
427 1071 483 1114 ris
520 1071 550 1113 ⁵.
586 1087 606 1110 »
642 1070 674 1112 F
681 1068 822 1111 aciens
855 1075 1000 1110 autem
1042 1066 1123 1110 ista
1154 1064 1261 1126 quid
1293 1052 1596 1124 consequeris?
1629 1067 1750 1109 Tunc

367 1149 568 1199 erumpet
589 1138 709 1182 velut
732 1138 944 1181 matutina
967 1136 1040 1180 lux
1062 1145 1153 1180 tua.
1179 1139 1272 1180 Lux
1292 1144 1367 1179 tua
1400 1139 1513 1179 Deus
1540 1143 1641 1178 tuus
1662 1143 1747 1190 est,

369 1212 450 1256 tibi
472 1209 685 1254 matutina
700 1243 711 1264 ,
736 1208 838 1268 quia
860 1216 959 1267 post
980 1215 1153 1251 noctem
1178 1205 1323 1250 saeculi
1344 1205 1423 1249 tibi
1443 1206 1589 1249 veniet
1615 1224 1623 1249 :
1649 1220 1750 1248 nam

368 1282 442 1326 ille
463 1296 544 1325 nec
565 1280 723 1333 oritur,
756 1293 836 1322 nec
859 1277 1038 1334 occidit,
1062 1277 1162 1336 quia
1180 1291 1348 1335 semper
1371 1285 1531 1319 manet.
1558 1275 1650 1318 Erit
1671 1275 1751 1319 tihi

369 1352 609 1398 matutinus
637 1350 864 1404 redeunti,
890 1349 965 1409 qui
998 1349 1079 1392 tibi
1111 1363 1310 1392 occasum
1334 1346 1495 1391 fecerat
1528 1347 1744 1406 pereunti.

370 1426 488 1481 Ergo
505 1457 516 1478 ‚
545 1441 565 1463 «
606 1419 726 1465 Tolle
755 1419 983 1478 grabatum
1006 1428 1154 1473 tuum,
1179 1436 1199 1459 »
1228 1417 1334 1461 mihi
1354 1417 1528 1461 videtur
1559 1416 1712 1481 dixisse
1739 1435 1748 1461 z

370 1493 511 1551 Dilige
539 1492 787 1552 proximum
804 1500 945 1535 tuum.

431 1566 510 1608 IX.
527 1559 634 1608 ‘Sed
659 1562 855 1606 clausum
883 1570 947 1605 est
983 1560 1126 1605 adhuc
1143 1595 1154 1615 ,
1190 1568 1233 1603 et
1266 1559 1533 1618 expositione
1562 1557 1752 1615 indiget,

372 1643 588 1696 quantum
620 1632 830 1686 arbitror,
871 1646 1006 1690 quare
1043 1631 1089 1674 in
1125 1629 1321 1674 tollendo
1360 1629 1540 1687 grabato
1581 1627 1756 1672 dilectio

371 1704 559 1766 proximi
580 1702 910 1748 commendetur
937 1721 946 1746 ε
971 1701 1052 1745 nisi
1069 1699 1181 1744 forte
1204 1700 1287 1744 hoc
1309 1714 1386 1744 nos
1407 1697 1610 1753 offendit,
1635 1697 1756 1758 quod

372 1791 450 1836 per
483 1775 710 1833 grabatum
729 1808 740 1828 ,
776 1788 867 1816 rem
900 1771 1135 1832 quamdam
1164 1770 1363 1815 stolidam
1395 1779 1438 1814 et
1468 1770 1753 1824 insensatam,

374 1846 597 1907 proximus
618 1841 963 1888 commendatur.
987 1844 1083 1886 Non
1104 1842 1310 1885 irascatur
1327 1839 1564 1899 proximus,
1589 1840 1623 1883 si
1644 1853 1756 1883 com-

374 1915 607 1960 mendatur
630 1913 754 1958 nobis
770 1928 846 1972 per
863 1926 953 1955 rem
971 1926 1070 1971 quae
1088 1911 1178 1954 sine
1199 1911 1339 1953 anima
1357 1919 1400 1953 et
1423 1909 1512 1952 sine
1530 1924 1658 1953 sensu
1675 1917 1753 1952 est.

377 1990 475 2046 Ipse
498 1985 707 2029 Dominus
729 1992 772 2027 et
796 1982 990 2027 Salvator
1009 1990 1154 2025 noster
1177 1983 1302 2024 Jesus
1329 1979 1525 2025 Christus
1546 1979 1653 2038 lapis
1678 1995 1758 2022 an-

378 2056 537 2116 gularis
559 2054 699 2099 dictus
722 2062 785 2097 est
801 2087 812 2108 ,
837 2061 887 2096 ut
913 2051 1021 2096 duos
1041 2050 1247 2096 conderet
1269 2050 1312 2093 in
1335 2065 1380 2094 se
1403 2051 1434 2092 ⁰.
1461 2050 1610 2094 Dictus
1631 2058 1694 2092 est
1716 2058 1759 2093 et

377 2136 500 2186 petra
516 2161 527 2181 ‚
552 2124 670 2169 unde
692 2139 804 2184 aqua
836 2122 1045 2182 profluxit
1071 2141 1080 2166 z
1117 2140 1135 2162 α
1162 2124 1287 2164 Petra
1314 2129 1458 2164 autem
1491 2128 1582 2163 erat
1608 2119 1758 2164 Chris-

377 2208 448 2243 tus
470 2203 501 2241 7.
531 2215 551 2238 »
572 2195 693 2250 Quid
710 2210 812 2253 ergo
831 2195 991 2238 mirum
1009 2193 1043 2236 si
1064 2202 1185 2251 petra
1198 2192 1410 2246 Christus,
1430 2190 1599 2249 lignum
1614 2190 1759 2249 proxi-

379 2269 503 2312 mus?
530 2269 627 2312 Non
662 2274 810 2309 tamen
840 2262 1158 2323 qualecumque
1191 2261 1388 2319 lignum:
1424 2259 1647 2320 quomodo
1678 2274 1759 2304 nec

378 2341 453 2385 illa
474 2338 804 2399 qualiscumque
825 2344 962 2394 petra,
982 2333 1057 2378 sed
1074 2332 1192 2377 unde
1210 2347 1320 2392 aqua
1335 2332 1598 2391 profluxerat
1611 2331 1759 2375 sitien-

379 2412 496 2457 tibus
521 2428 529 2455 :
549 2424 630 2453 nec
647 2407 976 2468 qualiscumque
1002 2405 1123 2464 lapis,
1148 2403 1223 2448 sed
1252 2402 1492 2462 angularis,
1519 2402 1595 2462 qui
1615 2401 1662 2445 in
1686 2416 1754 2445 se-

427 2515 437 2530 1
462 2519 474 2539 1
490 2508 644 2546 Joan.1v,
662 2513 716 2537 20.
738 2519 779 2526 —
795 2509 808 2525 ²
832 2504 922 2534 Joan.
940 2514 963 2543 1,
987 2501 1038 2534 18.
1062 2517 1101 2524 —-
1117 2499 1130 2523 3
1155 2511 1166 2532 1
1183 2502 1333 2540 Joan.1v,
1359 2499 1406 2533 16,
1427 2516 1467 2522 —-
1485 2497 1590 2532 41sai.
1609 2506 1700 2539 tvm,
1721 2507 1753 2538 7.

380 2581 421 2589 -—
445 2562 460 2587 5
482 2563 563 2595 Ibid.
584 2561 616 2595 8.
636 2578 677 2585 —
695 2559 710 2583 6
725 2559 839 2602 Ephes.
859 2570 894 2601 ιι,
916 2558 965 2591 15.
986 2566 1054 2590 —7
1081 2568 1092 2590 ι
1114 2559 1187 2590 Cor.
1206 2567 1238 2598 x,
1259 2556 1292 2597 4.
