1825 3214
295 218 340 244 m
373 215 547 245 soAnms
578 214 889 254 nunctum«,
924 213 1071 244 TnAc‘r.
1106 217 1204 245 xxv.
1375 207 1453 245 281

76 302 97 325 u
132 298 183 328 ex
215 282 326 337 alto,
358 284 566 343 Spiritum
600 292 796 327 sanctum
830 283 1206 342 supervenientem
1229 284 1274 328 in
1296 299 1394 340 vos,
1417 294 1461 329 et

77 372 96 394 »
131 354 246 398 eritis
260 355 365 398 mihi
386 364 511 400 testes
527 355 570 398 in
590 354 847 408 Jerusalem,
873 363 916 398 et
941 354 984 396 in
1003 354 1120 397 omni
1145 354 1296 399 Judaea
1319 365 1362 400 ct
1382 358 1457 401 Sa-

76 442 96 466 »
132 425 263 468 maria
279 460 289 479 ,
311 434 353 468 et
383 440 522 485 usque
546 425 590 468 in
614 425 718 468 {ines
741 433 865 468 terrae
887 427 915 467 ¹.
942 443 962 465 »
995 423 1136 468 Vultis
1166 434 1213 468 ut
1230 426 1316 484 jam
1341 427 1460 470 exhi-

72 496 197 540 beam
220 512 425 555 regnum3
451 498 567 556 prius
599 497 798 555 colligam
823 496 942 557 quod
977 495 1199 539 exhibeam
1227 516 1235 540 2
1262 497 1459 541 altitudi-

72 583 170 612 nem
194 568 361 623 amatis,
388 578 431 613 et
462 568 740 613 altitudinem
767 567 1086 627 adipiscemini,
1110 566 1185 610 sed
1207 582 1284 626 per
1311 569 1459 612 humi-

69 638 237 682 litatem
266 654 335 682 me
358 640 604 700 sequimini.
640 639 708 684 Sic
736 638 791 683 de
814 638 888 683 illo
911 638 1041 683 etiam
1064 637 1321 698 praedictum
1349 649 1412 683 est
1449 659 1457 684 :

74 728 95 751 «
128 712 186 754 Et
215 711 492 768 congregatio
522 709 787 770 populorum
815 710 1104 754 circumdabit
1125 719 1167 754 te
1184 745 1194 765 ‚
1220 719 1262 754 et
1285 720 1461 770 propter

72 797 92 822 »
128 780 242 825 hanc
270 782 314 824 in
337 780 474 826 altum
505 780 731 840 regredere
761 783 776 805 ²
805 800 815 826 ε
844 800 864 822 »
890 780 935 825 id
962 790 1050 835 est,
1085 789 1135 825 ut
1156 780 1397 826 circumdet
1421 791 1461 825 te

68 851 346 910 congregatio
368 852 630 912 populorum
647 889 658 908 ,
682 861 731 896 ut
753 852 913 896 multos
930 851 1105 910 colligas
1120 887 1130 907 ,
1159 852 1387 911 regredere
1415 853 1477 898 in.

68 921 220 967 altum.
247 923 315 968 Sic
338 922 441 968 fecit
459 959 469 978 ,
488 924 621 984 pavit,
648 932 691 967 et
709 923 917 968 ascendit.

127 995 202 1037 IV.
235 996 379 1047 Quare
409 1004 554 1038 autem
587 995 754 1039 dictum
785 1004 847 1039 est
879 1014 899 1036 «
926 995 1080 1052 Fugit?
1112 1012 1132 1035 »
1165 996 1316 1055 Neque
1345 995 1458 1038 enim

67 1079 167 1108 vere
184 1064 217 1108 si
241 1064 378 1110 nollet
400 1075 643 1121 teneretur,
667 1066 700 1110 si
729 1065 867 1110 nollet
896 1074 1121 1125 raperetur
1136 1101 1147 1120 ,
1167 1065 1242 1125 qui
1266 1066 1299 1109 si
1323 1065 1459 1110 nollet

66 1149 147 1179 nec
169 1145 489 1193 agnosceretur.
512 1139 619 1181 Nam
643 1146 692 1181 ut
720 1136 926 1181 noveritis
949 1136 1031 1180 hoc
1064 1136 1244 1193 mystice
1267 1135 1455 1190 factum,

65 1220 156 1249 non
177 1221 228 1249 ex
250 1208 525 1261 necessitate,
547 1207 621 1252 sed
640 1223 690 1251 ex
712 1207 980 1265 significante
1010 1205 1306 1265 dispositione,
1327 1206 1458 1251 modo

66 1276 112 1320 in
145 1278 431 1337 consequenti
461 1278 687 1332 videbitis,
722 1278 823 1339 quia
852 1278 1014 1322 eisdem
1047 1277 1185 1321 turbis
1222 1294 1321 1338 quae
1357 1293 1458 1322 eum

65 1348 323 1406 qurerebant
344 1349 571 1408 apparuit,
595 1358 639 1393 et
660 1364 761 1393 cum
787 1349 845 1393 eis
873 1348 1058 1409 loquens
1079 1347 1217 1392 multa
1240 1349 1298 1392 eis
1322 1347 1454 1404 dixit,

66 1416 202 1463 multa
226 1418 280 1462 de
307 1434 420 1478 pane
442 1418 607 1464 coelesti
641 1420 877 1480 disputavit
901 1422 916 1446 ³
947 1439 955 1464 ;
987 1435 1133 1464 nonne
1155 1435 1253 1464 cum
1277 1419 1376 1480 ipsis
1402 1418 1457 1463 de

64 1503 176 1548 pane
210 1488 435 1548 disputans
467 1500 583 1545 erat,
609 1507 630 1533 a
664 1492 825 1551 quibus
862 1507 917 1535 ne
946 1500 1168 1535 teneretur
1199 1491 1457 1549 aufugerat?

63 1561 160 1604 Non
183 1574 283 1618 ergo
301 1569 344 1604 et
366 1569 471 1605 tunc
489 1571 659 1620 poterat
682 1578 808 1621 agere
830 1572 880 1606 ut
901 1578 989 1606 non
1014 1563 1068 1606 ab
1091 1563 1149 1606 eis
1169 1563 1457 1622 comprehen-

64 1629 254 1685 deretur,
281 1631 656 1690 quemadmodum
676 1642 824 1691 postea
846 1634 1024 1693 quando
1043 1649 1144 1677 cum
1163 1634 1222 1677 eis
1244 1633 1456 1694 loqueba-

63 1709 135 1744 tur
147 1700 351 1760 ?Aliquid
365 1716 466 1759 ergo
482 1702 742 1761 significavit
759 1702 982 1763 fugiendo.
998 1704 1114 1758 Quid
1128 1714 1207 1759 est,
1230 1724 1248 1746 «
1267 1705 1416 1762 Fugit?
1432 1722 1451 1744 »

62 1774 161 1816 Non
180 1771 323 1830 potuit
340 1770 523 1830 intelligi
543 1772 728 1818 altitudo
751 1775 857 1833 ejus.
883 1774 1109 1835 Quidquid
1129 1775 1245 1819 enim
1275 1791 1362 1819 non
1385 1775 1454 1818 in-

64 1841 276 1886 tellexeris
297 1861 305 1886 :
334 1841 468 1900 Fugit
485 1857 570 1898 me,
591 1843 711 1888 dicis.
739 1848 856 1904 Ergo
883 1865 902 1887 «
930 1847 1059 1904 Fugit
1077 1847 1236 1890 iterum
1259 1846 1303 1890 in
1326 1861 1456 1891 mon-

67 1931 87 1954 »
125 1921 212 1956 tem
244 1912 337 1971 ipse
365 1911 481 1956 solus
513 1915 544 1956 ⁴¹.
576 1932 595 1953 »
631 1916 950 1974 primogenitus
974 1933 996 1960 a
1017 1918 1200 1962 mortuis
1224 1917 1458 1962 ascendens

63 1999 192 2044 super
212 1998 362 2029 omnes
380 1983 530 2039 coe108‚
551 1994 594 2029 et
611 1986 891 2046 interpellans
915 2004 994 2048 pro
1011 1989 1137 2034 nobis
1162 1993 1193 2032 ⁵,

124 2058 177 2099 V.
200 2058 372 2099 Interea
395 2055 470 2100 illo
488 2072 658 2101 sursum
678 2059 818 2117 posito
840 2059 932 2104 solo
947 2060 1170 2105 sacerdote
1184 2076 1358 2119 magno,
1380 2060 1456 2121 qui

65 2126 241 2170 intravit
261 2127 307 2169 in
328 2126 534 2171 interiora
557 2128 657 2183 veli,
684 2129 787 2175 foris
806 2132 970 2191 populo
1000 2133 1240 2177 constituto
1267 2152 1275 2177 :
1310 2133 1455 2191 (hunc

66 2197 180 2241 enim
194 2196 390 2241 sacerdos
407 2196 479 2242 ille
494 2199 538 2242 in
556 2202 670 2259 Lege
688 2202 823 2246 veteri
838 2203 1110 2262 significavit,
1128 2205 1204 2264 qui
1224 2205 1306 2249 hoc
1322 2203 1456 2249 semel

65 2268 111 2311 in
134 2283 249 2313 anno
277 2267 465 2313 faciebat
491 2273 527 2328 z)
556 2270 632 2315 illo
663 2286 764 2329 ergo
792 2289 962 2318 sursum
986 2276 1149 2334 posito,
1181 2274 1382 2334 discipuli
1411 2274 1456 2318 in

65 2338 266 2383 navicula
289 2339 397 2398 quid
420 2340 697 2398 patiebantur
719 2344 761 2384 δ’.)
783 2346 891 2388 Nam
911 2344 984 2389 illo
1004 2345 1049 2388 in
1075 2346 1170 2389 altis
1192 2347 1451 2400 constituto,

66 2408 265 2454 navicula
286 2408 360 2454 illa
382 2410 620 2456 Ecclesiam
647 2414 948 2472 praesignabat.
978 2416 1019 2461 Si
1038 2433 1126 2460 non
1144 2418 1226 2461 hoc
1248 2417 1392 2476 primo
1408 2415 1454 2458 in

114 2511 124 2527 ¹
144 2506 214 2537 Act.
234 2516 258 2547 1,
289 2516 320 2547 7.
345 2522 387 2529 —
409 2513 422 2529 ²
437 2507 514 2539 Psal.
536 2519 592 2550 vii,
611 2509 642 2541 8.
665 2527 706 2532 —
728 2508 740 2532 ³
760 2512 851 2542 Joan.
883 2522 931 2553 vr,
950 2512 1006 2554 26,
1035 2518 1100 2546 etc.
1125 2531 1167 2536 —
1194 2512 1210 2543 4
1228 2514 1308 2545 Ibid.
1333 2512 1383 2544 15.
1407 2528 1448 2534 -

67 2559 82 2583 ⁵
103 2560 222 2593 Coloss.
241 2572 264 2603 ι,
282 2563 334 2604 ι8,
353 2566 386 2594 et
405 2565 495 2596 Rom.
519 2575 588 2606 vm,
605 2565 657 2607 34.
680 2583 720 2588 —-
741 2564 756 2588 6
783 2569 943 2609 Hebr.1x,
963 2578 1013 2601 12.
