1825 3214
303 169 346 195 m
380 164 554 195 somnis
587 164 894 203 EVANGELIUM,
930 162 1075 191 τηατ.
1112 164 1226 190 va1.
1372 151 1449 194 511

72 234 204 287 tium,
240 247 373 292 quam
400 231 597 276 ostiarius
633 228 686 273 ad
715 229 873 272 ostium
902 248 910 274 :
944 238 1155 273 ettamen
1186 227 1393 274 Dominus
1418 235 1462 270 et

67 312 284 363 pastorem
320 318 363 346 se
394 302 525 357 dixit,
551 309 594 344 et
615 300 789 344 ostium.
816 302 906 344 Cur
928 313 1028 356 ergo
1050 314 1138 343 non
1168 296 1461 357 intelligamus

69 374 212 433 ipsum
235 381 277 417 et
299 372 551 418 ostiarium?
575 370 618 416 Si
643 369 759 414 enim
789 369 1112 414 consideremus
1145 369 1433 429 proprietates
1448 402 1460 423 ,

71 444 282 490 Dominus
303 444 500 490 Christus
517 457 596 486 nec
614 449 759 502 pastor
776 449 861 495 est,
882 440 993 484 sieut
1014 438 1318 486 consuevimus
1336 453 1462 486 nosse

70 524 114 560 et
135 513 280 559 videre
313 523 532 573 pastores,
555 528 634 557 nec
667 511 826 557 ostium
844 519 907 556 est
926 545 938 568 ,
964 526 1053 555 non
1076 510 1193 557 enim
1214 525 1316 557 eum
1340 509 1465 553 saber

71 585 175 631 fecit
202 605 210 631 z
236 586 270 630 si
292 594 437 630 autem
462 583 705 630 seeundum
735 583 925 644 aliquam
946 582 1275 630 similitudinem
1295 616 1306 637 ‚
1329 590 1373 625 et
1391 595 1464 625 os-

75 657 185 703 tium
207 666 250 701 et
273 666 418 716 pastor
438 665 527 714 est3
552 654 692 701 audeo
710 653 854 699 dicere
871 689 882 709 ,
907 662 950 697 et
967 653 1057 703 ovis
1082 661 1146 699 est
1171 671 1181 697 ι
1200 652 1290 699 ovis
1307 666 1465 710 nempe

75 727 157 772 sub
187 736 357 787 pastore
380 735 464 781 est,
490 735 635 771 tamen
669 725 742 769 ille
770 735 814 769 et
836 733 981 786 pastor
1009 732 1074 769 est
1096 733 1139 768 et
1159 723 1265 768 ovis.
1289 722 1372 772 Ubi
1399 730 1463 766 est

75 799 252 858 pastor?
286 800 398 842 Ecce
432 797 502 841 hie
524 797 680 851 habes,
721 795 815 853 lege
849 793 1135 854 Evangelium
1159 813 1168 839 ;
1195 812 1215 835 «
1240 795 1335 853 Ego
1367 807 1465 836 sum

79 887 99 910 »
134 877 280 928 pastor
315 869 472 912 bonus.
496 886 515 908 »
546 867 628 911 Ubi
661 875 723 910 est
756 866 876 911 ovis?
908 869 1129 924 Interroga
1167 863 1462 923 Prophetam:

81 958 100 980 «
138 938 357 984 Sicutovis
376 939 431 982 ad
448 937 763 981 immolandum
783 936 940 980 duetus
955 938 1058 980 est¹.
1080 954 1098 977 »
1119 938 1343 993 Interroga
1360 932 1465 977 ami-

77 1025 175 1054 cum
197 1010 342 1070 sponsi
369 1028 377 1054 :
405 1029 425 1051 «
454 1012 566 1054 Ecce
592 1025 727 1067 agnus
752 1008 858 1063 Dei,
884 1007 1075 1068 eccequi
1099 1005 1213 1050 tollit
1236 1014 1466 1065 peecatum

81 1099 100 1122 υ
138 1079 291 1124 mundi
306 1084 338 1124 Ἰ.
368 1099 387 1121 »
410 1080 567 1125 Adhuc
589 1079 755 1140 aliquid
775 1078 1016 1123 seeundum
1042 1078 1140 1122 istas
1160 1075 1465 1120 similitudines

77 1150 316 1195 mirabilius
339 1166 434 1195 sum
453 1150 663 1195 dicturus.
691 1153 747 1194 Et
772 1165 909 1209 agnus
933 1149 1047 1194 enim
1069 1157 1112 1192 et
1135 1147 1224 1193 ovis
1256 1156 1300 1197 et
1322 1155 1467 1206 pastor

78 1221 192 1266 inter
219 1236 264 1266 se
295 1222 430 1265 amica
463 1231 590 1277 sunt,
631 1230 782 1265 eontra
822 1219 970 1264 leones
1008 1228 1154 1266 autem
1177 1234 1200 1261 a
1223 1216 1468 1277 pastoribus

78 1307 178 1337 oves
201 1292 408 1337 custodiri
428 1290 590 1348 solent3
615 1300 658 1335 et
690 1300 836 1336 tamen
868 1290 922 1333 de
945 1289 1140 1343 Christo,
1165 1303 1267 1332 eum
1296 1287 1350 1332 sit
1378 1286 1470 1332 ovis

79 1371 122 1406 et
140 1372 306 1421 pastor,
329 1361 512 1421 legimus
535 1361 702 1406 dictum
723 1379 732 1406 :
761 1380 782 1403 «
806 1360 923 1406 Vicit
942 1359 1013 1404 leo
1033 1358 1088 1403 de
1110 1358 1226 1402 tribu
1253 1360 1276 1402 J
1282 1356 1369 1401 uda
1384 1357 1415 1399 ³.
1444 1374 1464 1397 »

81 1434 185 1477 Haec
199 1432 365 1487 omnia,
384 1431 554 1487 fratre5‚
574 1430 818 1476 seeundum
835 1428 1140 1473 similitudines
1159 1427 1358 1488 accipite,
1379 1440 1470 1471 non

80 1501 321 1546 secundum
355 1502 651 1561 proprietates.
690 1500 886 1546 Solemus
909 1498 1056 1544 videre
1092 1508 1287 1558 pastores
1313 1496 1465 1543 sedere

81 1587 211 1632 supra
245 1581 434 1632 petram,
460 1581 503 1616 et
532 1570 635 1616 inde
666 1571 893 1616 commissa
914 1569 996 1614 sibi
1017 1584 1178 1628 pecora
1211 1567 1431 1614 custodire
1458 1585 1468 1612 :

85 1644 239 1704 utique
254 1642 407 1687 melior
424 1651 570 1702 pastor
583 1656 716 1702 quam
737 1649 880 1700 petra,
907 1655 1038 1700 super
1066 1654 1199 1700 quam
1221 1639 1345 1685 sedet
1368 1653 1470 1698 pas-

85 1724 153 1759 tor
179 1734 187 1759 :
213 1723 256 1758 et
281 1723 424 1758 tamen
439 1713 635 1758 Christus
657 1721 700 1756 et
726 1720 872 1770 pastor
894 1719 937 1754 et
958 1719 1095 1770 petra.
1125 1712 1285 1755 Totum
1302 1709 1386 1754 hoc
1413 1723 1475 1753 se-

85 1785 280 1831 cundum
317 1785 659 1831 similitudinem.
682 1783 994 1842 Proprietatem
1030 1791 1177 1826 autem
1204 1782 1238 1826 si
1261 1796 1428 1841 quaeras
1450 1796 1475 1824 a

86 1872 179 1911 me,
213 1859 264 1900 In
301 1855 514 1915 principio
544 1863 636 1899 erat
666 1853 888 1908 Verbum,
924 1861 968 1896 et
998 1852 1195 1896 Verbum
1227 1861 1319 1896 erat
1356 1849 1475 1911 apud

89 1930 251 1971 Deum.
276 1935 319 1970 et
341 1929 455 1970 Deus
477 1934 569 1969 erat
590 1923 800 1968 Verbum.
827 1922 870 1967 Si
891 1937 1062 1982 quaeras
1090 1938 1117 1975 a
1139 1937 1208 1966 me
1229 1921 1476 1982 proprieta-

90 2007 201 2053 tem,
227 1996 362 2042 Filius
381 1997 535 2042 unicus
557 1995 611 2040 de
636 1999 762 2040 Patre
782 1994 828 2038 in
847 2002 1063 2038 aeternum
1083 1993 1139 2037 ab
1161 2002 1328 2038 aeterno
1351 1992 1477 2052 geni-

92 2068 235 2123 nitus‚
269 2066 448 2127 aequalis
479 2066 700 2125 gignenti,
735 2079 812 2124 per
838 2078 970 2124 quem
1004 2062 1119 2108 faeta
1158 2073 1261 2115 sunt
1299 2063 1446 2108 omnia
1465 2097 1476 2118 ,

92 2153 193 2184 cum
226 2141 351 2182 Patre
384 2134 781 2191 incommutabilis,
816 2144 860 2180 et
888 2143 1066 2194 accepta
1104 2132 1245 2179 forma
1289 2133 1479 2179 hominis

96 2226 187 2256 non
216 2219 436 2265 mutatus,
471 2224 521 2252 ex
554 2206 852 2252 incarnatione
883 2207 1038 2261 homo,
1073 2204 1186 2249 fih'us
1218 2205 1408 2250 hominis
1439 2214 1485 2250 et

97 2279 234 2326 Filius
254 2279 346 2325 Dei.
384 2281 478 2324 Hoc
508 2286 651 2323 totum
672 2276 795 2336 quod
827 2275 944 2332 dixi,
976 2291 1066 2322 non
1101 2275 1341 2325 similitudo
1359 2311 1370 2332 ,
1405 2275 1482 2320 sed

101 2366 166 2396 res
183 2360 262 2411 est.

162 2423 238 2466 IV.
263 2422 361 2467 Non
379 2434 484 2479 ergo
505 2418 649 2478 pigeat
675 2431 753 2462 nos
773 2450 783 2471 ,
808 2415 983 2473 fratres,
1007 2415 1252 2462 secundum
1274 2415 1489 2476 quasdam

155 2512 164 2528 ¹
186 2506 258 2538 lsai.
277 2515 343 2544 mu,
359 2514 389 2545 7.
411 2519 453 2527 —-
467 2504 679 2543 ²Joan.1,29
714 2516 756 2523 —
776 2497 790 2524 3
807 2502 908 2543 Αροε.
927 2510 960 2543 v,
977 2500 1009 2534 5.
