1809 3173
373 175 452 212 146
768 181 800 210 s.
838 182 1067 211 amensuum
1101 185 1279 212 EPlseom

369 270 389 292 »
425 252 495 293 nia
524 250 647 293 nobis
675 247 1028 293 demonstrabit1.
1057 267 1076 290 »
1103 248 1221 302 Quid
1257 258 1320 293 est
1347 248 1461 293 hoc?
1497 247 1651 304 Modo,
1681 250 1751 293 in-

364 321 473 380 quit,
496 319 551 362 de
569 317 732 378 templo
755 317 1029 363 contendunt
1046 320 1069 362 J
1075 316 1204 374 udaei,
1230 327 1272 363 et
1294 333 1371 363 nos
1389 317 1443 362 dc
1462 327 1611 363 monte
1640 332 1749 363 con-

365 388 581 434 tendimus
597 408 605 434 :
622 403 723 433 cum
735 387 808 433 ille
821 390 1002 445 venerit,
1015 398 1058 432 et
1070 397 1266 433 montem
1279 398 1469 449 spernet,
1481 398 1524 433 ct
1536 388 1752 449 templum

361 469 550 518 evertet,
575 456 749 504 docebit
766 474 843 504 nos
873 460 954 503 iste
983 459 1144 515 omnia,
1178 468 1230 503 ut
1251 460 1298 503 in
1323 460 1480 520 spiritu
1507 469 1550 504 et
1572 460 1750 505 veritate

359 529 608 575 noverimus
631 527 827 573 adorare.
855 527 1028 573 Sciebat
1055 528 1152 587 quis
1185 542 1281 572 eam
1303 538 1446 588 posset
1477 530 1649 586 docere,
1674 531 1751 574 sed

352 601 444 660 jam
465 599 696 644 docentem
720 599 920 643 nondum
949 598 1226 656 agnoscebat.
1252 600 1350 643 Jam
1372 614 1475 659 ergo
1496 599 1630 659 digna
1659 609 1752 645 erat
1807 626 1809 630 ,

360 672 433 715 cui
480 670 845 715 manifestaretur.
892 670 1064 715 Messias
1100 679 1248 715 autem
1277 679 1436 716 unctus
1468 680 1532 716 est
1558 680 1752 716 :unctus

360 756 499 800 graece
515 741 712 787 Christus
733 748 822 784 est:
843 739 1046 784 hebraice
1063 741 1237 785 Messias
1259 750 1324 786 est
1340 760 1350 787 z
1366 740 1486 786 unde
1505 750 1548 786 et
1573 741 1749 800 punice,
1806 770 1807 775 =

356 814 495 855 Messe
516 810 677 855 dicitur
698 824 860 868 ungue.
882 811 1091 868 Cognatae
1112 810 1275 871 quippe
1298 820 1402 856 sunt
1423 810 1586 871 linguae
1599 811 1693 857 istae
1709 820 1754 856 et
1806 821 1809 868 't

361 881 532 935 vicinae,
559 880 791 935 Hebraica,
808 880 988 936 Punica,
1013 889 1058 924 et
1081 882 1205 938 Syra.
1807 873 1809 885 '

414 952 624 994 XXVIII.
656 968 677 992 (ι
701 952 817 1008 Ergo
843 949 949 995 dicit
968 951 1007 994 ei
1030 950 1203 1007 mulier,
1232 951 1331 997 Scio
1350 951 1454 1012 quia
1486 951 1661 997 Messias
1682 966 1755 996 ve-

367 1039 387 1062 »
419 1021 524 1076 niet,
542 1021 620 1080 qui
642 1019 802 1065 dicitur
817 1020 1018 1065 ‘Christus
1044 1040 1053 1065 :
1078 1036 1181 1066 cum
1203 1036 1306 1082 ergo
1328 1022 1495 1067 venerit
1510 1020 1601 1078 ille,
1628 1021 1755 1066 nobis

363 1110 383 1132 »
418 1091 698 1136 annuntiabit
716 1091 876 1135 omnia.
898 1091 1009 1135 Dicit
1026 1092 1065 1135 ei
1090 1094 1231 1148 Jesus,
1264 1095 1357 1151 Ego
1380 1107 1477 1139 sum
1498 1092 1575 1153 qui
1598 1090 1756 1152 loquor

365 1180 385 1203 »
423 1166 608 1206 tecum2.
634 1180 654 1203 »
683 1162 865 1206 Vocavit
881 1163 1023 1207 virum
1049 1177 1202 1217 suum,
1227 1162 1368 1208 faetus
1388 1172 1452 1208 est
1470 1163 1537 1207 vir
1566 1164 1660 1223 ejus
1681 1178 1755 1207 ca-

359 1243 438 1292 put
460 1233 673 1289 mulieris,
693 1231 832 1278 factus
856 1242 917 1277 est
933 1233 1131 1278 Christus
1155 1243 1291 1293 caput
1324 1234 1452 1278 viriss.
1481 1236 1579 1278 Jam
1601 1232 1758 1278 mulier

362 1305 593 1348 ordinatur
621 1305 666 1347 in
688 1302 789 1359 fide,
825 1312 869 1348 et
890 1304 1053 1362 regitur
1080 1305 1191 1348 bene
1227 1305 1410 1349 victura.
1450 1307 1603 1349 Postea
1624 1316 1758 1364 quam

325 1418 334 1428 Ι
366 1374 532 1420 audivit
555 1375 656 1430 hoc,
691 1394 711 1417 (t
746 1377 840 1433 Ego
874 1390 970 1418 sum
995 1376 1072 1434 qui
1096 1374 1255 1435 loquor
1277 1384 1441 1431 tecum,
1471 1393 1491 1417 »
1517 1381 1609 1432 jam
1643 1373 1760 1419 ultra

363 1444 473 1505 quid
507 1445 702 1491 diceret?
724 1444 900 1504 quando
931 1446 1126 1491 Christus
1160 1446 1371 1490 Dominus
1405 1446 1681 1491 manifestare
1715 1459 1760 1490 se

363 1516 501 1561 voluit
521 1516 711 1571 mulieri,
737 1516 808 1560 cui
829 1516 1010 1571 dixerat,
1041 1535 1062 1558 «
1086 1516 1226 1562 Crede
1240 1516 1365 1561 mihi.
1395 1534 1415 1557 »

425 1588 592 1631 XXIX.
612 1588 651 1629 ἰ(
676 1589 733 1631 Et
753 1587 963 1631 continuo
998 1596 1213 1631 venerunt
1236 1585 1443 1645 Discipuli
1472 1587 1580 1646 ejus,
1605 1595 1649 1630 et
1674 1586 1760 1630 mi-

372 1676 390 1698 »
426 1658 636 1702 rabantnr
658 1658 762 1718 quia
784 1673 886 1702 cum
918 1656 1099 1716 muliere
1122 1657 1387 1718 loquebatur
1403 1657 1435 1699 4.
1460 1674 1480 1698 »
1507 1656 1617 1709 Quia
1638 1671 1762 1716 quae-
1806 1666 1807 1720 ᾗ

368 1728 489 1772 rebat
505 1727 738 1787 perditam,
762 1729 839 1788 qui
860 1737 1040 1772 venerat
1072 1742 1271 1788 quaerere
1297 1727 1418 1788 quod
1446 1727 1648 1787 perierat,
1680 1727 1763 1771 hoc
1806 1741 1809 1790 J

370 1799 432 1843 illi
466 1800 753 1845 mirabantur.
792 1802 965 1843 Bonum
990 1799 1107 1843 enim
1140 1800 1428 1854 mirabantur,
1465 1813 1557 1843 non
1594 1797 1762 1843 malum

369 1870 717 1930 suspicabantur.
747 1888 767 1912 «
798 1872 934 1915 Nemo
966 1879 1114 1916 tamen
1147 1869 1284 1926 dixit,
1315 1868 1433 1923 Quid
1474 1869 1649 1929 quaeris,
1687 1877 1764 1913 aut

376 1962 396 1984 »
431 1934 539 2003 'quid
556 1942 747 2003 loqueris
769 1957 870 1986 cum
886 1943 965 1985 ea?
991 1958 1011 1983 »
1804 1941 1809 2005 Ἰξ

430 2016 570 2058 XXX.
602 2033 622 2056 «
645 2012 843 2073 Reliquit
862 2027 965 2071 ergo
981 2012 1184 2070 hydriam
1207 2027 1329 2056 suam
1341 2010 1516 2056 mulier.
1538 2029 1559 2053 »
1581 2010 1763 2067 Audito,
1789 2040 1809 2061 ι,

376 2103 398 2127 ς(
430 2088 524 2144 Ego
544 2101 642 2130 sum
663 2085 740 2145 qui
761 2085 919 2144 loquor
939 2094 1082 2129 tecum
1096 2086 1128 2139 ⁵,
1153 2093 1233 2128 »et
1254 2094 1428 2144 recepto
1444 2084 1490 2127 in
1503 2098 1578 2128 cor
1593 2083 1766 2128 Christo

376 2156 578 2212 Domino,
619 2155 725 2216 quid
767 2154 929 2200 faceret
965 2155 1047 2199 nisi
1061 2156 1153 2215 jam
1188 2154 1392 2212 hydriam
1432 2154 1692 2209 dimitteret,
1723 2162 1767 2198 et
1806 2145 1809 2191 ἷ

376 2227 670 2285 evangelizare
708 2227 933 2271 curreret?
964 2226 1146 2285 Projecit
1183 2224 1493 2285 cupiditatem,
1532 2233 1576 2268 et
1612 2238 1767 2284 prope-
1806 2223 1809 2239 ¹

373 2299 482 2343 ravit
494 2299 754 2342 annuntiare
763 2298 1187 2343 veritatem.Discant
1197 2296 1273 2357 qui
1286 2295 1442 2340 volunt
1454 2294 1763 2354 evangelizare,

374 2370 601 2430 projiciant
614 2369 818 2427 hydriam
835 2368 890 2413 ad
905 2377 1104 2428 puteum.
1125 2367 1433 2412 Recordamini
1449 2366 1556 2427 quid
1571 2365 1767 2426 superius

424 2474 432 2490 ¹
453 2470 544 2500 Joan.
567 2479 612 2509 ιν,
638 2452 694 2499 25ss
718 2483 754 2488 ——
776 2473 788 2488 ²
810 2465 893 2498 ibid.
917 2466 971 2497 26.
994 2482 1034 2487 -
1061 2463 1080 2487 ’3
1103 2476 1115 2497 ι
1135 2461 1216 2497 ‘'Cor.
1236 2474 1280 2505 xi,
1304 2464 1334 2496 3.
1357 2480 1397 2486 -—
1422 2463 1437 2494 4
1459 2465 1615 2505 Joan.'1v,
1641 2471 1697 2504 27.
1725 2478 1767 2486 -
1807 2453 1809 2459 ¹

379 2522 393 2545 5
414 2523 494 2555 Ibid.
516 2522 571 2555 28.
