1809 3173
360 207 443 244 380
794 219 827 244 s-
864 216 1092 246 AUGUSTINI
1125 218 1303 247 EPISCOPI

359 282 595 327 Desiderari
619 291 781 341 potest,
804 284 1048 343 concupisci
1068 293 1224 343 potest,
1246 283 1445 343 suspirari
1465 284 1509 327 in
1528 283 1638 328 illud
1660 300 1738 344 po-

357 363 439 398 test
466 374 474 398 :
500 354 630 413 digne
651 355 830 411 cogitari
848 390 864 409 ‚h
880 365 923 399 et
944 356 1085 398 verbis
1107 356 1306 414 explicari
1329 371 1416 399 non
1432 364 1587 414 potest.

430 427 555 468 vul.
593 427 734 483 Ergo,
761 425 913 469 fratres
945 426 1052 480 mei,
1077 426 1285 484 quoniam
1309 426 1517 469 Dominus
1552 426 1740 469 breviter

357 496 444 541 ait:
475 515 494 537 «
519 498 612 554 Ego
629 511 723 540 sum
748 495 821 539 lux
846 495 997 539 mundi
1021 515 1029 540 :
1055 496 1130 556 qui
1153 511 1222 539 me
1239 497 1450 555 sequitur,
1477 512 1564 541 non
1585 497 1739 540 ambu-

360 585 380 607 »
414 566 523 610 labit
559 567 603 609 in
637 567 848 620 tenebris,
883 565 957 609 sed
986 566 1166 610 habebit
1195 566 1345 610 lumen
1379 567 1507 611 vitae:
1534 585 1554 607 »
1580 567 1740 627 quibus

355 637 498 682 verbis
518 636 636 680 aliud
659 646 722 680 est
751 635 871 695 quod
891 636 1039 695 jussit,
1066 635 1184 680 aliud
1207 636 1325 696 quod
1349 637 1545 695 promisit
1571 655 1580 682 :
1607 636 1739 680 facia-

355 723 451 751 mus
472 706 593 766 quod
611 707 758 766 jussit,
792 721 846 749 ne
868 706 1113 765 impudenti
1144 706 1287 751 fronte
1302 706 1594 750 desideremus
1621 706 1741 767 quod

355 777 553 836 promisit
580 796 587 820 2
614 792 667 819 ne
686 776 801 820 dicat
818 776 942 820 nobis
963 777 1006 820 in
1027 776 1192 836 judicio
1211 793 1303 831 suo,
1325 777 1473 821 Fecisti
1493 777 1608 820 enim
1621 776 1741 836 quod

352 848 473 908 jussi,
500 856 549 891 ut
572 856 744 906 expetas
761 848 880 906 quod
904 848 1112 907 promisi?
1132 848 1249 901 Quid
1266 864 1368 907 ergo
1383 848 1543 908 jussisti
1560 848 1742 892 Domine

358 921 469 961 Deus
486 920 662 961 noster?
686 918 795 962 Dicit
812 918 916 973 tibi,
941 921 995 963 Ut
1012 920 1249 979 sequereris
1270 935 1352 962 me.
1381 918 1621 963 Consilium
1643 919 1742 963 vitae

356 987 531 1047 petiisti.
563 989 698 1047 Cujus
734 988 855 1043 vitae,
892 989 972 1031 nisi
1006 989 1060 1032 de
1082 1006 1167 1049 qua
1191 989 1356 1033 dictum
1384 999 1473 1033 est:
1504 1008 1523 1030 «
1548 988 1678 1048 Apud
1701 998 1742 1033 te

362 1077 380 1099 »
416 1057 513 1102 fons
541 1058 742 1103 vinnm»
771 1058 949 1103 Audivit
977 1059 1154 1119 quidam
1177 1080 1186 1105 ι
1217 1080 1235 1101 «
1262 1059 1383 1104 Vade
1400 1095 1410 1114 ,
1437 1059 1577 1103 vende
1600 1061 1742 1104 omnia

361 1148 380 1171 »
416 1146 516 1190 quae
534 1130 668 1174 habes
691 1139 733 1174 et
755 1130 808 1174 da
834 1131 1099 1190 pauperibus
1120 1166 1130 1186 ‚
1157 1140 1199 1174 et
1221 1131 1400 1175 habebis
1423 1131 1671 1174 thesaurum
1697 1131 1743 1175 in

361 1218 381 1241 »
417 1199 531 1244 coelo
547 1236 557 1256 ,
580 1209 622 1244 et
643 1202 741 1245 veni
770 1217 948 1261 sequere
971 1205 1085 1244 me2.
1112 1220 1131 1242 »
1155 1201 1301 1245 Tristis
1331 1201 1548 1253 abscessit,
1570 1217 1660 1244 non
1681 1210 1744 1245 est

358 1280 530 1315 secutus
551 1291 559 1315 z
581 1272 780 1331 quaesivit
803 1272 1054 1330 magistrum
1074 1272 1263 1326 bonum,
1284 1270 1575 1330 interpellavit
1598 1271 1744 1315 docto-

359 1357 448 1385 rem
468 1377 477 1395 ,
514 1351 557 1385 et
584 1342 847 1400 contempsit
873 1342 1102 1385 docentem
1130 1361 1138 1386 :
1170 1342 1300 1385 tristis
1335 1342 1562 1395 abscessit,
1588 1340 1745 1400 ligatus

312 1422 317 1425 ’
359 1412 671 1472 cupiditatibus
689 1412 775 1455 suis
796 1432 803 1456 :
830 1412 960 1456 tristis
981 1412 1184 1456 abscessit
1202 1447 1212 1467 ,
1233 1412 1399 1456 habens
1422 1412 1630 1470 grandem
1653 1427 1744 1455 sar-

359 1483 500 1527 cinam
519 1483 709 1527 avaritiae
724 1498 852 1542 super
868 1484 1069 1527 humeros
1090 1498 1204 1527 suos.
1223 1483 1481 1537 Laborabat,
1504 1482 1741 1527 aestuabat:

360 1564 402 1598 et
423 1555 500 1614 qui
523 1555 578 1598 ab
600 1553 675 1598 illo
697 1554 908 1597 sarcinam
932 1553 1150 1612 deponere
1178 1552 1338 1608 voluit,
1360 1568 1448 1597 non
1471 1563 1535 1597 est
1557 1568 1745 1613 sequen-

359 1625 440 1669 dus
462 1633 665 1684 putatus,
687 1623 761 1668 sed
785 1624 1062 1668 deserendus.
1084 1628 1234 1668 Postea
1256 1639 1359 1668 vero
1381 1639 1512 1683 quam
1535 1623 1745 1667 Dominus

359 1711 436 1755 per
462 1694 746 1753 Evangelium
771 1694 971 1739 clamavit
999 1713 1007 1740 :
1029 1714 1048 1736 «
1071 1694 1226 1738 Venite
1245 1695 1299 1738 ad
1325 1710 1392 1738 me
1409 1710 1559 1738 omnes
1580 1695 1655 1754 qui
1679 1694 1744 1738 la-

364 1785 384 1807 »
421 1766 580 1810 boratis
600 1775 643 1809 et
664 1767 829 1810 onerati
853 1767 952 1809 estis
967 1801 977 1821 ,
1003 1775 1045 1810 et
1069 1781 1149 1824 ego
1171 1781 1246 1810 vos
1267 1766 1453 1809 reficiam
1475 1787 1486 1823 3
1516 1764 1655 1809 tollite
1673 1766 1746 1825 ju-

365 1857 384 1879 »
421 1853 523 1897 gum
538 1852 685 1881 'meum
706 1852 835 1896 super
852 1853 927 1881 vos
942 1871 952 1891 ,
978 1846 1021 1880 et
1037 1837 1189 1881 discite
1205 1853 1227 1881 a
1243 1853 1312 1881 me
1334 1838 1433 1897 quia
1456 1837 1571 1880 mitis
1587 1852 1681 1880 sum
1704 1845 1747 1880 et

365 1928 384 1950 »
422 1908 597 1953 humilis
619 1907 780 1953 corde³
806 1927 815 1952 ι
844 1926 862 1948 »
891 1923 1022 1967 quam
1050 1907 1177 1951 multi
1202 1907 1400 1952 fecerunt
1427 1907 1577 1952 audito
1601 1911 1748 1951 Evan-

363 1980 495 2037 gelio,
531 1979 651 2039 quod
683 1994 733 2022 ex
762 1994 835 2022 ore
865 1978 998 2038 ipsius
1030 1978 1228 2023 auditum
1250 1978 1368 2022 dives
1404 1977 1478 2022 ille
1500 1993 1589 2022 non
1612 1977 1748 2022 fecit?

364 2054 479 2109 Ergo
514 2050 646 2094 modo
686 2047 892 2093 faciamus
912 2085 923 2104 ,
959 2065 1193 2109 sequamur
1233 2050 1497 2106 Dominum3
1531 2048 1747 2093 solvamus

363 2121 593 2181 compedes
615 2156 625 2176 ,
646 2120 806 2180 quibus
823 2120 1086 2179 impedimur
1108 2120 1244 2180 sequi.
1272 2123 1328 2164 Et
1349 2120 1445 2179 quis
1462 2120 1645 2163 idoneus
1662 2119 1748 2164 sol-

363 2207 463 2236 vere
486 2191 592 2235 tales
611 2192 748 2235 nodos
764 2226 775 2246 ,
802 2191 881 2235 nisi
904 2190 975 2234 ille
997 2191 1172 2252 adjuvet
1199 2191 1269 2234 cui
1291 2190 1458 2234 dictum
1485 2199 1548 2234 est
1570 2209 1578 2234 ε
1608 2209 1628 2231 «
1651 2190 1749 2234 Dis-

368 2281 388 2303 »
424 2263 573 2322 rupisti
602 2262 776 2306 vincula
812 2262 962 2305 mea⁴1>
982 2280 1001 2302 »
1022 2264 1085 2305 De
1112 2277 1201 2321 quo
1231 2260 1338 2304 alius
1376 2260 1568 2304 Psalmus
1604 2259 1710 2305 dicit
1736 2280 1745 2306 ε

368 2353 388 2375 «
423 2336 634 2377 Dominus
656 2332 783 2377 solvit
800 2331 1091 2391 compeditos,
1119 2332 1327 2376 Dominus
1345 2332 1467 2389 erigit
1491 2331 1656 2375 elisos⁵.
1685 2349 1706 2372 »

424 2405 501 2447 IX.
519 2406 576 2448 Et
592 2403 699 2464 quid
721 2413 963 2463 sequuntur
983 2402 1113 2446 soluti
1131 2412 1173 2446 et
1191 2402 1338 2457 erecti,
1355 2402 1435 2446 nisi
1451 2401 1602 2445 lumen
1615 2417 1638 2445 a
1660 2416 1749 2461 quo

431 2506 439 2521 ¹
466 2500 547 2532 Psal.
574 2510 673 2541 xxxv,
704 2511 754 2532 ιο,
773 2517 813 2522 -
836 2507 849 2521 ²
875 2499 989 2531 Matth.
1014 2510 1078 2539 xix,
1098 2508 1154 2531 21.
1175 2514 1215 2523 2-
1239 2496 1250 2520 3
1270 2498 1316 2529 ld.
1348 2509 1396 2538 Π,
1423 2497 1478 2538 28,
1502 2506 1556 2538 29.
1580 2514 1621 2520 -—
1639 2495 1655 2526 4
1673 2497 1748 2527 Pssi.

369 2566 443 2597 cxv,
462 2566 492 2596 7.
508 2572 548 2579 ν-
568 2554 581 2577 ⁵
603 2556 648 2587 Id.
665 2555 799 2595 cx11v,8.
