1809 3173
348 140 431 177 512
784 153 814 177 s.
853 152 1081 179 AUGUsTffli
1117 154 1295 181 E1¹1SCOP1

345 212 648 258 similitudines
691 214 831 271 ipsum
866 215 1060 274 accipere
1096 217 1251 260 ostium
1269 253 1279 271 ‚
1324 219 1463 275 ipsum
1500 218 1722 261 ostiarum.

345 285 460 337 Quid
485 293 547 328 est
565 285 678 327 enim
704 284 859 328 ostium
879 286 897 327 i>
918 301 1001 344 qua
1031 287 1255 330 intramus.
1278 288 1384 339 Quis
1412 297 1473 331 est
1497 288 1730 331 ostiarius?

343 356 419 415 qui
443 356 596 414 aperit.
615 355 720 407 Quis
743 370 845 413 ergo
863 371 907 398 se
929 358 1086 415 aperit,
1110 358 1189 400 nisi
1206 359 1280 417 qui
1302 374 1345 401 se
1368 359 1507 416 ipsum
1523 359 1700 417 exponit
1713 361 1730 399 ἱ)

341 428 455 470 Ecce
470 427 679 470 Dominus
694 425 859 470 dixerat
871 428 1045 481 ostium,
1060 443 1148 470 non
1163 427 1510 473 intellexeramus
1523 450 1533 486 3
1552 429 1730 489 quando

342 512 433 541 non
469 495 783 551 intelleximus,
816 496 1011 541 clausum
1045 507 1135 540 erat
1164 516 1171 540 :
1198 498 1273 556 qui
1310 500 1506 556 aperuit,
1543 501 1632 559 ipse
1668 509 1732 542 θεῖ

340 566 555 611 ostiarius.
579 565 708 612 Nulla
730 576 793 610 est
815 582 917 623 ergo
942 567 1169 610 necessitas
1187 567 1351 626 aliquid
1374 568 1493 612 aliud
1515 584 1727 628 quaerere,

340 636 462 681 nulla
486 636 712 680 necessitas
740 655 748 679 ;
774 634 848 678 sed
871 635 1050 679 fortasse
1072 646 1136 680 est
1162 636 1378 681 voluntas.
1408 639 1450 682 Si
1485 648 1549 682 est
1569 638 1730 682 volun-

343 717 431 762 tas⁷
452 707 542 751 noli
563 706 805 750 exorbitare
821 740 832 760 ‚
857 705 946 749 noli
964 722 985 749 a
1012 709 1044 749 T
1050 707 1222 750 rinitate
1256 707 1491 752 discedere.
1520 710 1561 753 Si
1588 724 1731 768 perso-

340 793 443 823 nam
480 778 607 821 aliam
641 777 799 836 quaeris
835 777 1021 831 ostiarii,
1058 778 1240 836 Spiritus
1278 788 1452 822 sanctus
1495 788 1693 823 occurrat
1719 799 1727 824 :

340 864 430 893 non
464 849 579 892 enim
613 847 921 905 dedignabitur
952 848 1149 891 ostiarius
1187 863 1277 892 esse
1313 850 1493 907 Spiritus
1528 860 1728 905 sanctus,

341 920 520 980 quando
543 920 684 978 ipsum
705 919 863 962 ostium
886 934 975 961 esse
995 918 1198 976 dignatus
1223 929 1285 962 est
1303 920 1452 963 Filius.
1472 920 1582 963 Vide
1599 922 1730 964 ostia-

339 994 450 1036 rium
466 992 579 1035 forte
605 990 811 1048 Spiritum
828 999 1023 1033 sanctum
1041 1009 1049 1033 :
1066 991 1156 1048 ipse
1174 990 1385 1034 Dominus
1403 991 1623 1050 discipulis
1645 993 1731 1035 suis

341 1064 396 1108 de
419 1062 578 1122 Spiritu
606 1070 755 1104 sancto
775 1095 785 1114 ,
813 1060 917 1103 dicit
943 1079 951 1103 :
983 1079 1001 1100 «
1028 1063 1124 1119 lpse
1146 1076 1221 1104 vos
1248 1061 1423 1105 docebit
1445 1077 1618 1105 omnem
1650 1079 1728 1105 ve-

345 1153 365 1175 »
402 1134 614 1177 ritatem¹.
640 1151 658 1172 »
681 1131 850 1175 Ostium
875 1130 982 1189 quid
1005 1133 1098 1174 est?
1120 1132 1329 1175 Christus.
1357 1132 1473 1184 Quid
1495 1142 1558 1176 est
1581 1133 1730 1177 Chris-

340 1206 442 1248 tus?
464 1203 646 1247 Veritas.
674 1201 780 1254 Quis
801 1200 941 1259 aperit
970 1201 1126 1244 ostium
1144 1235 1154 1255 ,
1185 1201 1264 1244 nisi
1293 1201 1368 1260 qui
1398 1201 1527 1245 docet
1553 1217 1731 1245 omnem

340 1273 596 1318 veritatem?

402 1347 454 1386 V.
478 1346 539 1385 De
558 1340 824 1384 mercenario
861 1349 1005 1382 autem
1030 1339 1137 1398 quid
1158 1340 1373 1383 dicimus?
1403 1343 1500 1384 Non
1530 1342 1575 1384 in
1603 1341 1729 1385 bonis

342 1413 412 1457 hie
433 1419 796 1456 commemoratus
820 1418 896 1452 est.
928 1428 947 1449 «
974 1412 1122 1452 Pastor
1145 1407 1287 1452 bonus
1306 1444 1316 1463 ,
1345 1427 1364 1449 η
1392 1411 1470 1463 ait,
1496 1429 1515 1451 «
1541 1411 1729 1455 animam

344 1503 364 1523 »
401 1497 522 1526 suam
539 1480 614 1523 dat
630 1495 708 1538 pro
726 1478 896 1522 ovibus.
915 1479 1221 1531 Mercenarius‚
1236 1489 1278 1522 et
1293 1480 1367 1537 qui
1386 1495 1473 1523 non
1488 1489 1550 1523 est
1564 1490 1725 1538 pastor,

346 1572 364 1594 n
401 1555 525 1613 cujus
548 1566 637 1595 non
659 1559 761 1593 sunt
784 1565 884 1593 oves
907 1549 1108 1608 propriae,
1130 1549 1248 1593 videt
1270 1548 1424 1608 lupum
1447 1552 1694 1594 venientem
1714 1585 1726 1605 ‚

346 1642 365 1664 »
402 1632 445 1666 et
474 1622 654 1665 dimittit
686 1634 811 1673 oves,
837 1628 880 1662 et
903 1617 1039 1676 fugit3
1070 1628 1111 1661 et
1138 1618 1268 1678 lupus
1291 1620 1423 1678 rapit,
1451 1629 1493 1663 et
1523 1620 1731 1678 dispergit

346 1713 365 1735 »
403 1696 542 1737 oves‘2.
574 1710 593 1732 n
615 1694 713 1735 Non
736 1690 808 1733 hic
827 1690 985 1733 bonam
1021 1705 1246 1748 personam
1272 1691 1563 1734 mercenarius
1589 1692 1726 1749 gerit,

343 1774 548 1808 ettamen
570 1763 614 1805 in
638 1761 785 1820 aliquo
808 1760 925 1804 utilis
958 1769 1021 1803 est
1043 1780 1051 1805 :
1075 1776 1154 1803 nec
1178 1761 1466 1804 mercenarius
1484 1761 1727 1817 diceretur,

344 1835 423 1878 nisi
446 1834 660 1892 acciperet
683 1849 706 1876 a
729 1830 1002 1875 conducente
1023 1831 1283 1874 mercedem.
1307 1832 1408 1883 Quis
1427 1841 1488 1875 θεῖ
1521 1848 1623 1890 ergo
1650 1833 1729 1876 iste

344 1904 636 1949 mercenarius
651 1938 661 1956 ,
687 1911 730 1945 et
747 1901 976 1960 culpabilis
999 1911 1041 1944 et
1064 1902 1358 1945 necessarius?
1388 1902 1466 1945 Hic
1493 1918 1618 1955 vero,
1641 1902 1729 1946 fra-

345 1986 453 2030 tres,
476 1975 621 2017 luceat
643 1972 765 2016 nobis
782 1971 872 2030 ipse
886 1970 1117 2023 Dominus,
1140 1980 1189 2013 ut
1211 1971 1496 2015 mercenarios
1515 1971 1727 2030 intelliga-

343 2062 458 2100 mus,
475 2055 518 2089 et
540 2042 792 2089 mercenarii
809 2057 895 2085 non
914 2042 1060 2084 simus.
1081 2042 1182 2093 Quis
1204 2051 1268 2085 θεῖ
1284 2057 1386 2099 ergo
1407 2043 1728 2086 mercenarius?

347 2121 459 2162 Sunt
495 2117 539 2158 in
573 2113 761 2158 Ecclesia
800 2110 976 2171 quidam
1012 2111 1228 2169 praepositi
1247 2146 1258 2167 7
1299 2111 1354 2155 de
1388 2112 1546 2170 quibus
1570 2113 1728 2167 Paulus

345 2186 564 2247 apostolus
607 2184 711 2227 dicit
761 2201 770 2226 ι
819 2203 838 2223 u
890 2184 973 2225 Sua
1022 2191 1264 2239 quaerentes
1283 2217 1292 2235 ‚
1345 2198 1432 2224 non
1475 2199 1573 2242 quse
1623 2186 1726 2228 Jesu

347 2276 367 2298 »
404 2255 604 2301 Christiss.
644 2272 663 2293 »
698 2251 813 2305 Quid
841 2260 927 2301 θεῖ,
960 2267 1033 2294 sua
1067 2254 1344 2309 quaerentes?
1378 2255 1472 2295 Non
1503 2253 1723 2297 Christum

346 2327 475 2386 gratis
505 2324 750 2381 diligentes,
786 2337 873 2364 non
910 2324 1047 2363 Deum
1079 2329 1255 2379 propter
1280 2324 1416 2364 Deum
1455 2332 1720 2381 quaeventes‚

345 2394 597 2454 temporalia
619 2390 847 2436 commoda
871 2399 1163 2434 consectantes
1180 2425 1190 2444 ,
1222 2390 1352 2434 lucris
1373 2391 1588 2435 inhiantes
1603 2427 1613 2446 ‚
1645 2394 1725 2437 ho-

392 2487 401 2501 ¹
418 2481 595 2517 Joan.xv1‚
620 2475 668 2507 13.
689 2491 729 2497 -—
751 2474 879 2514 ²1d.x,
899 2484 949 2510 ιι,
969 2481 1018 2505 12.
1035 2489 1076 2495 —-
1097 2471 1110 2495 3
1128 2472 1240 2514 Philip.
1258 2484 1292 2513 n,
1312 2481 1366 2504 21.
