1809 3173
353 163 437 202 480
783 172 817 200 S.
853 173 1081 202 AUGUSTINI
1113 175 1292 202 Erlscom

352 239 494 282 minus
509 237 603 282 vult
624 237 828 297 intelligi,
855 254 933 283 nec
956 240 1175 284 Abraham
1199 249 1395 284 mortuus
1416 249 1500 295 est,
1522 256 1600 284 nec
1626 243 1727 284 Pro-

352 310 511 367 phetae.
535 307 603 352 Illi
624 309 739 352 enim
762 308 921 354 mortui
943 320 1044 354 sunt
1066 320 1108 353 et
1132 311 1283 355 vivunt
1306 331 1314 355 2
1334 311 1404 355 isti
1426 311 1655 365 vivebant,
1687 320 1730 354 et

350 379 512 423 mortui
532 388 668 423 erant.
703 382 812 425 Nam
844 382 1107 440 respondens
1130 382 1321 440 quodam
1356 381 1452 426 loco
1483 380 1728 426 Sadducaeis

350 449 628 493 moventibus
665 450 948 510 quaestionem
987 450 1040 493 de
1078 451 1410 506 resurrectione,
1442 452 1524 495 hoc
1548 452 1606 495 ait
1640 452 1728 510 ipse

350 520 560 564 Dominus
587 539 596 565 :
620 539 641 562 «
665 523 726 564 De
748 520 1059 564 resurrectione
1091 529 1234 564 autem
1259 531 1530 565 mortuorum
1553 537 1642 566 non
1665 520 1727 564 le-

352 609 373 634 »
409 592 549 651 gistis,
571 592 792 652 quomodo
813 593 870 635 ait
894 593 1101 636 Dominus
1119 591 1173 635 dc
1197 592 1304 637 rubo
1327 593 1381 636 ad
1406 596 1607 650 Moysen,
1633 595 1727 650 Ego

354 682 373 705 ›>
408 678 503 707 sum
527 667 639 707 Deus
662 663 879 707 Abraham
900 672 942 706 et
960 666 1070 706 Deus
1089 666 1206 706 Isaac
1221 698 1230 716 ,
1257 673 1299 707 et
1323 667 1434 707 Deus
1452 663 1616 707 Jacob?
1631 666 1727 707 Non

353 750 374 774 »
409 742 472 778 est
507 736 619 777 Deus
645 742 940 787 mortuorum,
966 732 1039 776 sed
1062 733 1302 777 vivorum1.
1337 752 1356 774 »
1383 734 1425 778 Si
1452 748 1554 792 ergo
1576 731 1639 776 illi
1662 733 1727 776 vi-

349 813 485 859 vunt,
515 803 762 850 laboremus
793 804 851 848 sic
883 805 1049 860 vivere,
1075 814 1122 849 ut
1144 804 1342 848 cumillis
1362 805 1504 849 vivere
1522 805 1729 863 possimus

351 890 451 919 cum
467 874 629 918 mortui
646 873 870 918 fuerimus.
890 894 909 915 «
926 878 1064 927 Quem
1085 885 1124 919 te
1140 876 1281 934 ipsum
1303 874 1425 929 facis,
1456 894 1474 916 »
1501 875 1725 935 inquiunt,

350 954 401 989 ut
428 945 543 989 dicas
560 981 570 1001 ,
600 964 620 987 «
647 948 833 990 Mortem
856 961 945 989 non
977 946 1142 990 videbit
1165 946 1209 988 in
1232 955 1442 989 aeternum
1473 946 1547 1005 qui
1568 961 1730 989 sermo·-

354 1033 374 1057 »
409 1031 510 1059 nem
532 1031 678 1059 meum
695 1016 955 1061 servaverit‘Z
979 1035 987 1060 :
1017 1034 1036 1057 »
1072 1031 1171 1060 cum
1193 1016 1299 1061 scias
1322 1026 1364 1060 et
1386 1017 1604 1060 Abraham
1621 1031 1729 1060 mor-

351 1096 476 1131 tuum
495 1097 537 1132 et
555 1088 791 1147 Prophetas
809 1090 825 1129 ‘?

408 1160 527 1203 XIV.
549 1178 569 1201 «
587 1158 826 1217 Respondit
841 1161 979 1213 Jesus,
1003 1159 1044 1203 Si
1060 1173 1137 1216 ego
1153 1158 1345 1216 glorifico
1363 1174 1432 1202 me
1450 1159 1591 1217 ipsum
1610 1179 1620 1215 3
1642 1157 1730 1216 glo-

353 1247 374 1270 »
410 1230 472 1273 ria
495 1245 591 1273 mea
608 1229 716 1273 nihil
739 1239 801 1273 est
828 1249 836 1273 :
863 1239 925 1273 cst
948 1233 1073 1273 Pater
1090 1244 1210 1273 meus
1238 1230 1312 1288 qui
1338 1228 1547 1287 glorificat
1570 1230 1678 1272 me³.
1707 1247 1726 1269 n

354 1303 446 1344 Hoc
482 1300 540 1344 ait
567 1309 746 1359 propter
776 1299 886 1343 illud
920 1300 1039 1359 quod
1075 1300 1297 1355 dixerunt,
1326 1319 1346 1341 α
1367 1306 1503 1353 Quem
1522 1309 1565 1344 te
1586 1301 1728 1359 ipsum

300 1393 307 1398 κ
353 1388 374 1412 »
409 1369 545 1415 facis?
570 1389 590 1412 »
617 1370 767 1415 Refert
789 1372 903 1414 enim
923 1371 1102 1430 gloriam
1124 1387 1242 1415 suam
1262 1372 1316 1415 ad
1343 1375 1534 1426 Patrem,
1566 1370 1620 1414 de
1642 1387 1730 1430 quo

351 1451 414 1486 est
435 1442 556 1502 quod
579 1446 693 1487 Deus
721 1452 798 1486 est.
826 1442 1074 1502 Aliquando
1092 1442 1237 1487 Ariani
1255 1453 1297 1486 et
1319 1443 1373 1486 de
1394 1443 1475 1486 isto
1504 1443 1637 1487 verbo
1658 1459 1732 1486 ca-

349 1513 620 1558 lumniantur
643 1513 743 1557 fidei
767 1523 946 1569 nostrae,
973 1523 1016 1557 et
1033 1515 1205 1568 dicunt,
1224 1518 1335 1558 Ecce
1350 1516 1485 1574 major
1507 1523 1568 1557 est
1588 1518 1728 1567 Pater,

351 1583 452 1643 quia
497 1584 650 1642 utique
689 1583 899 1641 glorificat
936 1583 1110 1628 Filium.
1134 1585 1365 1639 Haeretice,
1399 1600 1485 1628 non
1520 1584 1659 1642 legisti
1690 1593 1732 1626 et

350 1654 493 1712 ipsum
518 1653 676 1698 Filium
700 1654 915 1698 dicentem
932 1690 941 1705 ‚
962 1654 1081 1714 quod
1113 1655 1324 1713 glorificet
1355 1658 1524 1698 Patrem
1548 1655 1732 1698 suum⁴P

354 1724 396 1769 Si
424 1734 467 1768 et
499 1724 571 1767 ille
600 1723 760 1767 Filium
784 1723 997 1783 glorificat
1016 1760 1027 1780 ,
1053 1735 1096 1768 et
1118 1724 1252 1768 Filius
1275 1729 1445 1768 Patrem
1484 1725 1694 1782 glorificat
1720 1744 1728 1768 :

351 1809 465 1854 pone
487 1795 792 1853 pervicaciam,
813 1810 998 1853 agnosce
1020 1794 1329 1854 aequalitatem,
1354 1794 1518 1852 corrige
1555 1810 1730 1853 perver-

351 1865 536 1910 sitatem.

410 1939 508 1980 XV.
534 1954 553 1978 «
578 1939 655 1980 Est
682 1956 698 1978 »
725 1952 850 1995 ergo,
875 1936 1039 1995 inquit,
1069 1955 1088 1977 (ι
1116 1939 1240 1979 Pater
1262 1951 1382 1978 meus
1410 1937 1486 1995 qui
1520 1935 1730 1994 glorificat

356 2025 377 2050 >›
411 2022 504 2061 me,
540 2022 671 2066 quem
709 2022 784 2050 vos
805 2005 968 2060 dicitis,
995 2006 1094 2065 quia
1119 2009 1230 2049 Deus
1264 2014 1408 2049 noster
1436 2015 1520 2060 est,
1562 2015 1604 2050 et
1643 2022 1727 2050 non

362 2095 383 2119 »
419 2077 679 2136 cognovistis
701 2079 842 2121 eum⁵.
868 2094 886 2117 »
908 2076 1086 2130 Videte,
1128 2076 1278 2119 fratres
1308 2076 1409 2130 mei,
1445 2075 1730 2127 Quemadmo-

358 2148 464 2192 dum
501 2147 700 2192 ostendat
739 2147 878 2206 ipsum
918 2149 1056 2189 Deum
1098 2149 1268 2189 Patrem
1305 2160 1393 2188 esse
1427 2145 1606 2199 Christi,
1655 2147 1730 2205 qui

357 2219 638 2263 annuntiatus
674 2227 737 2261 est
774 2227 815 2261 et
856 2219 878 2260 J
885 2216 1033 2260 udaeis.
1070 2220 1300 2275 Propterea
1348 2216 1467 2270 dico,
1505 2217 1603 2276 quia
1637 2232 1729 2260 rur-

354 2305 424 2333 sus
460 2288 639 2349 quidam
674 2286 867 2331 haeretici
907 2287 1059 2330 dicunt
1092 2289 1229 2330 Deum
1261 2288 1565 2330 annuntiatum
1589 2287 1632 2329 in
1654 2302 1728 2331 vc*

356 2361 435 2404 teri
464 2363 760 2414 Testamento‚
797 2374 885 2402 non
927 2373 1016 2402 esse
1052 2361 1221 2401 Patrem
1257 2358 1414 2402 Christi
1445 2358 1550 2402 :sed
1587 2358 1730 2402 nescio

402 2464 411 2480 ¹
433 2457 554 2489 Matth.
577 2467 654 2498 xxii,
675 2456 729 2497 31,
751 2456 804 2496 32,
825 2460 858 2487 et
876 2455 974 2487 Exod.
999 2466 1045 2496 111,
1063 2454 1096 2485 6.
1117 2471 1157 2476 -
1182 2461 1192 2476 ²
1208 2456 1297 2486 Joan.
1326 2465 1391 2496 vni,
1411 2453 1463 2486 53.
1488 2453 1726 2496 —31bid.54.

354 2529 395 2537 --
410 2511 426 2543 4
445 2513 492 2546 Id.
508 2523 586 2554 xvii,
603 2511 635 2555 4.
652 2528 693 2534 -
711 2508 787 2544 51d.
812 2522 883 2552 viu,
903 2509 955 2543 55.
