1809 3173
369 188 451 225 232
779 196 811 224 8.
849 197 872 224 Α
882 200 1077 226 (1011511111
1111 201 1289 229 1111156οΡ1

362 263 677 321 intelligamus,
701 263 857 308 «Sicut
886 268 1012 309 Pater
1033 267 1209 312 suscitat
1237 278 1430 313 mortuos
1458 279 1500 314 et
1528 271 1737 328 vivificat,

366 355 383 375 »
409 334 467 376 sic
479 343 523 376 ct
535 333 668 377 Filius
682 349 790 393 quos
803 333 897 378 vult
909 335 1111 391 vivificat,
1123 356 1138 377 »
1156 346 1203 381 ut
1216 336 1318 383 alios
1329 355 1349 382 a
1363 343 1487 383 Patre
1502 343 1740 387 resuscitari

362 413 405 447 et
431 403 659 457 vivificari,
685 403 788 448 alios
811 420 833 447 a
857 403 967 449 Filio
985 406 1275 451 existimemus
1297 428 1304 452 :
1333 410 1407 453 sed
1431 410 1603 455 cosdem
1634 429 1741 472 quos

361 478 489 519 Pater
510 475 686 520 suscitat
706 483 749 518 et
770 475 958 519 vivificat
973 510 984 530 ,
1010 476 1123 535 ipsos
1146 485 1190 521 et
1212 478 1344 523 Filius
1368 482 1543 526 suscitat
1565 492 1607 526 et
1627 484 1739 527 vivi-

359 546 459 590 ficat
472 580 483 600 ,
501 545 602 604 quia
620 545 764 589 omnia
782 560 858 604 per
874 546 1015 605 ipsum
1033 546 1145 592 facta
1159 558 1284 600 sunt,
1303 559 1346 594 et
1362 551 1453 594 sine
1470 553 1562 611 ipso
1578 552 1740 598 factum

358 625 422 661 est
448 615 572 659 nihil.
610 618 666 659 Et
696 624 746 659 ut
778 615 1024 659 ostenderet
1057 617 1217 662 habere
1254 634 1298 663 se
1331 623 1527 680 quamvis
1559 639 1582 667 a
1617 628 1742 668 Patre

359 688 504 731 datam
521 721 531 741 ,
559 695 703 729 tamen
723 701 869 745 parem
890 696 1145 745 potestatem
1162 723 1172 743 ,
1193 689 1292 734 ideo
1311 691 1396 746 ait,
1422 711 1441 734 «
1465 693 1531 738 Sic
1550 704 1590 738 et
1609 695 1743 740 Filius

360 775 379 797 »
416 772 525 816 quos
538 755 634 800 vult
648 756 858 810 vivificat,
877 775 896 797 »
914 766 964 800 ut
975 758 1223 803 ostenderet
1235 759 1295 803 ibi
1310 761 1576 807 voluntatem
1592 781 1712 809 suam
1732 785 1739 810 ι

357 836 401 870 61
423 842 478 870 116
500 826 594 886 quis
608 825 794 880 diceret,
823 827 1007 871 Suscitat
1023 830 1148 872 Pater
1162 839 1354 875 mortuos
1368 847 1443 891 per
1462 832 1619 877 Filium
1634 870 1645 890 ,
1668 834 1744 879 sed

357 897 430 941 ille
464 906 672 956 tanquam
708 905 859 955 potens
874 933 885 952 ,
922 907 1129 958 tanquam
1162 909 1418 959 potestatem
1448 904 1635 959 habens,
1666 905 1744 949 iste

354 978 563 1027 tanquam
576 982 624 1010 ex
634 967 772 1011 aliena
785 976 1012 1026 potestate,
1026 979 1232 1029 tanquam
1246 972 1439 1017 minister
1452 974 1553 1018 tacit
1563 975 1742 1036 aliquid,

356 1038 469 1082 sieut
482 1036 675 1095 Angelus
690 1057 698 1080 2
716 1046 972 1096 potestatem
985 1039 1241 1097 significavit
1253 1041 1330 1085 ubi
1348 1042 1421 1097 ait,
1438 1062 1456 1085 «
1472 1045 1537 1088 Sic
1554 1054 1596 1089 et
1610 1044 1745 1090 Filius

359 1126 380 1150 »
397 1123 504 1168 quos
526 1107 621 1150 vult
645 1108 878 1152 vivificat.»
892 1111 989 1153 Non
1008 1109 1121 1153 enim
1145 1111 1240 1155 vult
1256 1115 1381 1156 Pater
1395 1113 1512 1157 aliud
1525 1131 1653 1174 quam
1670 1117 1745 1160 Fi-

357 1178 439 1222 lius
455 1199 465 1235 3
491 1176 566 1221 sed
581 1178 692 1221 sicut
711 1177 794 1222 illis
810 1193 895 1221 una
919 1178 1158 1224 substantia
1175 1216 1185 1235 ,
1204 1182 1262 1225 sic
1277 1191 1320 1225 et
1333 1198 1419 1226 una
1441 1183 1640 1229 voluntas
1663 1195 1740 1229 est.

416 1250 496 1291 XI.
519 1251 574 1292 Et
589 1248 665 1307 qui
680 1256 780 1292 sunt
793 1248 861 1291 isti
876 1250 1036 1292 mortui
1050 1265 1158 1309 quos
1176 1251 1365 1296 vivificat
1382 1256 1508 1297 Pater
1525 1263 1567 1298 et
1584 1254 1745 1301 Filius?

356 1321 425 1361 An
446 1319 527 1376 ipsi
549 1326 650 1362 sunt
673 1317 726 1361 de
752 1318 912 1376 quibus
935 1317 1117 1363 diximus
1134 1355 1144 1375 ,
1170 1324 1355 1365 Lazarus
1370 1356 1381 1377 ,
1407 1323 1475 1366 vel
1498 1323 1610 1367 filius
1632 1324 1745 1369 illius

355 1387 501 1432 viduae
520 1422 530 1442 ,
566 1387 634 1432 vel
667 1387 754 1432 filia
785 1389 1112 1448 archisynagogi
1132 1391 1174 1434 1Ξ)
1205 1391 1405 1435 novimus
1438 1393 1553 1436 6111111
1588 1395 1687 1438 istos
1722 1402 1749 1438 a*

357 1459 530 1502 Christo
552 1459 737 1501 Domino
759 1459 996 1503 suscitatos.
1023 1459 1155 1504 Aliud
1177 1460 1343 1520 aliquid
1369 1462 1495 1506 nobis
1515 1463 1610 1508 vult
1638 1465 1745 1508 insi-

356 1525 513 1583 nuare,
540 1528 895 1572 resurrectionem
923 1529 1085 1574 scilicet
1114 1540 1414 1586 mortuorum,
1442 1549 1572 1592 quam
1597 1550 1745 1579 omnes

357 1608 634 1659 expectamus
654 1615 663 1639 τ
686 1615 774 1643 11011
796 1599 915 1643 illam
938 1616 1069 1660 quam
1100 1601 1278 1661 quidam
1307 1602 1556 1648 habuerunt
1578 1614 1627 1649 ut
1648 1621 1744 1649 cre-

359 1670 514 1714 derent
534 1669 700 1713 coeteri.
727 1671 975 1714 Resurrexit
994 1671 1109 1714 enim
1131 1674 1315 1716 Lazarus
1333 1674 1583 1730 moriturus,
1601 1691 1745 1719 resur-

361 1755 510 1798 gemus
542 1755 619 1783 nos
649 1755 818 1798 semper
848 1740 1015 1784 victuri.
1055 1740 1202 1785 Talem
1234 1745 1590 1789 resurrectionem
1620 1750 1746 1790 Pater

361 1811 491 1865 facit,
521 1827 575 1854 an
598 1811 765 1854 Filius?
788 1814 881 1855 Imo
907 1827 1010 1855 vero
1034 1815 1162 1856 Pater
1194 1813 1239 1857 in
1263 1813 1389 1858 Filio.
1428 1818 1543 1874 Ergo
1580 1817 1716 1861 Filius
1732 1852 1744 1873 ,

362 1890 404 1924 et
427 1885 553 1924 Pater
580 1880 624 1923 in
650 1879 776 1924 Filio.
809 1879 933 1924 Unde
954 1881 1210 1940 probamus,
1235 1884 1335 1941 quia
1367 1883 1422 1928 de
1446 1885 1523 1929 ista
1548 1885 1652 1930 dicit
1676 1902 1745 1930 re-

362 1951 657 1995 surrectione?
689 1953 802 1995 Cum
834 1949 1027 2005 dixisset,
1062 1970 1082 1992 «
1112 1952 1230 1996 Sicut
1264 1952 1380 1996 enim
1414 1956 1538 1998 Pater
1570 1957 1746 2001 suscitat

365 2040 385 2062 »
422 2029 615 2066 mortuos
637 2029 680 2064 et
701 2020 890 2065 vivificat
904 2055 916 2076 ‚
938 2021 996 2065 sic
1016 2029 1059 2064 et
1080 2020 1214 2065 Filius
1236 2038 1345 2082 quos
1366 2024 1462 2068 vult
1479 2024 1667 2070 vivificat
1689 2045 1698 2071 z
1721 2044 1742 2067 »

363 2107 418 2135 ne
440 2092 778 2150 intelligeremus
799 2091 916 2135 illam
945 2101 1217 2136 mortuorum
1235 2095 1591 2139 resurrectionem
1614 2113 1744 2157 quam

364 2162 467 2208 facit
490 2164 543 2207 ad
565 2163 842 2218 miraculum,
868 2179 957 2208 non
979 2163 1033 2207 ad
1056 2165 1187 2208 vitam
1209 2173 1414 2209 aeternam
1431 2201 1441 2220 ,
1467 2177 1637 2212 secutus
1655 2169 1741 2223 ait,

368 2252 389 2275 «
423 2236 572 2292 Neque
593 2235 707 2277 enim
731 2238 855 2278 Pater
868 2233 1035 2293 judicat
1061 2250 1346 2295 quemquam,
1372 2237 1448 2280 sed
1476 2253 1604 2282 omne
1620 2239 1744 2299 judi-

368 2322 387 2346 »
424 2304 538 2348 6111111
557 2304 678 2348 dedit
696 2304 806 2349 Filio
819 2307 846 2348 1.
869 2324 887 2345 »
909 2306 1025 2358 Quid
1041 2307 1122 2350 1106
1138 2308 1227 2350 est?
1247 2310 1307 2350 De
1322 2317 1593 2352 mortuorum
1607 2325 1745 2353 resur·

364 2375 552 2418 rectione
567 2374 753 2429 dicebat,
772 2375 872 2435 quia
893 2394 909 2414 «
927 2376 1037 2419 sicut
1051 2379 1174 2420 Pater
1189 2377 1364 2421 suscitat
1378 2387 1569 2423 mortuos
1587 2388 1630 2423 et
1641 2380 1741 2424 vivi-

367 2462 387 2485 »
422 2445 543 2499 ficat,
569 2445 627 2488 sic
651 2454 693 2489 et
716 2444 842 2489 Filius
861 2461 969 2505 quos
992 2446 1086 2490 vult
1114 2446 1300 2491 vivificat
1321 2466 1330 2492 :
1357 2468 1374 2489 »
1394 2448 1512 2493 unde
1532 2450 1741 2495 continuo

418 2536 423 2550 ¹
446 2531 535 2560 Joan.
555 2528 666 2570 x1‚43,
687 2531 762 2562 Luc.
781 2540 838 2570 vu,
860 2529 957 2571 14,et
975 2542 1051 2571 vm,
1066 2530 1118 2572 54.
1137 2547 1177 2555 -·
1197 2537 1208 2553 ²
1227 2533 1316 2563 Joan.
1341 2542 1375 2572 v,
1395 2540 1451 2566 22.
