1809 3173
349 168 402 206 32
770 180 803 205 s.
840 176 1068 206 Aucus'nm
1102 179 1281 207 misceri

351 262 370 284 »
408 257 515 286 mea.
545 260 563 282 >›
591 244 646 286 Et
678 242 759 286 hoc
782 243 898 287 unde
929 244 1073 288 scitis?
1111 242 1390 303 respondete,
1422 246 1512 288 lloc
1536 242 1731 303 loquitur

348 311 646 370 Evangelium.
674 312 828 358 Nullus
850 314 972 359 vobis
1006 324 1256 373 corrumpat
1278 315 1389 358 hanc
1409 313 1539 357 fidem
1556 349 1566 368 ‚
1588 314 1620 357 si
1643 314 1732 358 vul-

350 385 400 428 tis
421 399 578 443 sponso
595 399 763 429 servare
781 395 938 429 castam
963 386 1265 444 virginitatem.
1295 385 1337 430 Si
1355 394 1498 429 autem
1523 386 1733 444 quaeritur

347 471 370 498 a
402 454 554 511 vohis,
580 471 658 500 cur
679 456 763 500 hoc
786 456 911 500 matri
933 456 1203 515 responderit
1230 475 1238 500 :
1264 455 1379 500 dicat
1403 456 1478 516 qui
1501 454 1731 514 intelligit3

346 526 422 586 qui
447 536 594 571 autem
623 527 820 571 nondum
859 527 1086 585 intelligit,
1124 527 1364 571 firmissime
1394 536 1538 571 tamen
1562 527 1730 581 credat,

346 597 429 642 hoc
452 596 721 657 respondisse
738 633 749 653 ,
775 607 817 642 et
841 608 986 643 tamen
1016 598 1142 642 matri
1162 597 1432 657 respondisse
1455 600 1618 641 Jesum.
1644 600 1735 642 Hac

346 670 505 729 pietate
527 670 766 714 merebitur
787 671 915 714 etiam
936 669 1176 727 intelligere
1198 684 1276 713 cur
1297 669 1355 712 ita
1378 669 1676 727 responderit,
1702 668 1735 711 si

346 739 510 784 orando
523 739 680 800 pulset,
700 749 743 784 et
764 755 853 784 non
872 738 1052 784 rixando
1073 738 1250 784 accedat
1265 737 1326 782 ‘ad
1349 738 1505 782 ostium
1524 738 1730 783 veritatis.

285 805 289 811 ’
348 812 537 855 Tantum
575 819 750 866 caveat,
783 826 837 854 ne
869 810 976 853 dum
1011 825 1055 853 se
1089 817 1214 868 putat
1248 807 1386 863 scire,¹
1413 817 1488 852 aut
1523 808 1737 853 erubescit

346 881 510 925 nescire
532 896 610 925 cur
631 881 691 925 ita
719 880 1011 939 responderit,
1038 887 1217 937 cogatur
1237 878 1413 923 credere
1436 888 1512 922 aut
1536 881 1736 937 Evange-

346 950 491 995 listam
510 949 639 995 fuisse
658 951 888 994 mentitum
912 949 988 1010 qui
1011 949 1069 993 ait
1095 968 1103 993 :
1134 968 1153 990 «
1179 951 1283 993 Erat
1310 949 1371 992 ibi
1398 958 1533 994 mater
1556 951 1658 993 Jesu
1680 967 1688 993 ε
1713 967 1732 990 »

346 1031 423 1066 aut
453 1022 595 1081 ipsum
619 1022 850 1066 'Christum
883 1019 988 1065 falsa
1022 1029 1160 1065 morte
1180 1036 1351 1079 passum
1382 1029 1557 1080 propter
1579 1019 1737 1064 delicta

347 1102 494 1137 nostra
508 1127 519 1147 ,
546 1101 589 1136 et
610 1090 735 1136 falsas
766 1090 985 1136 cicatrices
1007 1090 1244 1136 ostendisse
1267 1100 1444 1150 propter
1460 1091 1736 1151 justificatio-

350 1178 451 1208 nem
475 1172 666 1208 nostram
690 1163 962 1222 :falsumque
980 1162 1152 1206 dixisse:
1177 1181 1197 1204 «
1220 1162 1262 1207 Si
1282 1162 1518 1206 manseritis
1540 1162 1586 1205 in
1603 1161 1737 1206 verbo

350 1252 369 1275 »
405 1250 520 1289 meo,
544 1250 645 1279 vere
668 1233 874 1293 Discipuli
897 1233 981 1277 mei
1004 1233 1118 1288 estis,
1139 1241 1182 1277 et
1204 1233 1470 1292 cognoscetis
1490 1232 1734 1287 veritatem,

350 1324 369 1347 »
406 1314 449 1349 et
479 1305 632 1350 veritas
667 1304 870 1349 liberabit
903 1319 976 1348 vos
995 1307 1023 1347 ¹.
1054 1323 1072 1345 »
1102 1304 1143 1349 Si
1166 1305 1282 1347 enim
1313 1302 1418 1348 salsa
1448 1312 1606 1359 mater,
1632 1301 1737 1347 salsa

347 1391 448 1420 caro
466 1411 477 1431 ,
503 1375 609 1420 falsa
632 1390 746 1420 mors
764 1410 775 1431 ,
795 1374 902 1418 falsa
920 1373 1098 1418 vulnera
1122 1374 1330 1433 passionis
1348 1410 1358 1429 ‚
1375 1372 1494 1418 falsae
1518 1373 1738 1418 cicatrices

350 1448 702 1506 resurrectionis3
726 1463 815 1492 non
836 1447 993 1492 veritas
1023 1446 1248 1491 credentes
1274 1447 1319 1490 in
1343 1461 1442 1490 eum
1458 1482 1468 1501 ,
1490 1445 1566 1490 sed
1590 1446 1735 1505 potius

347 1518 510 1564 falsitas
539 1519 758 1563 liberabit.
795 1522 994 1564 imovero
1016 1518 1176 1563 falsitas
1199 1518 1323 1563 cedat
1351 1519 1541 1572 veritati,
1563 1525 1607 1561 et
1632 1532 1738 1561 con-

346 1589 593 1635 fundantur
610 1605 759 1635 omnes
783 1589 858 1649 qni
884 1598 1113 1648 propterea
1134 1604 1178 1632 se
1200 1587 1354 1633 volunt
1377 1587 1515 1632 videri
1536 1602 1707 1632 veraces
1723 1622 1734 1642 ‚

349 1662 450 1721 quia
475 1662 696 1706 Christum
719 1668 933 1705 conantur
954 1658 1253 1703 demonstrare
1276 1657 1473 1703 fallacem
1490 1693 1502 1713 ,
1522 1666 1566 1702 et
1580 1657 1739 1702 nolunt

346 1732 427 1776 sibi
451 1732 558 1777 dici:
575 1734 672 1778 Non
687 1731 807 1776 vobis
823 1730 1039 1775 credimus
1061 1730 1162 1789 quia
1185 1729 1456 1786 mentimini3
1481 1744 1583 1773 cum
1600 1729 1736 1788 ipsam

346 1803 571 1847 veritatem
593 1801 741 1846 dicant
753 1816 843 1845 esse
856 1800 1097 1844 mentitam.
1116 1800 1279 1853 Quibus
1302 1808 1450 1843 tamen
1472 1798 1504 1842 si
1522 1798 1734 1853 dicamus,

348 1871 473 1917 Unde
494 1872 628 1917 nostis
650 1871 802 1916 dixisse
824 1871 1068 1916 Christum:
1085 1888 1104 1911 «
1122 1869 1240 1922 Quid
1261 1869 1366 1912 mihi
1387 1878 1430 1913 et
1455 1869 1529 1913 tibi
1553 1878 1617 1912 est
1639 1884 1738 1912 mu-

353 1962 373 1985 »
409 1942 488 1987 lier
520 1962 529 1988 :
565 1961 584 1984 »
611 1941 850 2001 Evangelio
880 1956 924 1985 se
951 1939 1183 1985 credidisse
1216 1939 1496 1999 respondent.
1527 1941 1616 1984 Cur
1646 1954 1736 1984 non

346 2013 534 2060 credunt
555 2012 794 2073 Evangelio
817 2012 981 2057 dicenti
1007 2031 1016 2057 ;
1046 2030 1065 2053 «
1091 2014 1194 2055 Erat
1214 2011 1274 2055 ibi
1294 2019 1432 2054 mater
1459 2014 1562 2055 Jesu
1589 2029 1597 2055 :
1627 2028 1646 2051 »
1668 2019 1733 2065 et,

349 2107 370 2129 «
407 2086 522 2131 Dixit
545 2086 583 2130 ei
605 2094 743 2130 mater
762 2085 880 2145 ejus?
906 2103 924 2125 »
952 2087 1039 2128 Aut
1061 2083 1095 2127 si
1112 2083 1196 2127 hoc
1217 2082 1428 2126 mentitur
1446 2081 1734 2140 Evangelium

347 2158 570 2218 quomodo
597 2157 635 2201 ei
659 2155 852 2201 creditur
872 2156 994 2216 quod
1017 2153 1171 2200 dixerit
1190 2156 1313 2198 Jesus
1335 2172 1343 2197 :
1372 2172 1392 2194 «
1428 2153 1541 2206 Quid
1564 2152 1669 2196 mihi
1693 2161 1736 2196 et

348 2248 368 2271 »
405 2230 486 2274 tibi
514 2237 579 2273 est
606 2227 792 2272 mulier?
818 2245 837 2269 »
863 2229 954 2272 Cur
988 2241 1078 2271 non
1104 2225 1248 2285 potius
1276 2225 1439 2279 miseri,
1465 2234 1508 2269 et
1534 2223 1653 2283 quod
1675 2223 1734 2267 ita

346 2315 437 2344 non
465 2309 706 2354 extraneae,
733 2297 808 2343 sed
839 2298 966 2342 matri
988 2297 1196 2342 Dominus
1219 2295 1518 2355 responderit,
1547 2294 1734 2339 fideliter

345 2371 559 2430 credunt3
587 2380 630 2416 et
661 2386 739 2415 cur
767 2370 826 2414 ita
863 2368 1162 2429 responderit,
1188 2368 1258 2427 pie
1280 2368 1515 2428 quaerunt?
1540 2365 1732 2411 Multum

346 2443 463 2488 enim
485 2444 664 2487 interest
684 2443 796 2486 inter
817 2456 918 2486 eum
935 2441 1012 2501 qui
1033 2439 1138 2485 dicit
1155 2438 1290 2484 :Volo
1313 2433 1418 2485 scire
1435 2453 1569 2499 quare
1590 2437 1733 2482 Chris-

393 2535 401 2552 ¹
419 2530 511 2562 Joan.
527 2538 594 2570 vni,
615 2528 669 2570 31,
693 2527 746 2560 32.
