1825 3214
280 239 321 265 IN
355 234 528 265 somnis
559 231 868 271 numenium,
904 233 1048 260 ἰἰιΑοίη
1089 237 1176 260 xix.
1340 224 1414 259 1925

42 324 62 346 »
97 313 139 349 et
165 305 366 349 inventus
389 305 500 347 est¹.
523 320 542 343 υ
566 302 634 346 Fit
656 299 837 360 proinde
855 301 943 358 jam
967 299 1167 358 quwdzuu
1205 316 1417 342 resurrec-

39 376 116 429 tio,
141 385 183 419 et
219 384 439 420 transcunt
468 374 664 418 homines
683 389 704 416 a
736 381 872 415 morte
894 370 1079 430 quadam
1111 371 1163 413 ad
1186 371 1420 430 quamdam

39 447 199 503 vitam,
225 462 247 489 a
271 454 408 489 morte
437 443 718 492 infidelitatis.
744 441 798 486 ad
820 442 951 486 vitain
981 440 1080 484 fidei
1104 456 1154 496 ,a
1178 451 1314 484 morte
1341 441 1420 484 {211-

40 516 189 569 sitatis,
216 515 270 559 ad
304 515 436 559 vitam
461 514 652 558 veritatis
674 533 681 557 :
708 527 730 556 a
754 521 893 556 morte
921 511 1178 571 iniquitatis,
1216 511 1269 553 ad
1294 512 1425 555 vitam

35 586 229 645 justitiae.
252 588 328 629 Est
350 600 451 643 ergo
468 595 510 629 ct
535 585 609 627 ista
629 581 828 643 quaedam
854 581 1109 625 resurrectio
1133 591 1424 624 mortuorum.

104 659 179 699 lx.
206 656 380 715 Aperiat
395 655 510 699 illam
530 654 715 714 plenius,
734 651 1023 698 etdilucescat
1044 651 1183 707 nobis,
1210 661 1258 696 ut
1276 652 1424 711 coepit.

46 746 65 768 α
89 730 244 780 Amen,
262 742 386 770 amen
409 725 507 770 dico
524 724 661 780 vobis,
686 724 790 785 quia
811 723 929 768 venit
946 723 1068 778 hora,
1093 733 1135 767 et
1158 739 1274 767 nunc
1293 726 1426 767 cst'2.»

42 802 133 841 Nos
162 796 493 856 expectabamus
531 796 575 839 in
614 797 700 839 fine
738 795 1096 840 resurrectionem
1126 804 1428 847 mortuorum,

43 868 99 911 ita
116 866 382 910 credidimus
403 886 411 910 :
439 867 524 910 imo
549 882 637 910 non
659 865 1008 925 expectabamus,
1034 865 1108 909 sed
1121 865 1250 924 plane
1276 880 1433 925 expec-

44 947 135 982 tare
171 937 410 994 debemus,
443 953 586 996 neque
625 938 739 980 enirn
779 936 933 982 falsum
972 935 1187 981 credimus
1224 937 1267 980 in
1302 937 1433 981 finem

44 1019 239 1054 mortuos
261 1018 590 1053 resurrecturos.
609 1011 718 1053 Cum
736 1024 837 1066 ergo
854 1008 983 1052 vellet
1003 1009 1211 1053 Dominus
1225 1011 1348 1052 Jesus
1372 1009 1435 1052 in-

44 1082 218 1126 sinuare
240 1081 366 1125 nobis
389 1080 622 1141 quamdam
654 1081 1014 1124 resurrectionem
1035 1089 1311 1124 mortuorum
1336 1089 1436 1124 ante

45 1152 403 1196 resurrectionem
440 1161 739 1208 mortuorum,
779 1166 868 1194 non
906 1151 1018 1195 sicut
1050 1152 1223 1206 Lazari,
1257 1151 1326 1195 vel
1358 1149 1435 1194 filii

45 1222 160 1267 illius
190 1222 355 1276 viduae,
385 1222 452 1266 vel
479 1223 580 1266 filiae
610 1223 968 1281 archisynagogi,
995 1222 1071 1283 qui
1106 1230 1437 1266 resurrexerunt

47 1294 270 1337 morituri³
298 1313 306 1337 z
332 1295 348 1350 (
378 1308 478 1337 nam
507 1303 551 1337 et
585 1293 779 1353 ipsorum
813 1301 1087 1337 mortuorum
1124 1293 1327 1352 quaedam
1365 1307 1434 1335 re-

46 1363 255 1408 surrectio
275 1362 390 1408 facta
408 1373 472 1408 est
489 1372 589 1408 ante
611 1362 970 1408 resurrectionem
997 1372 1270 1408 mortuorum
1289 1382 1296 1408 :
1323 1365 1339 1420 )
1361 1361 1436 1407 sed

47 1434 158 1479 sicut
182 1435 252 1478 hic
294 1434 416 1488 dicit,
442 1453 462 1476 «
488 1434 646 1489 Habet,
672 1434 842 1494 inquit,
876 1435 1010 1478 vitam
1045 1443 1253 1478 aeternam
1271 1470 1281 1488 ,
1319 1443 1363 1478 et
1390 1433 1437 1476 in

50 1522 71 1546 »
101 1504 317 1565 judicium
350 1520 440 1549 non
467 1504 587 1548 venit
604 1539 615 1559 ,
639 1504 715 1548 sed
739 1504 907 1548 transiit
939 1520 962 1548 a
995 1514 1134 1549 morte
1159 1504 1213 1548 ad
1236 1505 1383 1548 vitam.
1415 1522 1434 1544 »

48 1575 116 1619 Ad
139 1590 269 1634 quam
296 1574 460 1618 vitam?
480 1573 534 1618 ad
557 1583 779 1618 aeternam.
801 1576 897 1618 Non
918 1589 1019 1631 ergo
1042 1575 1152 1618 sicut
1175 1589 1331 1633 corpus
1353 1577 1438 1617 La-

49 1646 134 1690 zari
163 1666 172 1690 ;
194 1646 359 1690 transiit
381 1645 496 1689 enim
522 1655 564 1689 et
583 1645 671 1689 illle
693 1662 715 1689 a
733 1654 873 1689 morte
903 1645 1090 1704 sepulcri
1113 1646 1166 1689 ad
1197 1646 1331 1690 vitam
1358 1646 1439 1690 ho-

50 1717 235 1768 minum,
262 1716 336 1760 sed
359 1732 447 1760 non
483 1725 707 1770 aeternam,
735 1717 891 1760 iterum
920 1717 1186 1766 moriturus;
1219 1731 1438 1761 resurrec-

49 1789 136 1832 turi
153 1797 299 1831 autem
321 1787 365 1830 in
383 1788 469 1830 fine
492 1786 638 1832 saeculi
668 1788 844 1842 mortui,
869 1788 914 1831 in
937 1788 1070 1831 vitam
1089 1797 1296 1831 aeternam
1319 1797 1438 1832 tran-

49 1859 212 1903 sibunt.
228 1861 338 1903 Cum
354 1873 455 1915 ergo
467 1858 596 1902 vellet
611 1858 819 1902 Dominus
830 1868 975 1903 noster
991 1859 1336 1914 JesusChristus,
1351 1875 1438 1903 ma-

51 1929 181 1989 gister
194 1929 396 1983 coelestis,
409 1929 604 1972 Verbum
620 1928 755 1973 Patris
771 1937 814 1972 et
826 1929 982 1973 veritas
995 1928 1241 1974 demonstra
1249 1946 1293 1974 re
1313 1930 1438 1974 nobis

50 2000 285 2061 quamdam
310 2001 665 2045 resurrectionem
690 2009 963 2045 mortuorum
992 2002 1035 2044 in
1052 2010 1258 2046 aeternam
1281 2002 1431 2056 vitam,

10 2066 15 2072 ’
52 2081 152 2115 ante
174 2073 533 2115 resurrectionem
553 2079 827 2115 mortuorum
841 2071 887 2114 in
909 2080 1114 2115 aeternam
1137 2072 1267 2115 vitam
1288 2091 1332 2116 3«
1351 2074 1438 2116 Ve-

56 2159 76 2182 »
111 2141 175 2184 nit
195 2141 318 2194 hora,
343 2141 500 2201 inquit.
525 2159 544 2181 n
574 2143 638 2184 Tu
660 2140 814 2199 procul
827 2141 961 2185 dubio
978 2141 1173 2185 imbutus
1186 2143 1272 2185 fide
1293 2158 1437 2186 resur·

53 2212 254 2256 rectionis
269 2211 424 2265 carnis,
445 2212 701 2271 expectabas
717 2212 869 2256 horam
888 2211 1005 2256 illam
1027 2213 1121 2256 finis
1138 2213 1300 2269 saeculi,
1322 2213 1438 2258 diem

49 2283 218 2344 judicii,
257 2298 388 2343 quam
426 2299 481 2327 ne
504 2284 545 2326 in
570 2284 651 2327 isto
686 2282 783 2327 loco
817 2294 1081 2343 expectareS,
1115 2284 1298 2339 addidit,
1329 2305 1348 2328 «
1382 2289 1439 2329 Et

57 2372 77 2396 »
113 2370 231 2399 nunc
259 2363 336 2399 est.
366 2372 386 2395 »
409 2353 538 2408 Quod
559 2370 661 2413 ergo
680 2354 801 2408 dicit,
826 2357 997 2399 «Venit
1021 2357 1143 2411 hora,
1171 2375 1190 2397 »
1222 2373 1311 2401 non
1334 2356 1440 2400 dicit

54 2423 110 2469 de
125 2424 199 2470 illa
213 2427 318 2470 hora
342 2425 588 2480 novissima,
618 2444 638 2468 «
660 2425 742 2470 Ubi
768 2425 813 2469 in
836 2427 957 2485 jussu
976 2436 1018 2471 et
1041 2428 1089 2471 in
1108 2444 1215 2472 voce
1241 2428 1439 2472 Archan-

105 2511 207 2542 ¹Luc.
229 2520 283 2550 xv,
306 2509 359 2542 32.
381 2524 423 2533 0-
447 2516 460 2532 ²
483 2512 575 2542 Joan.
602 2519 634 2550 v,
656 2509 708 2542 25.
739 2526 778 2532 —
805 2508 882 2543 ³1d.
905 2511 1019 2553 x1,43,
1041 2514 1116 2544 Luc.
1138 2524 1195 2554 vn,
1219 2514 1270 2554 ¹4³
1293 2517 1325 2545 et
1343 2515 1439 2545 Marc.

0 2555 1 2586 ἕ
60 2576 93 2605 v,
118 2563 173 2606 (μ.

240 2618 380 2648 cxxii.
1235 2611 1282 2649 13
