1825 3214
316 254 356 279 m
391 250 563 278 somnis
595 251 900 286 EVANGELIL‘M,
935 252 1080 278 ‘ram-:in
1120 252 1191 278 xx.
1360 241 1442 278 213

69 317 187 377 quod
211 316 305 360 vult
331 336 338 361 ;
363 315 596 375 aliquando
618 325 761 359 autem
781 316 837 358 sie
861 326 923 359 est
945 316 1090 368 homo,
1112 326 1156 359 ut
1182 317 1306 375 possit
1326 318 1445 376 quod

62 387 157 432 vult
174 403 181 428 :
200 388 343 447 itaqu(¹
361 386 476 430 aliud
493 397 555 429 est
575 402 663 430 esse
681 387 826 445 ipsius,
844 385 961 430 alind
978 402 1099 445 posse
1116 387 1260 444 ipsius.
1276 388 1316 431 Si
1330 388 1445 431 enim

65 459 146 503 hoe
172 466 282 501 esset
310 473 398 501 esse
431 458 560 515 ipsius
582 493 592 509 ‚
619 456 738 517 quod
763 466 825 500 est
851 472 973 511 posse
1010 457 1138 515 ipsius
1156 492 1166 509 ,
1193 473 1292 501 eum
1316 457 1447 502 vellet

65 538 218 589 posset.
246 532 355 572 Deus
379 538 525 571 autem
557 528 626 572 eui
660 543 746 572 non
773 536 835 571 est
864 527 944 571 alia
973 527 1212 571 substantia
1236 537 1283 570 ut
1311 529 1378 583 sit,
1406 538 1448 573 et

64 600 142 644 alia
163 609 347 659 potestas
367 610 414 643 ut
431 600 577 659 possit,
599 600 672 643 sed
689 598 1057 643 consubstantiale
1076 598 1135 643 illi
1155 608 1217 642 est
1231 598 1448 659 quidqnid

63 672 153 731 ejus
171 681 249 724 est,
269 680 309 714 et
329 671 542 731 quidquid
563 680 648 726 est3
673 671 774 731 quia
794 674 905 714 Deus
923 679 1002 720 est.
1018 686 1104 714 non
1123 670 1206 714 alio
1222 671 1352 714 modo
1367 680 1445 724 est,

63 751 107 786 et
129 741 212 785 alio
242 741 371 785 modo
401 750 563 801 potes13
590 741 663 785 sed
686 756 776 786 esse
797 750 839 784 et
862 756 985 800 posse
1011 740 1138 784 simul
1162 741 1317 797 habet,
1348 743 1450 801 quia

63 811 173 856 velle
197 821 237 855 et
264 812 401 856 faeere
439 811 565 855 simul
600 811 745 855 habet.
780 812 886 864 Quia
916 824 1017 869 ergo
1048 813 1239 871 potentia
1272 811 1368 857 Filii
1396 812 1450 857 de

64 886 189 927 Patre
211 891 290 935 est,
323 882 420 925 ideo
451 892 492 925 et
531 883 770 926 substantia
796 881 892 926 Filii
915 882 969 926 de
1000 887 1123 927 Patre
1152 894 1245 929 est:
1284 894 1326 929 et
1348 885 1449 944 quia

63 953 301 997 substantia
328 951 423 995 Filii
442 951 496 995 de
521 956 661 1007 Patre,
690 953 788 997 ideo
813 954 1004 1012 potentia
1024 954 1121 998 Filii
1144 955 1198 998 de
1226 958 1352 999 Patre
1369 965 1448 1000 est.

62 1027 159 1070 Non
173 1023 252 1068 alia
276 1023 470 1082 potentia
493 1032 555 1067 est
577 1025 620 1067 in
648 1024 772 1077 Filio,
801 1034 843 1068 et
870 1024 949 1068 alia
973 1025 1208 1069 substantia
1231 1045 1239 1070 ε
1265 1026 1338 1070 sed
1361 1027 1451 1086 ipsa

63 1104 126 1139 est
148 1094 339 1153 potentia
363 1110 461 1153 quae
484 1094 803 1151 etsubstantia3
827 1095 1065 1138 substantia
1088 1105 1137 1139 ut
1159 1096 1226 1149 sit,
1255 1098 1448 1155 potentia

62 1176 107 1209 ut
132 1165 277 1224 possit.
298 1167 412 1223 Ergo
426 1165 525 1224 quia
546 1164 678 1208 Filius
699 1164 752 1208 de
771 1168 894 1209 Patre
911 1174 989 1219 est,
1016 1165 1113 1210 ideo
1131 1165 1254 1221 dixit,
1277 1186 1294 1208 «
1315 1167 1446 1212 Filius

67 1254 87 1276 »
122 1251 210 1280 non
230 1244 370 1294 potest
393 1251 416 1278 a
439 1250 482 1296 se
512 1233 652 1278 faeere
667 1235 926 1296 quidquam.
948 1254 968 1277 »
989 1237 1100 1289 Quia
1123 1252 1213 1281 non
1233 1246 1296 1281 est
1315 1237 1449 1282 Filius

64 1321 87 1349 a
109 1321 168 1358 se,
191 1306 289 1349 ideo
313 1321 400 1350 non
424 1314 565 1365 potest
585 1322 607 1350 a
623 1320 682 1350 56.

123 1378 175 1419 V.
205 1374 386 1419 Videtur
411 1376 525 1419 enim
549 1376 672 1435 quasi
700 1375 911 1420 minorem
935 1391 978 1420 se
1000 1376 1153 1421 fecisse
1178 1392 1279 1422 cum
1306 1378 1412 1422 dixit
1439 1398 1447 1422 :

68 1465 88 1488 «
121 1449 217 1491 Non
241 1455 380 1505 potest
405 1446 538 1489 Filius
561 1462 583 1489 a
606 1461 649 1489 se
674 1445 813 1490 facere
836 1446 1094 1506 quidquam,
1115 1448 1196 1491 nisi
1228 1448 1347 1508 quod
1384 1449 1451 1493 vi-

66 1535 87 1558 »
121 1518 233 1562 derit
258 1521 427 1561 Patrem
447 1516 691 1561 facientem.
722 1536 741 1558 »
770 1519 849 1562 Hic
872 1518 996 1577 erigit
1013 1520 1221 1563 cervicem
1248 1520 1450 1564 haeretica

62 1589 249 1642 vanitas,
288 1604 437 1632 eorum
456 1587 617 1631 seilicet
641 1588 717 1646 qui
758 1587 910 1632 dicunt
937 1589 1095 1632 Filium
1118 1589 1330 1633 minorem
1361 1605 1449 1634 6556

63 1675 193 1719 quam
219 1661 406 1712 Patrem,
443 1658 619 1702 minoris
643 1660 879 1717 potestatis,
912 1660 1158 1718 majestatiS,
1184 1660 1449 1718 possibilita-

64 1731 132 1784 tis,
170 1745 257 1773 non
291 1729 581 1786 intelligentes
617 1729 869 1786 mysterium
900 1730 1132 1773 verborum
1158 1731 1331 1775 Christi.
1371 1735 1452 1776 At-

65 1800 214 1844 tendat
239 1809 383 1843 autem
405 1799 602 1843 Charitas
625 1801 791 1853 Vestra,
828 1808 871 1842 et
901 1800 1046 1844 videte
1079 1801 1452 1860 quemadmodum

64 1871 108 1914 in
132 1870 289 1914 carnali
322 1884 398 1913 suo
429 1868 654 1912 intellectu
677 1868 808 1913 modo
841 1869 1074 1914 turbentur
1101 1871 1147 1914 in
1183 1872 1283 1931 ipsis
1310 1873 1452 1916 verbis

65 1941 237 1986 Christi.
266 1942 358 1983 Hoc
377 1948 522 1983 autem
545 1938 677 1998 paulo
695 1949 795 1983 ante
809 1939 1073 1999 praelocutus
1096 1948 1207 1996 su‘m,
1229 1944 1330 2003 quia
1357 1959 1452 1988 om-

65 2011 134 2054 nia
154 2026 350 2070 perversa
374 2009 504 2054 corda
528 2010 746 2068 pertubat,
773 2011 884 2054 sicut
905 2011 974 2070 pia
1004 2011 1134 2056 corda
1158 2023 1325 2058 exercet
1353 2031 1453 2059 ver-

67 2081 173 2125 bum
200 2081 296 2134 Dei,
322 2080 505 2124 maxime
533 2080 652 2138 quod
672 2095 747 2138 per
775 2082 989 2124 Joannem
1009 2081 1311 2140 evangelistam
1346 2083 1456 2129 diei-

68 2160 153 2195 tur.
174 2150 271 2195 Alta
285 2151 399 2193 enim
414 2165 488 2207 per
510 2148 634 2192 illum
649 2149 871 2206 dicuntur,
890 2168 977 2195 non
991 2152 1341 2214 qualiacumque,
1361 2171 1451 2200 non

68 2237 166 2282 quse
184 2220 310 2265 facile
326 2218 638 2277 intelligantur.
653 2223 762 2264 Ecce
779 2222 868 2281 jam
891 2223 1119 2267 haereticus
1141 2224 1174 2268 si
1200 2223 1311 2269 forte
1332 2225 1454 2270 audit

67 2295 197 2338 verba
221 2294 320 2346 ista,
345 2290 470 2349 erigit
487 2306 546 2345 se,
573 2300 615 2334 et
637 2290 744 2335 (licit
766 2293 889 2338 nobis
909 2313 917 2338 z
934 2297 1046 2338 Ecce
1068 2295 1211 2340 minor
1231 2305 1294 2340 est
1316 2295 1453 2340 Filius

68 2379 201 2425 quam
221 2366 361 2415 Pater,
382 2375 481 2404 ecce
495 2359 596 2404 audi
618 2362 750 2405 verba
774 2362 888 2417 Filii,
914 2364 990 2423 qui
1007 2364 1127 2418 dicit,
1155 2385 1174 2407 «
1198 2368 1294 2411 Non
1314 2376 1454 2425 potest

72 2453 92 2476 »
128 2433 262 2478 Filius
285 2448 306 2476 a
329 2447 373 2475 se
395 2431 536 2475 facere
559 2431 817 2491 quidquam,
842 2433 920 2476 nisi
938 2434 1068 2493 quod
1099 2434 1256 2479 viderit
1284 2439 1453 2479 Patrem

27 2528 39 2538 ·
73 2523 92 2546 η
131 2504 376 2548 facientem.
415 2520 434 2542 »
469 2504 660 2560 Expecta
694 2502 1066 2562 quemadmodum
1105 2506 1310 2564 scriptum
1344 2514 1406 2549 est
1443 2524 1450 2548 :
