1809 3173
376 149 456 187 228
821 154 854 185 S.
891 154 1119 184 Aucos'rtm
1155 157 1334 184 EMSCOPI

376 243 397 266 »
431 222 693 267 monstrabit
707 222 747 265 ei
761 237 908 281 opera.
936 240 956 263 υ
982 223 1018 265 Ο
1034 222 1215 266 Domine
1234 225 1337 266 Jesu
1357 222 1542 278 Christe,
1564 222 1755 267 Salvator

369 302 530 348 noster,
549 292 743 336 Verbum
761 292 837 336 Dei
859 308 935 352 per
957 291 1077 352 quod
1104 292 1217 337 facta
1239 302 1339 337 sunt
1359 293 1519 348 omnia,
1546 293 1653 353 quid
1676 293 1756 337 tibi

369 368 494 409 Pater
511 362 883 408 demonstraturus
904 372 968 407 est
983 361 1102 422 quod
1120 362 1263 409 adhuc
1281 365 1416 409 nescis
1430 366 1446 408 Ρ
1462 363 1569 424 quid
1590 373 1629 407 te
1651 363 1756 408 latet

367 434 651 494 Patris?quid
672 443 714 478 te
726 433 832 478 latet
848 434 893 477 in
912 436 1053 489 Patre,
1080 449 1212 492 quem
1232 450 1322 479 non
1343 435 1449 479 latet
1473 438 1599 478 Pater
1617 436 1634 478 P
1656 449 1755 493 quae

366 520 495 565 opera
517 504 597 549 tibi
625 505 786 564 majora
812 504 1189 548 demonstraturus
1209 507 1305 548 est?
1328 515 1402 549 aut
1424 505 1582 564 quibus
1609 504 1751 563 operi-

365 576 449 621 bus
470 577 740 636 majorasunt
767 590 865 635 quae
886 575 1261 618 demonstraturus
1280 576 1372 618 est?
1400 577 1511 619 Cum
1540 574 1656 618 enim
1681 574 1751 617 di-

364 647 457 702 xit,
497 665 518 688 «
556 647 717 705 majora
748 644 836 700 his,
871 662 890 685 »
923 643 1133 687 debemus
1166 644 1283 702 prius
1316 643 1557 702 intelligere
1592 644 1755 704 quibus

363 719 543 778 majora.
1231 775 1235 778 ἡ

425 791 502 832 VI.
538 787 838 832 Recordemur
866 785 984 830 unde
1013 800 1154 830 sermo
1194 785 1272 830 iste
1306 787 1526 845 processit.
1565 785 1752 839 Quando

363 868 539 905 curatus
556 868 618 903 est
640 858 711 902 ille
735 858 811 917 qui
828 857 1002 916 triginta
1023 866 1066 901 et
1089 867 1187 902 octo
1207 873 1341 902 annos
1363 857 1554 901 habebat
1574 858 1620 901 in
1637 857 1755 901 infir-

361 932 526 986 mitate,
551 939 594 974 et
609 929 736 990 jussit
764 944 866 973 eum
893 928 1060 973 salvum
1094 928 1246 973 tollere
1277 930 1505 988 grabatum
1530 943 1681 984 suum,
1708 938 1751 973 ct

363 1003 424 1047 ire
441 1002 486 1046 in
502 1002 684 1047 domum
701 1017 839 1046 suam.
862 1001 974 1045 Hinc
996 1001 1112 1045 enim
1127 1000 1269 1045 Judaei
1287 1002 1512 1055 commoti,
1533 1017 1632 1046 cum
1651 1002 1753 1062 qui-

362 1074 445 1118 bus
462 1072 747 1133 loquebatur3
764 1074 781 1131 (
797 1072 1062 1133 loquebatur
1077 1072 1236 1127 verbis,
1256 1082 1298 1115 ct
1312 1072 1482 1117 tacebat
1495 1073 1720 1117 intellectu
1738 1094 1749 1131 ‚-

363 1144 556 1205 quodam
578 1143 709 1189 modo
733 1143 1311 1201 innuebatintelligentibus⁷
1339 1143 1508 1189 celabat
1528 1144 1752 1188 irascenti-

363 1215 472 1273 bus3
509 1215 612 1259 hinc
649 1229 752 1272 ergo
793 1229 895 1258 cum
928 1223 1069 1258 essent
1101 1215 1306 1258 commoti
1342 1217 1365 1257 J
1371 1213 1499 1268 udaei,
1542 1215 1642 1273 quia
1667 1215 1750 1259 hoc

363 1286 545 1330 sabbato
575 1285 785 1329 Dominus
815 1283 996 1339 faceret,
1023 1283 1241 1328 dederunt
1268 1284 1537 1328 occasionem
1566 1285 1754 1329 sermoni

362 1356 481 1400 huic.
507 1358 605 1401 Non
619 1370 721 1414 ergo
744 1355 801 1399 sic
824 1354 1050 1399 audiamus
1068 1355 1160 1399 haec
1183 1364 1388 1414 tanquam
1409 1353 1532 1398 obliti
1556 1371 1654 1414 quae
1675 1370 1750 1399 su·-

361 1441 440 1486 pra
461 1426 577 1471 dicta
599 1435 715 1481 sunt,
742 1425 817 1470 sed
839 1425 1116 1484 respiciamus
1146 1424 1272 1469 illum
1294 1424 1552 1482 languidum
1574 1425 1753 1483 triginta

360 1506 407 1541 et
427 1507 526 1542 oeto
543 1512 758 1541 annorum
784 1496 929 1541 subito
947 1495 1111 1540 factum
1135 1511 1305 1549 sanum,
1331 1494 1646 1540 admirantibus
1669 1499 1693 1540 J
1699 1513 1750 1540 u-

365 1568 468 1613 daeis
501 1578 544 1613 et
564 1568 863 1614 irascentibus.
891 1568 1159 1621 Quaerebant
1185 1567 1385 1610 tenebras
1414 1567 1551 1625 magis
1579 1567 1634 1610 de
1656 1568 1756 1611 sab-

366 1640 486 1695 bato,
511 1655 640 1700 quam
674 1639 825 1682 lumen
852 1637 907 1681 de
939 1637 1166 1681 miraculo.
1189 1636 1263 1680 His
1291 1651 1391 1694 ergo
1426 1635 1755 1695 indignantibus

363 1710 564 1770 loquens,
590 1710 648 1755 ait
665 1710 765 1762 hoc,
790 1729 809 1751 «
834 1710 998 1768 Majora
1020 1708 1086 1752 his
1110 1707 1426 1752 demonstrabit
1447 1708 1484 1750 ei
1506 1723 1650 1766 opera.
1678 1709 1755 1753 His

370 1798 392 1822 »
427 1781 617 1840 majora:
646 1798 665 1821 »
688 1779 850 1839 quibus
867 1780 884 1819 ⁸?
906 1777 1036 1831 Quod
1059 1777 1223 1821 vidistis
1246 1778 1468 1821 hominem
1497 1776 1661 1822 factum
1686 1794 1754 1822 sa-

366 1866 490 1906 num,
513 1851 632 1910 cujus
655 1848 839 1906 languor
864 1848 1096 1891 duraverat
1129 1863 1267 1906 usque
1306 1846 1360 1890 ad
1383 1847 1558 1905 triginta
1586 1857 1630 1892 et
1656 1857 1754 1894 octo

368 1937 520 1977 annos,
558 1921 622 1965 his
648 1921 817 1979 ,majora
846 1922 972 1962 Pater
1006 1917 1380 1962 demonstraturus
1403 1928 1466 1962 est
1492 1918 1618 1963 Filio.
1647 1922 1755 1973 Quae

370 2002 471 2038 sunt
498 1992 693 2051 mojora?
715 1989 925 2049 sequitur,
956 1997 997 2032 et
1016 1988 1121 2032 dicit
1147 2008 1155 2032 ;
1185 2006 1204 2028 «
1224 1988 1343 2032 Sicut
1365 1989 1478 2032 enim
1515 1992 1640 2033 Pater
1661 2005 1756 2034 sus-

372 2083 393 2106 »
429 2064 532 2109 citat
556 2071 750 2107 mortuos
770 2070 812 2105 et
833 2060 1038 2111 vivificat,
1059 2060 1118 2104 sic
1141 2069 1184 2103 et
1206 2059 1340 2103 Filius
1362 2075 1470 2119 quos
1494 2059 1589 2104 vult
1612 2061 1754 2105 vivifi-

373 2152 394 2175 »
429 2144 512 2179 cat.
538 2152 558 2175 >›
585 2133 717 2177 Plane
740 2133 899 2191 majora
926 2139 1028 2174 sunt
1061 2130 1155 2173 ista.
1189 2130 1324 2173 Valde
1353 2130 1468 2173 enim
1500 2129 1597 2189 plus
1620 2141 1683 2175 est
1706 2139 1755 2175 ut
1806 2153 1809 2161 ι

371 2212 563 2261 resurgat
584 2212 798 2256 mortuus,
821 2216 953 2260 quam
975 2209 1024 2244 ut
1048 2199 1319 2244 convalescat
1341 2209 1530 2258 aegrotus
1558 2219 1566 2244 :
1592 2201 1753 2260 majora
1805 2204 1807 2234 ἱ

371 2283 473 2318 sunt
494 2274 586 2318 ista.
611 2273 696 2318 Sed
717 2271 894 2332 quando
916 2287 964 2314 ea
988 2274 1114 2314 Pater
1137 2270 1509 2314 demonstraturus
1527 2280 1591 2314 est
1613 2270 1754 2315 Filio?
1804 2324 1806 2333 ‚

371 2345 515 2390 Nescit
537 2343 651 2388 enim
674 2359 722 2386 ea
744 2343 894 2397 Filius,
915 2351 957 2385 et
972 2340 1044 2384 ille
1067 2341 1142 2400 qui
1159 2340 1438 2399 loquebatur,
1463 2356 1551 2385 non
1574 2350 1754 2385 noverat
1804 2377 1805 2380 ,

373 2423 567 2460 mortuos
608 2413 848 2458 suscitare?
888 2410 1030 2455 adhuc
1069 2410 1260 2454 habebat
1296 2410 1459 2455 discere
1503 2402 1753 2454 resuscitare

375 2494 586 2541 mortuOS,
612 2500 688 2544 per
707 2498 838 2544 quem
862 2482 975 2528 facta
997 2491 1098 2527 sunt
1113 2482 1290 2527 omnia?
1311 2482 1386 2541 qui
1418 2480 1521 2526 fecit
1552 2490 1601 2526 ut
1631 2481 1751 2527 vive·
1808 2524 1809 2529 ,

751 2645 772 2660 O
