1825 3214
292 256 336 282 m
370 254 543 282 JoANNts
578 251 883 289 ενΑΝοηωΜ,
918 251 1064 280 TnAcT.
1102 252 1199 279 xiii.
1357 238 1438 276 105

54 322 227 369 Christo
252 336 354 364 esse.
382 322 478 364 ,lam
503 318 667 363 dixerat
690 318 886 378 superius
913 337 921 362 ;
947 337 966 358 «
992 320 1077 362 Nos
1095 331 1245 361 omnes
1267 315 1322 360 de
1344 315 1440 376 ple-

58 413 77 435 »
113 391 312 438 nitudine
337 393 427 452 ejus
451 391 692 451 accepimus
708 392 736 433 ¹.
766 408 784 431 »
808 392 863 435 Et
886 390 968 434 hoc
986 388 1184 434 confiteri
1208 391 1343 432 Deum
1359 396 1437 431 est.

53 463 285 518 Quomodo
316 464 431 507 enim
455 477 604 508 omues
626 462 822 506 homiues
846 460 899 505 de
922 460 1195 521 plenitudine
1218 461 1307 519 ojus
1332 461 1443 504 acci-

56 536 204 595 piunt,
244 535 324 578 uisi
358 533 430 577 ille
464 534 518 578 sit
551 536 663 577 Deus
678 536 695 575 ¹?
729 535 837 576 Nam
867 532 900 575 si
932 532 991 575 sic
1014 530 1085 575 ille
1107 531 1240 575 homo
1272 539 1321 574 ut
1354 546 1441 574 non

54 609 166 650 Deus
185 640 195 659 ‚
221 605 276 649 de
298 603 573 664 plenitudine
597 604 672 647 Dei
695 602 850 662 accipit
880 602 1009 647 etiam
1040 602 1128 660 ipse
1145 637 1156 656 ‚
1197 610 1240 644 et
1273 601 1331 645 sic
1354 616 1442 644 non

51 679 165 720 Deus
201 685 281 720 est.
310 676 351 720 Si
388 684 532 719 autom
556 689 706 719 onmes
730 674 926 718 homines
955 673 1020 717 'de
1058 672 1331 732 plenitudine
1352 673 1443 731 ejus

52 747 302 806 accipiunt,
329 745 400 790 itte
417 754 483 790 est
506 747 621 800 sons,
644 744 707 789 illi
731 745 944 789 hibentes.
966 744 1050 797 Qui
1076 744 1235 788 hibunt
1258 743 1440 798 sontem,

50 826 92 861 et
115 817 232 861 sitire
256 825 437 876 possunt
465 826 508 860 et
530 816 680 860 bibere
709 835 717 861 ε
745 814 841 860 fons
870 829 1098 875 nunquam
1123 815 1238 870 sitit,
1263 815 1360 858 fons
1377 829 1444 858 se-

51 889 142 948 ipso
166 904 254 932 nou
294 897 406 947 eget.
439 891 579 932 Fonte
603 897 732 947 egent
761 887 985 944 homines3
1021 886 1149 931 aridis
1177 886 1440 941 visceribus,

50 960 179 1004 aridis
197 959 396 1004 lancibus
410 968 595 1003 currunt
610 959 664 1003 ad
684 958 850 1004 fontem
870 968 918 1003 ut
936 958 1184 1004 reficiantur
1206 978 1216 1004 ;
1233 957 1328 1004 fons
1347 959 1442 1003 [luit

50 1039 99 1075 ut
119 1030 308 1086 reficiat3
335 1030 392 1073 ita
416 1029 626 1073 Dominus
649 1031 788 1074 Jesus.

108 1102 185 1146 lx.
210 1099 446 1145 Videamus
464 1115 567 1159 ergo
591 1100 696 1160 quid
719 1099 989 1159 responderit
1006 1102 1195 1144 Joannes
1221 1119 1229 1144 :
1254 1118 1274 1142 «
1301 1102 1444 1143 Vene-

51 1189 71 1211 »
108 1179 210 1216 runt
232 1171 287 1214 ad
311 1173 526 1216 Joannem
547 1206 558 1225 ‚
584 1179 627 1215 et
649 1170 854 1215 dixerunt
873 1171 946 1215 ei:
970 1170 1112 1215 Rabbi
1130 1205 1140 1225 ‚
1162 1170 1238 1230 qui
1261 1178 1353 1214 erat
1376 1179 1442 1213 te-

52 1259 72 1282 »
108 1256 210 1286 cum
234 1250 351 1286 trans
374 1241 634 1296 Jordanem,
660 1242 729 1286 cui
753 1250 802 1285 tu
827 1241 1123 1285 testimonium
1152 1240 1440 1300 perhibuisti,

53 1330 73 1353 »
108 1327 207 1357 ecce
238 1313 308 1357 hie
331 1313 549 1372 baptizat,
575 1321 617 1356 et
640 1327 790 1357 omnes
814 1311 996 1355 veniunt
1019 1310 1074 1355 ad
1097 1310 1248 1355 illum²
1275 1331 1282 1356 :
1313 1330 1332 1352 »
1360 1312 1442 1356 hoc

52 1392 116 1427 est
133 1419 143 1438 ‚
179 1383 296 1437 Quid
317 1383 456 1428 dicis?
478 1387 575 1429 Non
612 1392 714 1428 sunt
750 1381 1012 1442 prohibendi
1030 1417 1041 1437 ‚
1067 1392 1116 1427 ut
1137 1382 1193 1428 ad
1218 1392 1259 1427 te
1297 1383 1442 1443 potius

48 1455 258 1500 veniant?
283 1474 303 1496 «
330 1455 597 1516 Respondit,
623 1464 666 1499 et
700 1453 810 1499 dixit
837 1474 845 1500 :
871 1457 968 1499 Non
990 1463 1132 1514 potest
1159 1455 1292 1499 homo
1311 1455 1443 1515 quid-

51 1544 71 1566 »
107 1541 239 1586 quam
259 1526 470 1587 accipere,
492 1527 573 1571 nisi
595 1527 634 1570 ei
655 1526 808 1570 datum
826 1525 959 1571 fuerit
981 1525 1035 1569 de
1058 1525 1217 1570 coelo³.
1240 1544 1260 1566 »
1277 1529 1337 1569 De
1351 1541 1440 1585 quo

49 1599 210 1657 putatis
248 1598 332 1643 hoc
365 1599 519 1643 dixisse
552 1599 797 1642 Joannem?
820 1598 876 1641 de
905 1612 948 1641 se
971 1597 1064 1656 ipso
1091 1616 1099 1641 :
1136 1597 1268 1649 Quasi
1307 1597 1440 1641 homo

47 1669 218 1728 accepi,
254 1669 339 1723 ait,
366 1667 421 1712 de
443 1668 570 1713 coelo.
599 1667 805 1712 Intendat
826 1668 1023 1712 Charitas
1050 1669 1218 1711 Vestra.
1245 1669 1342 1712 Non
1361 1683 1440 1727 po-

51 1756 71 1780 »
108 1748 189 1783 test
211 1739 344 1783 homo
366 1738 607 1798 quidquam
631 1739 824 1797 accipere
839 1773 849 1793 ,
879 1739 958 1782 nisi
990 1737 1119 1782 fuerit
1149 1738 1187 1781 ei
1209 1737 1361 1782 datum
1385 1740 1440 1782 de

51 1829 71 1851 »
106 1809 233 1855 coelo.
261 1809 347 1869 Ipsi
367 1824 445 1855 vos
467 1809 574 1853 mihi
606 1809 905 1853 testimonium
923 1809 1162 1869 perhibetis
1179 1809 1298 1870 quod
1317 1809 1439 1854 dixe-

51 1900 71 1922 »
107 1882 186 1924 rim
205 1900 214 1925 ;
235 1883 330 1940 Ego
348 1895 438 1925 non
454 1895 549 1924 sum
572 1880 784 1925 Christus.
811 1899 832 1923 »
860 1882 1086 1942 Tanquam
1111 1880 1262 1926 dicens
1290 1901 1297 1926 :
1326 1882 1439 1934 Quid

47 1967 122 1997 vos
156 1950 335 1996 fallitis?
356 1967 431 1997 vos
472 1952 552 2011 ipsi
594 1952 702 1996 mihi
724 1951 947 2012 quomodo
990 1953 1278 2013 proposuistis
1314 1952 1438 1997 istam

47 2024 358 2085 quaestionem?
380 2022 496 2077 Quid
517 2023 623 2068 mihi
642 2023 839 2068 dixistis?
859 2043 878 2065 «
894 2024 1037 2069 Rabhi
1057 2059 1067 2079 ‚
1088 2025 1164 2084 qui
1187 2033 1278 2069 erat
1297 2033 1440 2069 tecum

51 2112 71 2135 »
108 2103 222 2138 trans
244 2092 500 2148 Jordanem,
520 2094 590 2138 cui
613 2102 660 2138 tu
682 2094 981 2139 testimonium
1004 2094 1278 2155 perhibuisti.
1303 2114 1322 2136 »
1337 2097 1442 2140 Nos-

49 2166 101 2210 tis
123 2180 224 2224 ergo
251 2164 381 2224 quale
407 2165 703 2210 testimonium
731 2164 794 2209 illi
815 2165 1020 2225 perhibui
1049 2185 1056 2210 ;
1090 2166 1223 2211 modo
1245 2165 1440 2210 dicturus

49 2251 144 2280 sum
166 2251 256 2281 non
278 2250 368 2280 esse
401 2234 525 2285 illum
544 2270 554 2290 ‚
587 2250 720 2295 quem
743 2234 831 2279 dixi
853 2237 977 2280 esse?
1000 2239 1117 2296 Ergo
1149 2237 1252 2296 quia
1274 2236 1439 2298 aliquid

49 2307 193 2367 accepi
215 2306 270 2351 de
290 2306 402 2351 coelo
430 2304 480 2351 ut¹
498 2305 663 2367 aliquid
693 2322 826 2351 essem
843 2342 854 2362 ,
880 2307 1054 2352 inanem
1078 2323 1147 2353 me
1170 2308 1301 2353 vultis
1325 2323 1436 2364 esse,

49 2388 98 2424 ut
120 2379 273 2438 loquar
300 2386 452 2423 eontra
484 2379 741 2422 veritatem?
761 2397 781 2420 «
806 2380 903 2424 Non
926 2388 1070 2439 potest
1091 2381 1224 2425 homo
1244 2380 1439 2440 accipere

52 2467 72 2491 »
106 2449 363 2510 quidquam,
382 2449 462 2493 nisi
483 2448 614 2494 fuerit
632 2448 694 2491 illi
717 2448 869 2493 datum
891 2449 945 2494 de
971 2449 1100 2496 coelo.
1129 2452 1214 2511 Ipsi
1236 2466 1310 2496 vos
1329 2450 1435 2494 mihi

53 2538 72 2562 n
107 2520 400 2564 testimonium
437 2520 671 2579 perhibetis
701 2520 822 2579 quod
855 2519 1068 2566 dixerim:
1106 2525 1199 2581 Ego
1228 2537 1319 2566 non
1339 2535 1436 2564 sum

97 2611 105 2627 ¹
126 2606 208 2637 Joan
227 2616 251 2646 1,
275 2605 324 2637 16.
348 2603 447 2638 -1d.
467 2615 519 2645 ιιι,
535 2604 588 2637 26.
618 2620 658 2626 -·-
685 2601 798 2636 ³1bid.
820 2613 876 2647 27.
