1825 3214
286 216 323 239 im
360 211 533 240 magmis
570 212 800 239 κνΛΑιΑειΑι
820 216 872 249 n,
910 212 1054 240 ἰ-ιιΛιτι.
1095 217 1171 241 xxx
1189 218 1215 240 ι.
1350 204 1425 240 3οΙ

50 297 68 316 »
107 280 209 322 cst&
245 295 264 317 »
297 281 375 321 isia
413 278 636 332 revelatio,
664 279 749 337 ipsa
773 288 834 321 cst
866 281 1078 323 attractio.
1119 284 1300 323 ltamum
1330 280 1435 322 viri-

46 349 143 392 ‹leni
169 350 358 393 ostendis
388 351 478 402 ovi,
513 360 555 394 et
585 350 716 394 trahis
755 349 887 393 illam.
915 353 1054 394 Nuces
1079 367 1212 410 puero
1237 352 1435 396 d‹·inons-

46 428 229 474 trantur,
255 430 298 464 ct
323 420 504 463 trabitur
531 440 538 464 2
561 430 602 464 et
621 436 709 481 quo
731 421 867 464 currit
898 422 1100 474 trahitur,
1129 423 1315 466 amando
1347 432 1434 466 tra-

45 490 176 545 hitur,
196 492 284 534 sinc
307 490 480 534 laesionc
510 493 701 551 corporis
726 492 925 546 trahitur,
959 491 1100 535 cordis
1135 491 1312 535 vinculo
1348 502 1437 537 tra-

43 561 171 605 hitur.
198 563 238 607 Si
263 578 365 621 ergo
381 563 458 606 ista
478 579 576 623 quze
592 563 701 606 inter
715 562 888 607 delicias
910 573 952 607 et
976 563 1220 622 voluptates
1245 572 1434 608 terrenas

43 632 290 678 revelantur
303 635 564 686 amantibus,
587 635 788 691 trabunt3
806 635 1010 694 quoniam
1026 649 1176 678 verum
1192 643 1270 689 est,
1289 636 1437 680 Trahit

42 720 116 748 sua
149 720 370 765 quemque
400 705 614 765 voluptas,
647 721 734 749 non
772 707 901 749 trabit
936 705 1148 750 revelatus
1183 706 1379 751 Christus
1413 723 1435 752 a

47 778 201 820 Patre?
233 776 347 829 Quid
371 777 486 820 enini
515 777 666 821 l'ortius
702 777 918 821 desiderat
950 779 1091 822 anima
1119 793 1250 839 quam
1274 778 1434 823 verita-

44 856 125 890 tem
142 849 159 888 ‘3
181 850 279 900 Quo
294 847 440 891 avidas
462 847 609 892 fauces
628 848 788 892 babere
811 848 957 903 debet,
984 847 1102 892 unde
1131 858 1281 908 optare
1303 859 1353 894 ut
1373 865 1435 894 sa-

41 933 147 962 num
169 919 223 962 sit
245 919 360 963 intus
384 919 576 978 palatum
599 919 956 979 verajudicandi,
978 920 1057 964 nisi
1075 930 1124 965 ut
1142 920 1377 966 manducet
1392 930 1447 975 et

43 989 163 1034 bibat
185 991 457 1049 sapientiam,
478 991 706 1051 justitiam,
731 992 973 1046 veritatem,
999 992 1318 1036 aeiernitatem?

100 1063 175 1104 Vl.
201 1061 282 1105 Ubi
306 1071 449 1105 autem
470 1063 582 1106 boc?
606 1062 671 1106 lbi
698 1063 868 1117 melius,
891 1063 1031 1107 verius
1056 1063 1131 1116 ibi,
1160 1062 1331 1122 plenius
1353 1063 1429 1107 ibi.

39 1133 148 1175 Nam
175 1131 236 1174 ibi
260 1130 425 1175 facilius
447 1148 673 1191 possumus
704 1135 881 1187 esurire,
908 1143 950 1177 et
974 1134 1055 1178 hoc
1072 1134 1105 1177 si
1130 1133 1288 1177 bonam
1312 1148 1433 1193 spem

42 1202 267 1256 habemus,
293 1218 424 1262 quam
448 1203 591 1246 satiari
618 1223 625 1247 :
657 1223 674 1244 «
706 1204 823 1248 Beati
845 1205 983 1258 enini,
1027 1205 1185 1264 inquit,
1222 1205 1298 1264 qui
1332 1220 1432 1248 esu-

44 1289 64 1313 »
102 1273 219 1317 riunt
236 1283 278 1318 ct
305 1275 456 1317 sitiunt
476 1274 687 1333 justitiam
702 1279 734 1327 ²,
763 1293 781 1315 »
815 1274 888 1318 sed
914 1275 982 1319 liic
1005 1295 1012 1319 :
1037 1275 1242 1335 quoniam
1266 1285 1433 1320 satura-

41 1344 224 1397 buntur,
252 1343 327 1388 sed
351 1345 424 1387 ibi.
452 1346 554 1389 ldeo
577 1361 676 1389 cum
700 1345 888 1400 dixisset,
917 1365 936 1387 «
962 1349 1098 1391 Nemo
1125 1346 1243 1390 venit
1265 1346 1319 1390 ad
1343 1361 1429 1401 me,

44 1430 64 1454 »
100 1415 180 1459 nisi
206 1419 331 1459 Pater
347 1416 422 1476 qui
445 1416 560 1460 misit
581 1431 667 1471 me,
706 1418 878 1460 traxerit
901 1433 1018 1471 cum,
1041 1436 1059 1457 »
1090 1417 1196 1478 quid
1216 1417 1432 1477 subjecit?

45 1503 63 1526 ιι
101 1488 154 1530 Et
172 1502 252 1546 ego
275 1488 537 1532 resuscitabo
561 1503 660 1531 eum
680 1488 723 1531 in
748 1488 978 1532 novissimo
1003 1489 1072 1532 die
1089 1491 1119 1531 3.
1145 1507 1165 1530 η
1191 1487 1346 1533 Reddo
1368 1488 1431 1532 illi

41 1555 161 1616 quod
183 1567 314 1611 amat,
337 1556 473 1602 reddo
498 1558 616 1618 quod
639 1568 782 1617 sperat
805 1579 812 1604 2
840 1559 1007 1602 videbit
1025 1558 1146 1618 quod
1174 1558 1316 1603 adhuc
1342 1575 1432 1603 non

41 1626 230 1671 videndo
252 1627 463 1685 credidit3
483 1628 766 1673 manducabit
783 1629 904 1689 quod
921 1631 1070 1684 esurit⁷
1092 1629 1358 1673 saturabitur
1379 1645 1431 1674 eo

41 1697 160 1758 quod
177 1698 281 1742 sitit.
306 1700 420 1743 Ubi?
450 1702 498 1743 In
522 1699 837 1743 resurrectione
859 1709 1149 1755 mortuorum,
1175 1700 1278 1759 quia
1305 1719 1325 1742 (ε
1349 1716 1429 1760 ego

43 1786 64 1808 »
100 1770 363 1814 resuscitabo
386 1785 487 1813 eum
509 1770 553 1813 in
573 1770 801 1814 novissimo
818 1769 902 1814 die.
933 1788 953 1811 »

100 1842 199 1884 Vll.
222 1861 239 1882 α
265 1841 481 1900 Scriptum
505 1850 568 1885 est
588 1841 701 1885 enim
726 1842 769 1885 in
791 1843 1032 1901 Prophetis,
1051 1844 1107 1886 Et
1129 1852 1258 1887 erunt
1280 1856 1430 1887 omnes

44 1930 64 1952 »
100 1911 309 1956 docibiles
327 1912 401 1957 Dei
419 1914 448 1955 ⁴.
480 1931 498 1952 n
525 1915 668 1966 Quare
703 1913 787 1957 hoc
814 1913 928 1968 dixi,
952 1929 978 1958 o
1001 1912 1176 1957 Judaei‘?
1211 1917 1335 1958 Pater
1356 1930 1431 1959 vos

43 1999 131 2027 non
147 1984 319 2027 docuit:
340 1983 564 2044 quomodo
577 1984 752 2042 potestis
769 1999 838 2027 me
858 1999 1090 2043 agnoscere
1103 1986 1121 2027 ‘3
1135 1986 1297 2029 Omnes
1312 1985 1435 2043 regni

43 2054 157 2098 illius
178 2055 376 2099 homines
411 2054 620 2098 docibiles
663 2055 739 2098 Dei
777 2065 926 2109 erunt,
965 2071 1054 2100 non
1091 2057 1146 2100 ab
1183 2056 1435 2100 hominibus

49 2124 241 2168 audient.
266 2128 321 2169 Et
341 2126 373 2168 si
397 2125 452 2168 ab
472 2125 721 2169 hominibus
743 2127 943 2180 audiunt,
971 2135 1116 2170 tamen
1139 2126 1259 2187 quod
1279 2125 1437 2170 intelli-

50 2206 184 2255 gunt,
211 2197 328 2241 intus
352 2196 506 2251 datur,
533 2198 649 2240 intus
672 2207 896 2253 coruscat,
921 2198 1039 2242 intus
1062 2198 1291 2243 revelatur.
1319 2197 1437 2251 Quid

49 2269 214 2313 faciunt
245 2269 441 2313 homines
460 2267 695 2313 forinsecus
722 2270 1061 2314 annuntiantes?
1095 2270 1202 2329 quid
1222 2269 1335 2315 facio
1355 2285 1437 2328 ego

50 2341 182 2384 modo
205 2356 303 2384 curn
339 2340 527 2399 loquor?
560 2339 795 2398 Strepitum
825 2341 1057 2385 verborum
1080 2341 1230 2400 ingero
1261 2340 1437 2385 auribus

50 2413 215 2456 vestris.
245 2412 328 2456 Nisi
351 2428 454 2470 ergo
479 2411 639 2455 revelet
658 2411 728 2454 ille
745 2412 820 2471 qui
842 2412 959 2456 intus
982 2423 1043 2457 cst
1060 2448 1070 2467 ‚
1092 2412 1200 2473 quid
1223 2412 1336 2465 dico,
1363 2419 1438 2455 aut

54 2483 159 2543 quid
189 2483 375 2543 loquor?
398 2484 594 2527 Exterior
619 2483 761 2527 cultor
782 2483 946 2528 arboris
963 2519 974 2539 ‚
1004 2484 1184 2529 interior
1211 2493 1276 2528 est
1303 2485 1437 2528 Crea-

104 2576 111 2590 ¹
133 2569 245 2601 Matth.
269 2579 332 2609 xvi,
356 2579 404 2610 ¹¹:-
428 2586 468 2592 —-
485 2569 558 2601 ²1d,
582 2580 614 2609 v,
629 2569 660 2600 (3.
686 2586 711 2591 -
744 2567 865 2601 3Joan.
886 2581 935 2608 vr,
954 2568 1008 2611 44.
1026 2586 1066 2593 -
1085 2568 1099 2599 4
1119 2569 1201 2601 lbid.
1221 2568 1276 2610 45.
