1809 3173
387 193 468 233 140
815 208 848 237 s.
886 209 1113 241 AUGUSTtNI
1148 215 1325 243 EPISCOPI
1628 193 1674 254 C)

385 272 480 315 luce
522 274 758 333 superiore.
792 278 886 321 Jam
923 280 1117 338 superior
1148 280 1221 325 illa
1263 282 1334 326 lux
1356 316 1366 336 ,
1407 298 1492 342 qua
1529 262 1647 327 men)
1669 285 1754 328 hu-
1806 304 1809 321 ι’

382 357 507 386 mana
529 343 819 402 illuminatur,
847 351 958 393 Deus
981 359 1042 394 est
1076 370 1084 395 ε
1114 370 1132 393 «
1158 355 1262 396 Erat
1281 354 1394 396 enim
1419 368 1569 397 verum
1592 354 1758 410 lumen,
1804 394 1809 410 -.

384 432 403 455 »
440 414 559 474 quod
583 415 799 462 illuminat
825 435 997 464 omnem
1021 422 1267 466 hominem»
1303 425 1549 468 venientem
1576 426 1620 468 in
1646 426 1763 470 hunc
1805 442 1809 471 1

384 502 404 525 »
440 484 655 530 mundum
689 489 717 530 ¹.
762 507 781 528 »
817 489 927 533 Talis
964 490 1039 534 lux
1077 492 1272 537 Christus
1306 503 1416 549 erat,
1445 493 1539 538 talis
1562 494 1636 538 lux
1664 511 1764 539 cum
1800 510 1809 542 ·’;

381 555 561 599 muliere
591 556 852 617 loquebatur
885 579 893 604 2
925 570 967 604 et
1004 561 1076 605 illa
1111 562 1335 607 intellectu
1368 580 1456 608 non
1491 564 1660 620 aderat,
1689 566 1765 626 qui

380 625 452 669 illa
484 626 580 671 luce
608 628 948 686 illuminaretur,
985 647 1064 676 nec
1102 642 1270 676 tantum
1297 635 1656 693 perfunderetur,
1689 652 1765 680 ve·
1805 663 1809 671 ·

381 713 477 740 rum
510 699 638 742 etiam
671 699 903 745 frueretur.
944 705 1058 760 Ergo
1094 704 1300 747 Dominus
1329 713 1538 763 tanquam
1570 706 1809 762 diceret‚’.

380 766 593 811 illustrare
622 769 747 824 volo,
774 781 816 814 et
837 787 925 815 non
949 772 1069 815 adest
1090 789 1236 832 quem,
1278 794 1297 815 «
1334 777 1449 820 Voca
1467 811 1477 830 ,
1508 777 1665 836 inquit⁷
1701 779 1766 821 vi·
1805 775 1809 813 ἔ

383 855 402 878 n
439 854 534 882 rum
572 849 694 883 tuum
739 861 745 884 :
789 861 806 881 »
839 842 997 886 adhibe
1023 843 1294 888 intellectum
1329 862 1405 905 per
1443 862 1572 906 quem
1606 849 1766 893 docea—
1806 874 1809 884 ι

380 908 455 962 ris,
496 925 584 968 quo
630 912 800 967 regaris.
844 916 959 971 Ergo
997 915 1213 958 constitue
1255 917 1440 960 animam
1483 928 1665 978 excepto
1694 919 1764 962 in-
1807 947 1809 954 ι

384 977 557 1022 telleetu
591 989 795 1040 tanquam
830 983 1056 1028 foeminam
1082 1004 1090 1029 :
1116 985 1386 1030 intellectum
1412 997 1556 1031 autem
1585 989 1761 1045 habere,
1806 1025 1809 1034 .

382 1057 587 1109 tanquam
620 1052 775 1096 virum.
812 1053 894 1098 Sed
925 1055 1002 1098 iste
1035 1056 1099 1099 vir
1128 1072 1215 1101 non
1249 1057 1360 1101 bene
1393 1059 1501 1115 regit
1540 1058 1764 1104 foeminam
1808 1078 1809 1105 ς

379 1135 523 1176 suam,
561 1124 641 1166 nisi
673 1140 771 1168 eum
797 1141 819 1168 a
842 1126 1059 1184 superiore
1083 1129 1259 1185 regitur.
1301 1148 1320 1171 «
1359 1131 1500 1188 Caput
1524 1131 1638 1174 enim
1662 1147 1760 1175 mu·-
1793 1159 1809 1166 v

383 1211 402 1234 >›
438 1192 551 1237 lieris
583 1195 664 1249 vir,
690 1205 821 1254 caput
847 1205 992 1241 autem
1015 1198 1095 1241 viri
1127 1199 1322 1243 Christus
1352 1202 1383 1242 ².
1428 1218 1447 1240 »
1481 1201 1765 1260 Loquebatur
1808 1220 1809 1223 ¹

380 1273 512 1323 caput
532 1265 610 1308 viri
633 1281 732 1309 cuin
762 1267 942 1311 foemina
961 1303 971 1322 ‚
1008 1278 1050 1312 et
1073 1284 1162 1313 non
1185 1270 1334 1313 aderat
1362 1270 1440 1313 vir.
1474 1274 1530 1314 Et
1556 1281 1762 1331 tanquam
1808 1298 1809 1303 =

381 1333 541 1378 diceret
567 1337 803 1381 Dominus:
840 1337 1010 1382 Adhibe
1041 1347 1171 1398 caput
1205 1349 1356 1395 tuum,
1382 1338 1432 1383 u't
1458 1340 1531 1384 ille
1562 1342 1764 1401 suscipiat

380 1414 510 1463 caput
529 1420 672 1449 suum.
700 1409 812 1464 Ergo
839 1417 871 1448 κ’
887 1410 1003 1452 Voca
1025 1410 1166 1452 virum
1185 1418 1327 1465 tuum,
1353 1419 1396 1454 et
1421 1411 1520 1454 veni
1542 1411 1649 1464 huc,
1673 1430 1692 1452 »
1718 1411 1763 1456 id

380 1484 458 1529 est,
484 1475 647 1531 adesto,
675 1492 859 1536 praesens
882 1488 972 1523 esto
994 1498 1002 1523 ε
1029 1479 1149 1524 velut
1170 1481 1286 1524 enim
1301 1481 1453 1525 absens
1471 1496 1530 1535 es,
1551 1483 1655 1525 dum
1674 1498 1763 1526 non

381 1545 582 1604 intelligis
602 1548 821 1605 praesentis
838 1563 991 1592 vocem
1008 1550 1199 1594 veritatis
1221 1570 1229 1594 :
1247 1565 1433 1610 praesens
1451 1559 1558 1606 esto,
1583 1551 1658 1596 sed
1675 1551 1764 1596 noli
1806 1592 1807 1595 ,

380 1615 469 1660 sola
492 1636 500 1661 ;
526 1632 624 1661 cum
646 1609 739 1662 'viro
761 1627 838 1663 tuo
861 1619 1025 1664 adesto.

439 1690 537 1731 XX.
560 1691 616 1732 Et
637 1688 780 1733 adhuc
796 1688 867 1734 illa
890 1691 1087 1735 nondum
1110 1691 1320 1735 advocato
1349 1691 1425 1736 illo
1448 1692 1556 1747 viro,
1582 1708 1669 1737 non
1692 1693 1763 1736 in·
1802 1749 1805 1753 ⁵

385 1756 562 1816 telligit,
585 1760 729 1803 adhue
747 1775 921 1804 carnem
938 1761 1069 1820 sapit,
1090 1762 1243 1805 absens
1272 1771 1335 1806 est
1356 1762 1470 1805 enirn
1491 1763 1556 1807 vir
1581 1782 1590 1807 :
1620 1782 1639 1804 «
1667 1764 1763 1808 Non

384 1846 403 1868 »
439 1828 602 1883 haheo,
638 1829 806 1889 inquit,
841 1833 981 1874 virum
1012 1832 1042 1873 3.
1073 1848 1092 1871 »
1129 1833 1185 1874 Et
1217 1831 1428 1875 Dominus
1462 1832 1684 1892 sequitur,
1720 1841 1764 1877 et
1801 1872 1802 1880 ,

381 1899 584 1955 mysteria
621 1898 830 1959 loqu-itur.
859 1900 1079 1959 Intelligas
1102 1916 1248 1945 revera
1271 1902 1394 1945 istam
1417 1902 1643 1946 mulierem
1676 1919 1764 1947 non
1803 1931 1809 1953 ς

381 1970 581 2014 habuisse
599 1980 704 2015 tunc
725 1972 865 2015 virum
895 1990 903 2016 :
930 1971 1003 2016 sed
1021 1972 1281 2016 coutebatur
1301 1974 1446 2018 neseio
1469 1989 1557 2033 quo
1586 1989 1676 2018 non
1697 1974 1762 2018 le-

381 2041 531 2100 gitimo
553 2043 661 2096 viro,
679 2041 878 2086 adultero
892 2042 1025 2100 magis
1044 2057 1176 2102 quam
1199 2043 1290 2086 viro
1309 2062 1317 2087 ς
1349 2063 1369 2085 «
1390 2046 1446 2087 Et
1465 2045 1675 2088 Dominus
1694 2045 1731 2088 ei
1749 2063 1758 2089 :

385 2130 404 2153 »
442 2112 552 2155 bene
574 2111 737 2166 dixisti,
767 2113 868 2172 quia
891 2127 980 2156 non
1014 2112 1155 2156 habeo
1183 2113 1342 2157 virum.
1382 2131 1401 2153 η
1430 2112 1555 2157 Unde
1579 2129 1682 2172 ergo
1713 2122 1763 2158 tu
1804 2134 1809 2170 j

382 2181 524 2226 dixisti
553 2200 561 2226 ε
592 2201 611 2223 «
641 2184 758 2226 Voca
780 2183 922 2225 virum
950 2184 1105 2226 tuum?
1132 2200 1151 2223 »
1177 2185 1233 2227 Et
1252 2182 1369 2237 angli,
1392 2183 1492 2242 quia
1509 2183 1620 2227 bene
1643 2184 1764 2228 novit
1803 2216 1805 2219 -

381 2253 590 2297 Dominus
624 2267 718 2296 eam
746 2268 834 2296 non
863 2252 1024 2296 habere
1052 2252 1193 2297 virum
1212 2288 1222 2307 ,
1259 2271 1279 2295 «
1305 2253 1418 2297 Dicit
1440 2257 1477 2296 ei
1494 2288 1505 2307 ‚
1544 2272 1564 2294 »
1592 2262 1674 2299 etc.
1700 2256 1763 2300 Ne

382 2322 493 2366 forte
529 2331 701 2381 putaret
735 2322 891 2365 mulier
928 2321 1026 2366 ideo
1063 2322 1216 2367 dixisse
1254 2323 1487 2367 Dominum
1537 2342 1545 2368 :
1589 2342 1608 2365 «
1649 2326 1764 2368 Bene

385 2411 405 2433 »
441 2392 613 2447 dixisti,
645 2393 745 2452 quia
766 2408 854 2436 non
878 2393 1019 2437 habeo
1045 2394 1211 2448 virum,
1245 2411 1265 2434 »
1291 2393 1411 2453 quod
1433 2395 1515 2438 hoc
1537 2409 1560 2437 a
1583 2394 1763 2438 muliere

384 2462 606 2518 didicerit,
624 2478 712 2507 non
735 2461 855 2522 quod
872 2463 961 2522 ipse
982 2463 1099 2507 istud
1120 2463 1345 2508 divinitate
1367 2464 1637 2522 cognoverit,
1663 2463 1763 2508 audi

432 2554 440 2571 ¹
462 2550 552 2581 Joan.
572 2559 700 2590 1‚9.—-
719 2554 730 2570 ²
753 2558 764 2579 1
784 2549 855 2579 Cor.
876 2559 920 2589 xi,
937 2549 966 2579 3.
991 2566 1031 2571 -
1054 2547 1067 2571 3
1088 2551 1245 2590 Joan.1v‚
1269 2559 1319 2590 17.
