1809 3173
332 175 413 214 472
759 184 791 213 s.
830 184 1056 216 maus-run
1090 187 1269 215 muscom

332 363 399 378 ‘vt-M
406 363 541 378 WWMA'!
546 362 606 377 vv‘n
611 362 812 378 {mmmmm
816 361 1640 380 ΜΛΔΜΜᾹΚΜῚΝἏΜΜΜΛΝἏΜΜΜΜΝΛΜΜΜ
1646 365 1709 381 m

712 511 1115 559 TRACTATUS
1148 512 1316 557 XLIII,

333 673 397 717 Ab
421 688 471 717 co
494 673 615 732 quod
637 673 845 731 scripturn
868 681 931 716 est
965 691 974 717 2
994 669 1362 731 Responderunt
1381 673 1526 734 igitar
1556 672 1718 718 Jacloei

389 753 434 788 et
452 742 677 787 dixerunt
697 744 770 787 ei:
797 759 933 803 usque
954 744 1009 786 ad
1032 741 1076 786 id
1091 778 1101 798 ,
1137 741 1368 787 Tuleraemt
1391 760 1503 804 ergo
1529 742 1715 802 lapides

388 813 551 858 Judsez'
570 823 619 857 ιιι
641 813 859 873 jacerent
881 813 929 856 ίη
950 829 1055 856 eum
1080 830 1090 857 :
1116 811 1257 858 Jeszcs
1281 822 1443 857 [tutem
1465 812 1715 858 abscondit

389 901 466 939 ser,
493 894 535 928 et
558 884 702 928 exivit
722 883 780 927 (le
801 882 990 942 templo.

391 1034 424 1075 Ι.
450 1034 495 1075 Im
520 1031 597 1074 ista
623 1029 809 1074 lectione
831 1030 967 1074 sancti
989 1030 1241 1087 Evangelii,
1266 1046 1366 1090 quae
1387 1030 1517 1074 hodie
1541 1031 1716 1075 recitata

331 1112 419 1156 est,
461 1120 482 1147 a
514 1103 704 1161 potentia
737 1102 938 1145 discimus
982 1102 1251 1160 patientiam.
1279 1101 1392 1154 Quid
1424 1102 1536 1145 enim
1571 1118 1718 1146 sumus

334 1175 444 1218 servi
482 1177 538 1217 ad
575 1174 804 1218 Dominum
824 1209 833 1227 ‚
862 1182 1106 1232 peccatores
1139 1172 1192 1216 ad
1215 1174 1408 1232 justum,
1445 1182 1638 1216 creatura
1664 1174 1717 1216 ad

333 1247 613 1290 Creatorem?
639 1247 800 1287 Tamen
823 1244 1044 1303 quomodo
1067 1244 1100 1287 si
1123 1244 1229 1303 quid
1255 1243 1354 1286 mali
1377 1258 1524 1286 sumus
1543 1278 1553 1297 ‚
1590 1260 1609 1287 a
1640 1259 1719 1287 no-

335 1316 398 1359 bis
417 1331 564 1358 sumus
591 1334 599 1358 ε
628 1316 684 1357 ita
704 1313 920 1373 quidquid
946 1315 1049 1358 boni
1074 1330 1238 1368 sumus,
1264 1314 1317 1358 ab
1339 1313 1415 1358 illo
1437 1323 1480 1357 et
1497 1329 1573 1373 per
1594 1313 1717 1357 illum

278 1400 285 1404 ·
333 1401 496 1429 sumus.
539 1388 593 1428 Et
626 1384 734 1428 nihil
763 1385 820 1428 sic
843 1385 998 1443 quaerit
1019 1385 1150 1442 homo
1185 1385 1409 1444 quomodo
1442 1385 1716 1443 potentiam:

334 1457 466 1501 habet
484 1455 717 1499 Dominum
736 1455 958 1499 Christum
981 1469 1181 1513 magnam
1206 1455 1445 1513 potentiam
1471 1475 1479 1500 :
1506 1454 1580 1499 sed
1603 1455 1720 1514 prius

335 1529 424 1587 ejus
447 1525 638 1569 imitetur
654 1526 905 1584 patientiam
921 1560 931 1580 ‚
958 1534 1007 1569 ut
1029 1527 1253 1584 perveniat
1270 1526 1324 1569 ad
1343 1527 1596 1585 potentiam.
1615 1528 1720 1579 Quis
1759 1568 1771 1583 ,

336 1607 532 1642 nostrum
567 1597 780 1655 patienter
815 1596 985 1639 audiret
1019 1597 1052 1639 si
1075 1595 1202 1639 alicui
1225 1595 1443 1640 diceretur
1467 1616 1475 1641 z
1506 1616 1524 1638 «
1549 1599 1721 1640 Daemo-

339 1686 358 1712 »
395 1668 519 1711 nium
549 1667 714 1710 habes?
735 1685 754 1706 »
781 1665 909 1719 Quod
932 1666 1098 1709 dictum
1122 1675 1186 1709 est
1206 1667 1245 1709 ei
1269 1667 1342 1725 qui
1366 1682 1455 1710 non
1477 1666 1618 1711 solum
1639 1667 1721 1711 ho-

337 1739 474 1782 mines
496 1736 716 1791 salvabat,
741 1737 815 1780 sed
838 1737 965 1780 etiam
987 1736 1260 1781 daemonibus
1282 1739 1538 1797 imperabat.

397 1813 454 1852 H.
479 1812 570 1852 Hoc
589 1809 703 1852 enim
728 1824 826 1852 cum
847 1808 1051 1851 dixissent
1074 1808 1214 1851 Judaei
1239 1829 1246 1852 :
1272 1828 1290 1849 «
1317 1812 1471 1854 Nonne
1490 1809 1601 1854 bene
1618 1811 1720 1854 dici-

340 1900 359 1921 »
396 1897 491 1924 mus
511 1895 604 1931 uos,
619 1880 719 1939 quia
745 1879 1035 1922 Samaritanus
1053 1895 1110 1933 es,
1128 1889 1170 1922 et
1192 1878 1457 1924 daemonium
1476 1881 1608 1924 habes
1626 1883 1637 1907 1
1658 1883 1676 1924 Ξ)
1700 1900 1715 1921 ι)

338 1955 504 1996 Horum
539 1951 724 1994 duorum
752 1950 829 1993 sibi
856 1951 1123 2009 objectorum
1150 1966 1284 1993 unum
1310 1951 1507 2008 negavit,
1534 1952 1719 1995 alterum

338 2039 424 2066 non
451 2022 636 2079 negavit.
666 2020 905 2079 Respondit
934 2020 1070 2073 (nim,
1102 2029 1144 2062 et
1167 2021 1251 2063 ait:
1286 2039 1304 2061 «
1339 2024 1429 2078 Ego
1451 2021 1719 2064 daemonium

342 2113 359 2133 »
398 2108 483 2135 non
520 2091 659 2134 liabeo
679 2095 708 2133 ².
743 2109 759 2130 »
788 2093 881 2133 Non
917 2090 1052 2142 dixit,
1083 2090 1373 2133 Samaritanus
1406 2106 1493 2134 non
1515 2106 1609 2134 sum
1637 2110 1646 2136 :
1677 2101 1719 2135 et

341 2165 490 2222 titique
513 2162 600 2205 duo
624 2162 794 2204 [nerant
826 2161 1010 2219 objecta.
1045 2161 1250 2212 Quamvis
1271 2160 1546 2205 maledictum
1585 2161 1720 2205 male-

338 2233 453 2277 dicto
473 2248 559 2275 non
584 2231 834 2284 reddiderit,
856 2231 1051 2289 quamvis
1069 2231 1312 2275 convicium
1336 2246 1423 2275 non
1443 2232 1638 2276 convicio
1657 2247 1719 2275 re-

339 2304 542 2348 futaverit
559 2323 566 2347 :
589 2303 796 2361 pertinuit
816 2311 957 2345 tamen
977 2301 1030 2345 ad
1049 2317 1145 2344 eum
1167 2317 1321 2359 negare
1338 2317 1468 2346 unam
1494 2317 1601 2358 rem,
1617 2302 1719 2346 alte·

339 2391 431 2420 ram
453 2390 541 2419 non
565 2389 736 2432 negare.
762 2376 858 2417 Non
879 2372 1031 2417 frustra
1052 2409 1062 2428 ,
1090 2372 1240 2417 fratres
1260 2393 1268 2418 :
1293 2374 1582 2417 Samaritanus
1602 2374 1715 2417 enim

339 2448 648 2506 interpretatur
674 2454 832 2488 custos.
870 2447 1056 2489 Noverat
1077 2460 1120 2488 se
1148 2444 1220 2488 ille
1244 2454 1438 2489 nostrum
1461 2460 1550 2489 esse
1571 2453 1715 2489 custo-

390 2539 397 2555 ¹
419 2535 510 2564 Joan.
529 2543 600 2573 vm,
622 2529 675 2572 48.
696 2547 737 2553 -
760 2530 868 2562 ²1bid.
890 2529 944 2572 49.
