1809 3173
381 184 462 227 438
815 199 849 228 s.
885 200 1116 232 AUGUSTINI
1148 206 1329 233 EPISCOPI

379 262 572 321 percepit
601 264 645 307 in
673 264 773 309 suis.
801 266 947 312 Nolite
967 269 1026 313 ita
1061 271 1272 328 cogitare,
1298 287 1352 315 ne
1379 273 1424 315 in
1460 274 1590 318 corde
1621 285 1763 320 vestro

377 331 493 375 idola
523 331 756 380 fabricetis.
792 339 1038 382 Humanam
1062 340 1269 396 formam,
1303 343 1594 387 humanorum
1627 345 1762 390 linea-

377 411 523 445 menta
538 404 850 461 membrorum,
872 408 1053 465 figuram
1071 410 1209 453 carnis
1232 412 1436 456 humanae
1453 448 1463 467 ,
1494 430 1642 458 sensus
1664 417 1764 461 istos

374 473 630 532 conspicuos
651 509 661 529 ,
705 484 913 521 staturam
948 488 1181 539 motusque
1216 484 1432 540 corporis,
1471 483 1632 543 linguae
1663 488 1763 530 ossi-

372 544 514 600 cium‚
533 544 829 591 distinctiones
855 564 1060 592 sonorum
1077 585 1087 603 ,
1114 550 1248 594 nolite
1276 552 1320 595 in
1352 553 1424 597 illa
1452 556 1660 600 Trinitate
1687 574 1763 602 co-

370 614 504 672 gitare
521 650 532 666 ,
558 616 639 660 nisi
662 619 784 676 quod
808 619 1000 677 pertinet
1015 621 1070 663 ad
1093 619 1276 665 sormam
1294 625 1425 679 servi,
1447 641 1577 685 quam
1598 630 1764 688 aceepit

371 685 620 742 unigenitus
639 686 796 741 Filius,
821 703 920 733 cum
942 690 1134 734 Verbum
1159 707 1259 736 caro
1283 693 1445 737 tactum
1469 705 1532 740 est
1558 707 1608 742 ut
1629 699 1758 742 habi-

370 764 483 800 taret
505 757 549 799 in
577 757 717 801 nobis.
742 758 806 802 lbi
830 775 919 803 non
944 768 984 802 te
1008 762 1248 820 prohibeo,
1282 765 1474 810 humana
1507 767 1760 825 infirmitas,

368 826 558 883 cogitare
581 827 701 886 quod
736 829 872 885 nosti,
898 829 987 874 imo
1020 832 1150 875 etiam
1178 835 1410 893 compello.
1441 837 1481 881 Si
1522 838 1628 882 fides
1650 840 1696 883 in
1719 849 1762 885 te

366 911 465 940 vera
489 905 573 950 est,
600 897 730 940 talem
759 900 980 944 Christum
1010 902 1153 960 cogita
1179 918 1187 944 :
1217 904 1290 948 sed
1316 922 1366 948 ex
1391 907 1526 950 Maria
1566 908 1759 967 virgine,

366 982 455 1010 non
470 965 524 1009 de
549 970 636 1011 Deo
660 971 785 1012 Patre
809 969 940 1014 talem
962 971 1118 1028 cogita.
1147 972 1295 1017 Infans
1318 974 1424 1030 fuit,
1447 978 1583 1021 crevit
1600 988 1651 1022 ut
1679 981 1762 1024 ho·-

366 1051 464 1091 mo,
491 1036 732 1082 ambulavit
749 1048 799 1082 ut
826 1040 957 1084 hoino
975 1076 986 1095 ,
1010 1043 1208 1097 esurivit,
1236 1045 1369 1088 sitivit
1408 1055 1458 1089 ut
1481 1047 1635 1103 homo,
1661 1049 1760 1093 dor-

367 1106 492 1150 mivit
513 1116 562 1152 ut
596 1109 753 1162 homo,
785 1119 1004 1168 postremo
1042 1128 1190 1171 passus
1212 1123 1261 1157 ut
1285 1115 1441 1171 homo,
1466 1133 1696 1176 suspensus
1716 1121 1761 1164 in

365 1176 508 1235 ligno,
535 1178 700 1222 occisus
715 1214 725 1234 ,
747 1179 942 1238 sepultus
966 1192 1014 1226 ut
1037 1183 1169 1227 homo
1187 1219 1197 1238 ,
1222 1185 1266 1228 in
1290 1187 1441 1230 eadem
1463 1186 1600 1232 forma
1620 1206 1762 1234 resur-

366 1248 501 1302 rexit,
528 1249 571 1290 in
595 1249 746 1292 eadem
770 1248 907 1295 forma
931 1261 1030 1295 ante
1056 1253 1206 1297 oculos
1230 1254 1543 1314 discipulorum
1569 1261 1761 1305 ascendit

366 1318 412 1361 in
445 1317 634 1372 eoelum,
670 1320 715 1362 in
745 1322 897 1364 eadem
927 1321 1066 1366 forma
1099 1334 1309 1369 venturus
1343 1336 1405 1370 est
1434 1328 1489 1371 ad
1519 1330 1752 1388 judicium.

367 1387 637 1445 Angelorum
660 1390 776 1433 enim
799 1406 882 1435 vox
906 1402 968 1436 est
990 1393 1035 1436 in
1052 1395 1288 1453 Evangelio
1311 1412 1505 1456 expressa
1535 1419 1543 1444 :
1565 1419 1585 1442 «
1610 1402 1676 1445 Sic
1691 1417 1758 1445 ve-

370 1474 391 1499 »
413 1458 504 1502 niet
521 1460 744 1517 quomodo
759 1476 859 1504 eum
876 1462 1041 1506 vidistis
1057 1474 1233 1508 euntem
1246 1467 1290 1509 in
1303 1468 1465 1511 coelum
1479 1472 1508 1512 1.
1530 1488 1549 1509 »
1571 1472 1758 1523 Quando

366 1543 468 1586 ergo
490 1528 544 1572 de
565 1530 705 1574 [orma
723 1532 832 1576 servi
849 1534 1009 1591 cogitas
1028 1535 1072 1577 in
1093 1536 1288 1591 Christo,
1316 1539 1550 1583 humanam
1569 1542 1757 1599 effigiem

367 1599 509 1658 cogita
527 1635 537 1655 ,
563 1597 596 1644 s'i
619 1611 682 1645 est
706 1602 749 1646 in
770 1612 809 1646 te
832 1604 940 1648 fides
960 1606 1163 1664 :quando
1186 1618 1333 1652 autem
1355 1611 1515 1666 cogitas
1530 1646 1540 1666 ,
1567 1615 1617 1655 In
1636 1615 1759 1671 prin-

365 1670 478 1729 cipio
501 1682 592 1716 erat
615 1674 835 1728 Verbum,
857 1685 900 1719 et
924 1677 1116 1721 Verbum
1140 1689 1230 1722 erat
1247 1680 1365 1738 apud
1391 1685 1550 1735 Deum,
1577 1692 1620 1727 et
1643 1687 1758 1728 Deus

366 1751 456 1785 erat
482 1743 699 1798 Verbum,
726 1755 873 1803 pereat
895 1745 949 1789 de
970 1747 1100 1792 corde
1124 1758 1200 1793 tuo
1218 1752 1358 1795 omnis
1382 1753 1574 1797 humana
1599 1755 1758 1812 figura-

366 1813 428 1855 tio
447 1831 455 1856 :
473 1812 662 1870 pellatur
684 1813 738 1857 de
758 1816 1097 1873 cogitationibus
1118 1820 1199 1864 tuis
1217 1820 1434 1881 quidquid
1449 1823 1535 1866 fine
1548 1840 1757 1883 corporeo

366 1883 646 1937 terminatur,
672 1884 887 1944 quidquid
909 1887 993 1930 loci
1015 1890 1154 1946 spatio
1185 1892 1433 1935 continetur
1447 1928 1457 1946 ,
1478 1894 1544 1937 vel
1569 1905 1757 1954 quanta-

364 1951 473 1995 libet
494 1953 608 1996 mole
633 1953 928 2010 diffunditur,
955 1957 1009 2000 de
1027 1958 1157 2001 corde
1179 1968 1256 2002 tuo
1274 1962 1529 2018 figmentum
1555 1964 1640 2007 tale
1667 1963 1756 2009 dis-

366 2033 528 2081 pereat.
552 2025 705 2082 Cogita
725 2060 736 2078 ,
762 2026 794 2068 si
817 2036 939 2084 potes
955 2063 965 2081 ,
996 2028 1372 2086 pulchritudinem
1404 2034 1649 2091 sapientiae,
1679 2051 1755 2079 oc·

366 2103 513 2138 currat
533 2095 612 2137 tibi
633 2095 911 2153 pulchritudo
941 2099 1135 2157 justitiae.
1160 2103 1316 2145 Forma
1339 2105 1433 2146 est?
1457 2105 1628 2148 Statura
1662 2108 1757 2150 est?

366 2163 498 2209 Color
513 2174 575 2208 est
589 2167 607 2208 ἓ)
626 2165 742 2209 Nihil
758 2166 914 2210 horum
928 2177 1005 2221 est,
1027 2178 1069 2212 et
1088 2179 1234 2214 tamen
1250 2182 1337 2216 est:
1357 2189 1458 2218 nam
1471 2174 1504 2217 si
1518 2190 1606 2218 non
1621 2185 1729 2220 esset
1741 2211 1752 2231 ,

366 2248 447 2278 nec
470 2245 704 2290 amaretur,
722 2252 803 2280 nec
829 2238 982 2282 merito
998 2238 1272 2296 laudaretur,
1297 2258 1377 2286 nec
1400 2254 1538 2288 amata
1559 2261 1638 2289 nec
1656 2246 1755 2290 lau-

366 2305 466 2349 data
479 2305 610 2349 corde
628 2308 907 2368 moribusque
922 2319 1140 2355 teneretur
1158 2331 1166 2356 ε
1181 2329 1298 2356 nunc
1309 2329 1413 2358 vero
1426 2315 1539 2359 fiunt
1556 2316 1753 2362 homines

365 2375 578 2434 sapientes
598 2397 608 2433 3
635 2378 751 2422 unde
770 2380 921 2424 fierent
940 2381 1018 2425 nisi
1036 2391 1144 2426 esset
1167 2385 1408 2441 sapientia?
1427 2389 1560 2430 Porro
1584 2397 1745 2443 autem,

366 2460 393 2489 o
414 2446 572 2502 homo,
597 2447 631 2490 si
662 2449 916 2508 sapientiam
932 2459 1052 2496 tuam
1074 2453 1222 2497 videre
1243 2456 1381 2499 carnis
1404 2456 1540 2501 oculis
1558 2472 1647 2501 non
1671 2473 1753 2517 po·-

419 2535 429 2552 ¹
449 2531 564 2571 Act.1,
588 2542 637 2562 11.
