1825 3214
304 196 342 220 m
379 192 552 220 JoANMs
587 193 817 220 enimi-:1¹11
841 198 894 231 xi,
931 194 1075 223 fater.
1115 198 1237 223 xxxi.
1365 185 1449 224 34¹.)

67 268 173 303 tunc
199 260 314 303 unde
332 269 439 304 esset
458 279 466 304 ;
489 259 729 303 seeundum
756 263 889 303 Deum
907 261 1067 304 latebat
1084 262 1252 320 impios,
1274 271 1316 305 et
1334 279 1451 322 qua:-

63 331 184 374 rebat
210 331 314 390 pios.
341 331 409 376 Ad
433 332 513 376 hoe
538 330 652 374 enim
678 340 721 375 ct
746 331 813 375 isti
836 331 1055 386 dixerunt,
1086 352 1104 374 «
1131 334 1326 377 Christus
1349 349 1449 377 eum

64 418 84 441 »
121 402 302 456 venerit,
334 417 462 445 nenio
499 402 578 446 scit
608 401 726 446 unde
752 402 808 446 sit
832 419 842 445 .·
867 421 886 442 »
908 403 1008 463 quia
1036 404 1147 446 hane
1173 404 1253 447 illis
1277 405 1449 464 opinio-

61 487 160 517 nem
184 482 461 530 generaverat
481 472 600 533 quod
626 489 699 532 per
729 476 881 517 lsa'i'am
905 473 1071 518 dietum
1097 484 1181 530 est,
1212 495 1230 515 «
1258 477 1450 520 Genera-

62 543 225 587 tionem
257 553 402 588 autem
428 545 518 603 ejus
550 544 646 604 quis
679 544 924 588 enarrabit¹
953 546 971 589 P
1001 564 1021 586 »
1063 545 1257 604 Denique
1287 554 1329 590 et
1362 546 1450 606 ipse

61 615 269 660 Dominus
289 616 345 660 ad
369 626 605 677 utrumque
630 617 874 676 respondit,
905 626 949 662 et
969 616 1071 677 quia
1103 626 1317 661 noverant
1349 633 1450 661 eum

60 685 178 730 unde
195 696 320 741 esset,
346 696 387 731 et
410 688 509 747 quia
530 703 619 732 non
641 697 876 745 noverant,
901 696 950 732 ut
973 696 1248 732 attestaretur
1266 688 1452 747 prophe·

61 756 131 800 tiae
148 767 308 802 sanctae
330 774 430 818 qua)
450 759 504 801 de
532 757 607 802 illo
635 767 735 802 ante
762 757 969 818 praedieta
992 768 1084 814 est,
1126 769 1169 804 et
1208 757 1449 803 secundum

58 828 375 874 humanitatem
399 829 683 885 infirmitatis,
719 839 762 874 et
793 829 1038 875 seeundum
1063 829 1334 876 divinitatem
1358 845 1450 874 ma-

52 900 233 960 jestatis.

118 974 202 1016 111.
222 970 386 1018 Audite
404 988 507 1032 ergo
520 972 715 1017 Verbum
729 973 922 1028 Domini,
942 971 1112 1030 fratres,
1133 971 1278 1019 videte
1291 989 1448 1034 quem-

57 1041 295 1088 admodum
323 1045 599 1090 confirmavit
623 1046 682 1089 eis
710 1055 752 1090 et
773 1045 892 1106 quod
913 1046 1141 1100 dixerunt,
1168 1066 1188 1088 «
1215 1047 1349 1090 Istum
1371 1062 1451 1090 no-

60 1132 79 1155 »
114 1114 256 1159 vimus
285 1114 403 1159 unde
426 1116 481 1159 sit
507 1135 514 1160 :
544 1136 560 1156 »
588 1125 631 1160 et
652 1115 773 1175 quod
797 1116 1022 1172 dixerunt,
1060 1136 1080 1159 «
1116 1116 1314 1162 Christus
1348 1132 1449 1161 cum

58 1204 78 1227 »
115 1187 298 1236 venerit,
317 1203 445 1232 nemo
469 1188 548 1232 scit
581 1188 698 1232 unde
735 1189 803 1232 sit.
828 1188 1056 1233 Clamabat
1093 1204 1194 1246 ergo
1218 1187 1380 1233 docens
1402 1189 1449 1232 in

58 1275 78 1299 »
115 1258 278 1318 templo
300 1261 439 1315 Jesus,
467 1262 523 1303 Et
545 1274 614 1303 me
635 1259 772 1314 scitis,
803 1268 846 1303 et
864 1259 982 1304 unde
1012 1260 1091 1304 sim
1113 1259 1256 1317 scitis,
1281 1269 1324 1303 ct
1340 1275 1362 1303 a
1380 1275 1449 1303 me

61 1348 80 1371 >a
117 1331 210 1390 ipso
235 1347 324 1376 non
345 1332 474 1387 veni,
509 1331 584 1376 sed
607 1341 670 1376 est
697 1347 826 1376 verus
857 1332 932 1392 qui
958 1348 1025 1376 me
1048 1332 1185 1386 misit,
1211 1347 1342 1392 quem
1373 1347 1449 1376 vos

59 1420 79 1443 »
117 1402 289 1446 nescitis
304 1406 334 1446 ².
361 1421 380 1443 η
401 1405 493 1447 Hoc
512 1411 575 1447 est
596 1402 755 1457 dicere,
778 1406 833 1447 Et
856 1419 924 1446 nte
946 1403 1076 1457 scitis,
1093 1413 1135 1447 et
1154 1419 1224 1447 me
1246 1403 1416 1447 nescitis
1435 1421 1444 1447 :

56 1474 138 1518 hoc
169 1483 232 1518 est
265 1474 408 1518 dicere
425 1509 435 1529 ,
469 1477 525 1518 Et
558 1473 676 1518 unde
709 1474 786 1518 sim
812 1475 926 1519 scitis
949 1485 992 1518 et
1014 1474 1132 1518 unde
1153 1473 1232 1519 sim
1255 1474 1442 1519 nescitis.

58 1545 181 1590 Unde
208 1546 288 1590 sim
311 1546 443 1601 scitis,
471 1549 595 1591 Jesus
614 1563 636 1590 a
659 1547 894 1601 Nazareth,
931 1548 1052 1606 cnjus
1086 1547 1213 1591 etiam
1245 1556 1445 1607 parentes

36 1617 202 1661 nostis.
232 1616 357 1662 Solus
381 1617 497 1661 enim
525 1617 568 1661 in
592 1618 672 1661 hac
700 1633 827 1662 eausa
861 1617 1025 1662 latebat
1056 1617 1234 1677 virginis
1268 1627 1440 1677 partus,

54 1689 124 1733 cui
147 1698 292 1734 tamen
312 1690 429 1733 testis
452 1699 544 1733 erat
566 1690 746 1734 maritus
770 1689 888 1748 :ipse
911 1690 1025 1733 enim
1043 1690 1126 1734 hoc
1149 1699 1320 1750 poterat
1341 1689 1444 1734 fide-

55 1759 151 1804 liter
183 1761 398 1815 indicare,
424 1761 499 1821 qui
533 1770 676 1820 posset
698 1760 952 1805 maritaliter
974 1770 1017 1806 et
1039 1760 1193 1805 zelare.
1217 1764 1310 1806 Hoc
1341 1776 1442 1820 ergo

54 1842 234 1891 excepto
264 1833 438 1890 virginis
463 1841 615 1892 partu,
640 1841 784 1877 totum
807 1841 1020 1876 noverant
1045 1833 1091 1876 in
1115 1835 1219 1877 Jesu
1243 1833 1364 1894 quod
1388 1833 1444 1877 ad

54 1904 275 1949 hominem
299 1905 487 1964 pertinet
513 1923 522 1948 ι
551 1904 682 1948 facies
707 1904 840 1964 ipsius
863 1913 966 1948 nota
996 1913 1109 1960 erat,
1143 1904 1280 1964 patria
1311 1904 1443 1965 ipsius

54 1984 157 2020 nota
178 1985 290 2031 erat,
317 1990 450 2034 genus
472 1975 604 2035 ipsius
626 1984 781 2020 notum
801 1984 907 2029 erat,
932 1974 1009 2018 ubi
1036 1983 1164 2019 natus
1187 1985 1251 2020 est
1272 1974 1442 2020 scieba-

54 2054 139 2090 tur.
167 2050 301 2091 Recte
318 2061 421 2105 ergo
439 2045 561 2101 dixit,
587 2049 680 2090 «Et
703 2061 772 2090 me
793 2046 943 2099 nostiS,
960 2054 1003 2090 et
1024 2044 1141 2090 unde
1162 2046 1239 2090 sim
1265 2046 1396 2101 scitis,
1418 2063 1439 2087 »

53 2117 295 2161 secundum
310 2131 484 2161 carnem
502 2125 545 2160 et
567 2116 756 2175 effigiem
779 2116 965 2160 hominis
987 2131 1118 2176 quam
1142 2116 1317 2174 gerebat
1342 2135 1351 2161 z
1377 2132 1442 2160 se-

54 2186 249 2232 cundum
265 2196 411 2231 autem
433 2186 722 2242 divinitatem,
752 2206 772 2229 «
792 2190 849 2231 Et
871 2202 895 2231 a
916 2203 985 2231 me
1002 2187 1094 2247 ipso
1119 2203 1208 2232 non
1230 2187 1345 2243 veni,
1366 2186 1441 2231 sed

57 2275 78 2299 n
112 2267 177 2302 est
188 2273 313 2303 verus
337 2258 413 2318 qui
435 2273 504 2301 me
525 2257 656 2313 misit,
674 2272 805 2317 quem
822 2273 899 2303 vos
916 2258 1088 2303 nescitis
1110 2277 1118 2303 :
1139 2277 1158 2301 »
1180 2258 1256 2303 sed
1273 2267 1322 2302 ut
1339 2273 1441 2302 eum

55 2330 218 2384 sciatis,
252 2329 416 2374 credite
446 2329 492 2373 in
524 2341 625 2373 eum
654 2343 784 2388 quem
817 2329 953 2384 misit,
990 2338 1033 2373 et
1069 2328 1223 2374 scietis.
1254 2331 1440 2374 «Deum

57 2417 78 2440 »
113 2400 229 2444 enim
245 2415 374 2445 nemo
390 2399 500 2444 vidit
516 2414 733 2459 unquam,
756 2398 837 2443 nisi
855 2399 1105 2459 unigenitus
1127 2399 1263 2445 Filius
1279 2398 1355 2460 qui
1373 2405 1439 2442 est

103 2503 112 2520 ¹
134 2498 203 2529 lsai.
225 2507 291 2538 uu,
310 2496 342 2530 8.
361 2513 401 2519 —
420 2501 433 2518 ²
452 2498 542 2528 Joan.
560 2507 618 2536 vn,
636 2496 689 2527 28.
