1809 3173
346 157 428 196 400
768 166 802 194 s.
840 165 1069 194 AuensTtm
1103 167 1283 194 EPISCOPl

343 234 478 277 menti
495 232 607 276 inter
623 233 834 286 homines,
857 232 1067 275 audemus
1090 241 1274 276 tractare
1298 232 1404 286 ista,
1431 241 1473 275 et
1494 232 1571 275 vista
1595 248 1728 291 expo-

343 319 445 347 nere
465 324 474 361 3
496 312 538 347 et
574 312 778 361 putamus
809 318 886 346 nos
914 312 989 347 aut
1011 318 1162 362 capere
1186 318 1309 362 posse
1337 317 1437 346 cum
1459 303 1698 361 cogitamus
1715 337 1726 358 ,

342 383 418 417 aut
438 373 531 433 capi
553 372 658 417 dum
678 374 874 417 dicimus.

402 448 477 489 VI.
520 451 659 499 Quare
682 446 759 490 ista
791 445 907 489 dixi?
926 448 1056 488 Forte
1080 444 1196 486 enim
1222 453 1320 502 post
1336 445 1430 487 haec
1452 444 1584 488 verba
1608 444 1729 503 quis-

342 532 473 577 quam
492 517 726 576 mihijuste
746 516 861 560 dicat
881 536 888 559 :
916 519 1034 558 Pone
1053 527 1155 571 ergo
1178 514 1388 557 codicem.
1410 513 1540 567 Quod
1563 514 1731 558 excedit

342 603 588 631 mensuram
619 597 760 641 tuam,
792 586 899 646 quid
936 585 1068 628 sumis
1103 584 1147 627 in.
1173 599 1349 628 manum
1388 587 1537 628 tuam?
1559 585 1664 644 quid
1693 584 1731 627 ei

344 659 578 703 committis
601 658 794 716 linguam
819 658 971 701 tuam?
995 654 1062 699 Ad
1091 656 1173 699 hoc
1199 657 1462 715 respondeo,
1488 655 1615 699 Multi
1638 657 1731 698 hae-

342 730 463 774 retici
488 728 717 772 abundant
737 763 747 782 ,
773 736 815 770 ct
839 726 893 770 ad
924 727 1006 771 hoc
1029 741 1100 770 eos
1124 729 1237 770 Deus
1267 726 1491 770 abundare
1509 726 1728 785 permisit,

342 817 397 845 ne
418 816 586 859 semper
607 799 718 843 lacte
738 799 1004 853 nutriamur,
1026 809 1068 842 et
1090 799 1134 841 in
1157 799 1283 842 bruta
1307 797 1489 842 infantia
1510 813 1733 841 remanea-

343 888 454 916 mus.
473 871 584 925 Quia
598 871 713 914 enim
733 886 821 914 non
842 869 1150 913 intellexerunt
1168 868 1390 929 quomodo
1404 868 1732 913 commendare-

342 953 414 987 tur
428 942 631 987 divinitas
646 942 824 995 Christi,
843 950 1080 1000 sapuerunt
1095 941 1206 985 sicut
1217 940 1451 985 voluerunt
1464 959 1472 984 ;
1485 956 1571 983 non
1588 949 1734 983 autem

341 1024 459 1058 recte
483 1012 712 1073 sapiendo,
732 1012 932 1056 fidelibus
957 1011 1179 1055 catholicis
1206 1011 1466 1070 quaestiones
1486 1010 1735 1054 molestissi-

343 1101 435 1129 mas
462 1085 707 1129 intulerunt
744 1104 752 1128 :
781 1092 1009 1143 coeperunt
1047 1083 1249 1139 exagitari
1280 1092 1323 1126 et
1356 1083 1568 1126 fluctuare
1602 1080 1734 1126 corda

343 1155 557 1200 fidelium.
579 1158 675 1199 Jam
698 1164 803 1199 tunc
834 1154 1062 1198 necessitas
1091 1152 1199 1197 facta
1230 1162 1293 1196 est
1314 1152 1577 1211 spiritalibus
1599 1152 1700 1195 viris
1718 1186 1729 1206 ,

343 1226 421 1286 qui
456 1226 623 1286 aliquid
657 1225 899 1270 secundum
941 1224 1213 1267 divinitatem
1253 1223 1426 1267 Domini
1464 1223 1597 1266 nostri
1631 1225 1734 1266 Jesu

342 1297 530 1351 Christi,
561 1312 651 1340 non
676 1295 816 1340 solum
844 1295 1041 1353 legerant
1067 1295 1111 1336 in
1135 1293 1394 1351 Evangelio,
1412 1292 1487 1337 sed
1507 1294 1636 1336 etiam
1662 1294 1733 1336 in-

301 1419 307 1423 ,
343 1367 600 1411 tellexerant
620 1401 630 1421 ,
663 1375 713 1410 ut
741 1374 890 1409 contra
914 1380 1030 1408 arma
1050 1363 1213 1407 diaboli
1234 1364 1392 1408 Christi
1421 1379 1536 1407 arma
1562 1362 1733 1423 profer-

342 1447 441 1482 rent
472 1457 481 1482 :
509 1447 552 1481 et
585 1437 639 1481 de
662 1436 823 1481 Christi
844 1434 1069 1478 divinitate
1091 1434 1295 1478 adversus
1318 1434 1445 1479 falsos
1468 1433 1731 1494 fallacesque

343 1509 566 1564 doctores,
600 1508 774 1568 quantis
806 1516 981 1566 possent
1003 1506 1167 1550 viribus
1184 1541 1194 1559 ,
1221 1506 1485 1564 apertissima
1507 1506 1734 1549 conflicta-

341 1581 460 1625 tione
478 1587 727 1639 pugnarent
747 1599 758 1635 3
776 1593 830 1621 ne
846 1593 943 1621 cum
968 1576 1049 1635 ipsi
1073 1585 1280 1630 tacerent,
1307 1574 1379 1618 alii
1402 1576 1606 1635 perirent.
1623 1576 1732 1628 Qui-

341 1666 530 1711 cumque
552 1651 666 1693 enim
693 1657 919 1693 senserunt
937 1647 1171 1691 Dominum
1196 1655 1394 1691 nostrum
1418 1649 1565 1690 Jesum
1592 1647 1734 1691 Chris-

342 1732 466 1778 tum,
501 1731 575 1766 aut
604 1720 785 1765 diversae
819 1718 1071 1764 substantiae
1107 1733 1196 1761 esse
1219 1733 1351 1777 quam
1375 1721 1502 1761 Pater
1536 1727 1623 1772 est,
1658 1726 1732 1761 aut

341 1801 514 1837 tantum
536 1807 626 1835 esse
652 1791 874 1836 Christum
904 1788 1044 1833 solum
1061 1824 1071 1840 ,
1112 1798 1161 1832 ut
1194 1788 1284 1847 ipse
1312 1788 1365 1831 sit
1390 1791 1540 1842 Pater,
1566 1788 1656 1847 ipse
1678 1788 1731 1832 sit

342 1863 477 1907 Filius
495 1897 505 1917 ,
526 1863 616 1922 ipse
637 1861 690 1905 sit
710 1860 892 1920 Spiritus
912 1868 1083 1902 sanctus
1100 1875 1111 1902 .·
1133 1859 1401 1918 quicumque
1422 1859 1551 1902 etiam
1574 1858 1732 1902 sentire

341 1933 577 1979 voluerunt
598 1931 822 1976 hominem
843 1928 973 1973 fuisse
995 1928 1134 1973 solum
1149 1963 1159 1982 ,
1186 1944 1274 1971 non
1297 1931 1435 1972 Deum
1464 1928 1625 1972 factum
1650 1929 1732 1972 ho-

344 2005 524 2059 minem,
545 2012 621 2047 aut
641 2003 700 2046 ita
722 2005 863 2046 Deum
885 2008 934 2043 ut
955 1999 998 2042 in
1021 2014 1093 2042 sua
1118 1997 1343 2042 divinitate
1364 1998 1639 2053 mutabilem,
1656 2006 1732 2042 aut

345 2075 404 2119 ita
422 2078 561 2119 Deum
580 2083 630 2117 ut
656 2087 745 2116 non
767 2080 810 2115 et
830 2069 1050 2114 hominem
1069 2090 1081 2125 3
1115 2083 1138 2111 a
1163 2067 1250 2111 fide
1272 2068 1639 2126 naufragaverunt
1657 2103 1667 2123 ‚
1688 2077 1732 2112 et

348 2147 402 2190 de
416 2154 547 2205 portu
570 2143 776 2189 Ecclesiae
798 2141 979 2201 projecti
1005 2148 1133 2193 sunt,
1159 2154 1214 2182 ne
1236 2136 1540 2198 inquietudine
1558 2154 1632 2182 sua
1653 2155 1731 2183 na-

345 2232 418 2261 ves
453 2231 600 2260 secum
622 2215 781 2274 positas
801 2212 1065 2270 frangerent.
1100 2213 1205 2262 Quae
1226 2224 1290 2252 res
1322 2209 1488 2268 coegit,
1524 2219 1573 2253 ut
1600 2210 1731 2253 etiam

345 2303 424 2333 nos
443 2286 638 2341 minimi,
665 2294 708 2329 et
729 2292 942 2344 quantum
965 2280 1020 2324 ad
1041 2296 1119 2324 nos
1141 2280 1329 2340 pertinet
1347 2295 1520 2339 prorsus
1536 2279 1727 2338 indigni,

346 2367 562 2419 quantum
585 2365 728 2400 autem
750 2354 805 2398 ad
827 2353 940 2396 illius
962 2350 1299 2396 misericordiam
1321 2351 1367 2393 in
1389 2350 1534 2410 aliquo
1551 2349 1729 2410 dispen-

346 2439 539 2474 satorum
557 2429 648 2488 ejus
662 2440 845 2470 numero
863 2422 1103 2476 constituti,
1119 2437 1207 2466 non
1223 2421 1346 2466 vobis
1360 2430 1592 2476 taceamus,
1609 2420 1730 2480 quod

347 2510 423 2546 aut
443 2499 696 2558 intelligatis
713 2532 725 2553 ‚
761 2510 1022 2555 mecumque
1054 2493 1305 2553 gaudeatis,
1334 2501 1409 2537 aut
1436 2493 1470 2537 si
1490 2491 1728 2551 intelligere
