1809 3173
379 194 429 232 14
810 199 843 227 S.
881 199 1110 228 AUGUSTINI
1144 200 1323 227 Eplscori

370 268 554 313 auferre.
579 263 802 325 Numquid
824 264 1102 324 perturbatus
1124 265 1220 307 est?
1240 262 1457 322 numquid
1475 262 1756 307 contristatus

370 338 478 382 dixit
498 351 543 380 se
559 334 780 379 desertum
794 335 960 393 PMagis
981 348 1025 378 se
1047 332 1158 377 dixit
1173 348 1262 377 non
1284 331 1521 386 desertum,
1546 332 1649 392 quia
1666 347 1756 377 non

370 407 566 452 ablatum
582 415 646 451 est
667 404 787 465 quod
806 403 982 449 volebat
1004 404 1165 448 aulerri
1184 438 1195 459 ‚
1221 412 1271 447 ut
1287 403 1361 448 illa
1382 403 1610 447 infirmitas
1629 417 1756 447 sana-

370 485 503 521 retur.
539 477 633 520 Hoc
666 474 783 518 enim
816 474 983 519 invenit
1010 474 1056 517 in
1082 488 1189 539 voce
1222 473 1381 518 medici
1404 493 1413 518 ;
1442 492 1462 515 «
1490 473 1660 518 Sufficit
1676 473 1756 518 tibi

372 566 392 589 »
428 547 563 606 gratia
598 560 722 600 mea,
754 560 855 588 nam
882 545 1018 590 virtus
1054 545 1100 588 in
1133 545 1386 588 infirmitate
1413 545 1638 603 perficitur
1666 546 1752 592 ².(»

372 618 493 662 Unde
515 632 618 676 ergo
632 616 711 660 scis
733 615 853 675 quod
875 630 965 660 non
986 614 1080 660 vult
1104 625 1145 659 te
1165 630 1316 659 sanare
1338 617 1478 659 Deus?
1493 614 1651 659 Adhuc
1673 614 1754 658 tihi

367 688 541 748 expedit
570 686 793 746 flagellari,
835 687 959 730 Unde
991 682 1071 730 scis
1093 701 1225 745 quam
1257 695 1384 744 putre
1405 695 1469 730 est
1492 685 1612 745 quod
1640 695 1756 730 secat

367 758 582 813 medicus,
603 771 731 815 agens
753 755 916 800 ferrum
940 772 1016 815 per
1038 756 1212 814 putria?
1234 758 1388 800 Nonne
1410 756 1532 800 novit
1548 754 1726 800 modum
1740 790 1751 809 ‚

366 828 475 889 quid
493 827 661 882 faciat2‚
674 842 764 886 quo
781 842 919 887 usque
934 825 1062 870 faciat
1078 828 1096 869 Ρ
1112 825 1338 885 Numquid
1355 825 1548 870 ululatus
1566 828 1658 886 ejus
1679 824 1756 884 qui

367 908 561 953 secatur,
593 897 774 941 retrahit
801 912 954 940 manus
987 895 1144 940 medici
1172 896 1398 940 artificiose
1433 896 1645 941 secantis?
1676 894 1755 939 Ille

365 969 524 1014 clamat
543 987 552 1014 :
569 967 642 1012 ille
664 977 792 1012 secat.
817 966 1016 1013 Crudelis
1036 968 1114 1027 qui
1133 982 1222 1012 non
1243 967 1366 1011 audit
1387 967 1649 1012 clamantem
1664 1001 1675 1021 ‚
1695 981 1751 1011 an

365 1041 511 1101 potius
537 1039 776 1084 misericors
793 1074 803 1094 ‚
830 1039 906 1099 qui
927 1037 1086 1083 Vulnus
1109 1038 1383 1098 persequitur
1401 1048 1451 1081 ut
1467 1047 1589 1082 sanet
1610 1052 1753 1096 aegro-

366 1121 461 1156 tum
478 1114 496 1156 P
513 1114 634 1166 Haec,
660 1109 813 1155 fratres
830 1111 932 1164 mei,
956 1110 1055 1154 ideo
1073 1109 1181 1164 dixi,
1205 1125 1260 1153 ne
1282 1110 1378 1168 quis
1397 1119 1562 1168 quaerat
1585 1108 1754 1169 aliquid

365 1192 524 1243 praeter
545 1181 752 1227 auxilium
775 1182 878 1236 Dei,
909 1181 1087 1241 quando
1107 1180 1218 1225 forte
1241 1182 1286 1224 in
1308 1180 1453 1240 aliqua
1481 1181 1755 1240 correptione

366 1254 540 1299 Domini
561 1268 725 1298 sumus.
745 1252 899 1296 Videte
917 1267 971 1296 ne
994 1251 1176 1310 pereatis
1191 1285 1203 1306 ‚
1228 1250 1372 1296 videte
1385 1266 1440 1295 ne
1463 1252 1519 1295 ab
1536 1254 1663 1310 Agno
1683 1266 1753 1295 re-

365 1324 527 1380 cedatis
545 1359 556 1380 ,
582 1333 626 1368 et
642 1340 666 1368 a
684 1323 811 1368 leone
830 1322 1114 1367 devoremini.

423 1397 549 1439 XIII.
577 1394 770 1439 Diximus
791 1407 892 1451 ergo
913 1408 1049 1453 quare
1076 1394 1182 1437 hora
1205 1392 1372 1437 decima
1399 1412 1407 1437 2
1439 1393 1664 1453 sequentia
1689 1393 1753 1437 vi-
1802 1407 1806 1415 ·

364 1465 560 1510 deamus.
578 1468 718 1510 «Erat
738 1465 932 1509 Andreas
948 1462 1080 1508 frater
1105 1464 1288 1508 Simonis
1309 1465 1423 1508 Petri
1443 1480 1556 1508 unus
1576 1479 1628 1508 ex
1646 1463 1754 1509 duo·

366 1556 386 1578 »
423 1538 505 1581 bus
532 1538 608 1597 qui
630 1537 858 1580 audierant
883 1536 939 1579 ab
963 1538 1131 1579 Joanne
1148 1569 1159 1589 ,
1196 1544 1239 1578 ct
1268 1535 1403 1579 secuti
1436 1534 1610 1579 fuerant
1631 1551 1748 1579 eum.

366 1626 386 1649 υ
423 1607 596 1652 Invenit
618 1607 689 1650 hic
715 1607 935 1651 Simonem
956 1605 1136 1649 fratrem
1159 1620 1310 1659 suum,
1337 1614 1381 1648 et
1402 1604 1508 1650 dicit
1527 1607 1566 1649 ei
1588 1625 1596 1650 ε
1622 1609 1752 1651 Inve-

300 1716 308 1728 ὁ
368 1699 386 1720 »
421 1680 574 1722 nimus·
595 1678 794 1722 Messiam
812 1712 823 1731 7
849 1675 971 1737 quod
1006 1685 1069 1719 est
1101 1676 1433 1735 interpretatum
1456 1677 1654 1721 Christus
1670 1680 1702 1720 ³.
1731 1697 1748 1717 »

362 1748 536 1793 Messias
568 1748 771 1791 hebraice
791 1781 802 1800 ,
835 1747 1031 1791 Christus
1054 1761 1193 1804 graece
1214 1755 1304 1800 est,
1330 1744 1463 1790 latine
1483 1756 1657 1791 unctus.
1683 1746 1752 1792 Ab

362 1819 571 1864 unctione
591 1819 707 1863 enim
728 1817 888 1862 dicitur
908 1817 1128 1862 Christus.
1153 1808 1288 1870 ΧρῖσμαῘ
1309 1817 1459 1861 unctio
1486 1828 1550 1862 est
1580 1833 1718 1877 graece
1739 1839 1749 1874 3

363 1906 464 1949 ergo
486 1890 683 1936 Christus
705 1896 896 1934 unctus.'
913 1888 992 1932 Ille
1024 1887 1298 1946 singulariter
1321 1897 1479 1933 unctus
1494 1923 1505 1944 ‚
1531 1890 1751 1949 praecipue

363 1970 521 2006 unctus
534 1995 545 2016 ‚
571 1959 689 2004 unde
706 1975 856 2004 omnes
873 1958 1107 2004 Christiani
1129 1966 1359 2016 unguntur
1375 1993 1386 2012 ,
1416 1957 1490 2002 ille
1510 1960 1746 2019 praecipue.

362 2031 594 2085 Quomodo
607 2031 654 2074 in
669 2028 840 2074 Psalmo
855 2029 976 2083 dicit,
991 2028 1092 2072 audi
1110 2047 1117 2072 :
1138 2047 1158 2070 a
1176 2031 1409 2087 Propterea
1424 2030 1545 2074 unxit
1560 2039 1599 2074 te
1616 2033 1746 2085 Deus,

364 2120 384 2144 »
420 2106 534 2146 Deus
557 2111 658 2145 tuus
679 2099 1077 2145 oleoexultationis
1097 2134 1108 2153 ,
1146 2114 1235 2157 prae
1258 2099 1539 2158 participibus
1564 2101 1648 2144 tuis
1666 2102 1697 2144 ⁴.
1726 2121 1744 2143 η

362 2173 595 2232 Participes
627 2172 745 2216 enim
773 2172 862 2231 ejus
894 2185 1043 2215 omnes
1077 2170 1215 2214 sancti
1242 2188 1251 2214 ;
1279 2171 1355 2213 sed
1376 2170 1449 2214 ille
1473 2171 1748 2229 singulariter

360 2253 533 2289 sanctus
564 2245 821 2288 Sanctorum
845 2276 856 2295 ,
905 2241 1178 2298 singulariter
1226 2250 1384 2285 unctus
1411 2277 1421 2296 ‚
1471 2242 1747 2301 singulariter

360 2315 568 2360 Christus.
1136 2306 1142 2309 ’

418 2387 636 2428 XIV.«Et
652 2381 777 2426 duxit
798 2396 897 2425 eum
915 2380 970 2425 ad
993 2383 1155 2425 Jesum.
1169 2381 1358 2425 Intuitus
1381 2391 1526 2427 autem
1543 2398 1645 2426 eum
1667 2386 1744 2427 Je-

361 2475 382 2498 »
417 2471 514 2511 sus,
549 2455 656 2499 dixit
688 2473 696 2499 :
728 2457 793 2498 Tu
829 2469 871 2497 es
896 2452 1044 2498 Simon
1078 2452 1190 2496 filius
1223 2453 1426 2508 Joannis,
1451 2462 1499 2497 tu
1520 2447 1764 2498 vocaberis⁸

407 2547 452 2572 ¹2
466 2542 538 2574 Cor.
558 2550 611 2580 xu,
630 2549 660 2581 9.
674 2553 713 2561 -
736 2544 748 2560 ²
768 2538 873 2569 Forte
886 2536 969 2579 quod
983 2536 1073 2568 id.—
1093 2534 1106 2558 3
1122 2537 1213 2568 Joan.
1229 2546 1251 2576 1,
1271 2535 1327 2578 40,
1348 2535 1406 2578 “4ι,
1423 2536 1576 2569 —4Psal.
1597 2548 1684 2579 μιν,
1703 2540 1740 2570 8.
