1809 3173
369 160 449 196 198
800 172 833 199 S.
869 173 1098 204 annuerim
1133 178 1312 208 EP18COP1

366 235 555 278 habebat
592 251 676 295 qua
710 237 798 296 ipsa
836 239 1013 295 viveret,
1048 242 1122 286 sed
1165 260 1251 303 qua
1290 261 1448 306 corpus
1488 249 1738 297 vivificaret.
1800 307 1802 314 Ι

363 304 497 349 Aliud
519 314 582 349 cst
610 306 724 350 enim
748 308 791 351 in
820 310 960 354 anima
993 314 1110 357 unde
1137 329 1293 374 corpus
1325 318 1588 375 vivificatur,
1625 322 1743 368 aliud

360 374 479 419 unde
505 375 596 435 ipsa
621 377 875 425 vivificatur.
907 382 1061 426 Melius
1095 385 1256 444 quippe
1288 397 1350 431 est
1383 404 1514 447 quam
1547 405 1739 450 corpus:

359 444 434 489 sed
461 445 614 491 melius
642 463 775 508 quam
794 450 885 509 ipsa
903 461 965 495 est
984 456 1110 498 Deus.
1137 457 1214 499 Est
1232 471 1334 515 ergo
1363 458 1469 517 ipsa,
1504 461 1671 506 etiamsi
1689 464 1742 508 sit
1800 483 1802 489 ’

359 515 578 576 insipiens,
599 517 772 578 injusta,
796 521 943 579 impia,
967 522 1055 567 vita
1069 526 1275 583 corporis.
1295 529 1405 580 Quia
1420 545 1521 574 vero
1541 531 1628 576 vita
1650 534 1743 593 ejus

358 594 422 630 est
443 588 573 642 Deus,
594 589 816 647 quomodo
833 605 933 635 cum
962 592 1051 650 ipsa
1079 603 1142 638 est
1174 596 1219 638 in
1248 612 1446 656 corpore,
1483 611 1657 659 praestat
1678 603 1740 647 illi

355 656 562 714 vigorem,
607 658 823 715 decorem,
874 662 1176 720 mobilitatem,
1213 666 1355 711 officia
1392 670 1690 717 membrorum
1727 693 1736 719 2

354 726 414 771 sic
431 742 532 771 cum
548 728 635 771 vita
657 730 748 788 ejus
766 733 878 776 Deus
896 732 940 776 in
962 732 1052 791 ipsa
1074 744 1152 790 est,
1175 746 1349 794 praestat
1380 738 1442 783 illi
1465 742 1736 800 sapientiam,

353 797 575 857 pietatem,
592 800 820 858 justitiam,
836 803 1106 849 charitatem.
1125 806 1258 852 Aliud
1276 819 1338 853 est
1350 825 1453 868 ergo
1469 813 1588 871 quod
1604 829 1738 873 praes-
1799 833 1802 836 ⁴

352 878 470 913 tatur
491 871 659 928 corpori
680 871 735 915 de
754 872 925 932 anima3
951 874 1068 920 aliud
1090 877 1211 936 quod
1246 890 1475 938 praestatur
1507 883 1661 929 animae
1682 885 1738 930 de

351 940 442 982 Deo
469 957 478 983 z
504 940 685 996 Vivicat,
706 950 749 986 et
765 943 1006 989 vivificatur
1024 961 1032 988 :
1055 956 1225 993 mortua
1247 951 1464 1010 vivificat,
1484 953 1519 996 si
1538 954 1629 1012 ipsa
1648 970 1736 1000 non
1751 987 1769 1001 .

348 1008 605 1053 vivificatur.
633 1012 845 1057 Veniente
871 1015 1017 1075 itaque
1047 1018 1182 1062 verbo
1201 1028 1244 1063 et
1266 1019 1411 1066 intuso
1438 1022 1732 1081 audientibus,

350 1077 563 1140 factisque
583 1080 666 1124 illis
689 1098 778 1127 non
805 1084 945 1128 solum
964 1086 1260 1144 audientibus,
1281 1091 1356 1135 sed
1378 1094 1506 1136 etiam
1525 1093 1736 1139 obedien·

350 1149 482 1204 tibuS,
521 1152 704 1209 resurgit
736 1153 880 1198 anima
903 1171 924 1198 a
948 1166 1088 1200 morte
1120 1173 1195 1202 sua
1232 1159 1287 1204 ad
1309 1161 1442 1206 vitam
1476 1179 1614 1219 suam,
1652 1166 1735 1211 hoc

350 1229 427 1273 est,
454 1221 508 1264 ab
546 1222 790 1281 iniquitate,
828 1224 882 1268 ab
913 1225 1172 1285 insipientia,
1193 1230 1246 1274 ab
1269 1230 1490 1289 impietate
1517 1233 1570 1277 ad
1597 1238 1732 1280 Deum

348 1307 492 1345 suum,
519 1293 594 1351 qui
617 1302 680 1337 est
713 1294 774 1337 illi
808 1296 1033 1354 sapientia,
1065 1300 1246 1358 justitia,
1279 1302 1462 1348 claritas.
1492 1307 1649 1364 Surgat
1680 1308 1734 1351 ad

349 1361 491 1416 illum,
517 1362 788 1408 illuminetur
810 1367 864 1409 ab
879 1366 979 1411 illo¹
1007 1387 1016 1412 :
1042 1371 1262 1423 Accedite‚
1283 1372 1443 1434 inquit,
1464 1374 1518 1419 ad
1537 1391 1652 1421 eum.
1678 1380 1734 1422 Et

349 1431 455 1490 quid
483 1434 607 1478 nobis
622 1435 733 1478 erit?
753 1445 797 1480 et
814 1435 1133 1482 illuminamini.
1162 1441 1204 1485 Si
1228 1457 1331 1500 ergo
1354 1444 1602 1490 accedendo
1627 1446 1732 1491 illu—

348 1501 589 1555 minamini,
627 1513 671 1547 et
695 1505 939 1551 recedendo
970 1509 1283 1570 tenebramini,
1307 1529 1396 1558 non
1428 1524 1519 1559 erat
1542 1516 1586 1560 in
1609 1517 1731 1563 vobis
1791 1539 1796 1545 ·

345 1570 495 1616 lumen
527 1582 732 1629 vestrum,
760 1576 834 1620 sed
855 1576 900 1620 in
918 1580 1007 1622 Deo
1034 1589 1191 1625 vestro.
1218 1584 1436 1639 Accedite,
1464 1594 1513 1629 ut
1535 1601 1731 1646 resurgat·-

345 1642 398 1687 tis
425 1661 434 1687 ε
459 1643 494 1686 si
517 1645 789 1701 recesseritis,
816 1648 1074 1695 moriemini.
1103 1652 1146 1695 Si
1168 1667 1272 1711 ergo
1295 1654 1542 1701 accedendo
1570 1658 1726 1714 vivitis,

345 1713 590 1758 recedendo
614 1716 859 1774 morimini,
894 1733 983 1763 non
1020 1730 1110 1765 erat
1132 1721 1177 1765 in
1194 1723 1317 1768 vobis
1339 1725 1426 1769 vita
1451 1736 1605 1772 vestra.
1633 1730 1729 1787 Ipsa

343 1791 406 1826 est
430 1783 546 1826 enim
562 1784 647 1828 vita
670 1795 824 1841 vestra,
851 1804 949 1846 quae
970 1799 1033 1833 est
1051 1789 1126 1835 lux
1146 1802 1300 1839 vestra.
1331 1813 1351 1837 «
1376 1797 1589 1848 Quoniam
1611 1798 1730 1857 apud

343 1870 364 1894 »
399 1861 442 1896 te
459 1862 522 1897 est
549 1853 644 1899 fons
671 1855 788 1911 vitae,
813 1865 856 1900 et
873 1857 917 1901 in
938 1857 1103 1903 lumine
1123 1871 1199 1906 tuo
1222 1863 1465 1910 videbimus
1483 1865 1634 1911 lumen
1647 1871 1679 1912 ².
1704 1887 1724 1910 υ

398 1924 526 1967 ΧΙΙΙ.
548 1926 645 1969 Non
659 1940 760 1983 ergo
777 1927 887 1971 sicut
911 1927 1053 1972 anima
1076 1929 1240 1990 aliquid
1266 1932 1385 1977 aliud
1407 1945 1469 1979 est
1495 1945 1727 1997 antequam

340 1992 629 2050 illuminetur,
659 2004 701 2040 et
726 1996 775 2040 fit
795 1997 949 2042 melius
970 2014 1072 2043 cum
1105 2001 1378 2048 illuminatur
1399 2007 1727 2066 participatione

340 2063 543 2119 melioris,
569 2066 626 2110 ita
649 2075 692 2110 et
715 2067 908 2111 Verbum
930 2069 1020 2124 Dei,
1047 2070 1182 2116 Filius
1207 2074 1297 2127 Dei,
1319 2075 1484 2135 aliquid
1498 2076 1618 2122 aliud
1634 2088 1726 2124 erat

338 2142 570 2193 antequam
589 2136 801 2195 acciperet
823 2138 972 2194 vitam,
997 2148 1045 2184 ut
1064 2142 1363 2202 participando
1380 2146 1540 2190 habeat
1551 2148 1686 2192 vitam
1710 2165 1722 2191 ι

337 2203 414 2247 sed
441 2205 574 2248 vitam
611 2206 745 2252 habet
765 2207 811 2251 in
845 2209 1102 2269 semetipso,
1126 2227 1175 2256 ac
1212 2228 1288 2272 per
1320 2215 1404 2260 hoc
1426 2215 1516 2275 ipse
1537 2225 1601 2262 est
1633 2218 1723 2277 ipsa

331 2274 433 2319 vita.
462 2276 579 2328 Quid
601 2292 704 2336 ergo
726 2279 785 2322 ait
805 2280 822 2320 ⁶?
847 2298 866 2321 «
892 2280 1020 2325 Dedit
1042 2282 1153 2327 Filio
1174 2284 1308 2332 vitam
1329 2285 1489 2331 habere
1512 2288 1556 2332 in
1579 2303 1719 2333 seme-

335 2361 356 2386 »
391 2344 532 2404 tipso?
555 2348 786 2392 »Breviter
808 2349 1004 2406 dixerim,
1031 2353 1191 2398 Genuit
1224 2354 1400 2402 Filium.
1427 2360 1580 2418 Neque
1601 2360 1719 2404 enim

332 2423 424 2459 erat
454 2415 545 2460 sine
572 2417 676 2473 vita,
713 2427 756 2463 ct
775 2421 941 2479 accepit
966 2421 1100 2467 vitam
1125 2442 1135 2469 ι
1160 2424 1237 2470 sed
1266 2426 1483 2475 nascendo
1513 2430 1601 2476 vita
1632 2439 1712 2476 est.

381 2507 390 2524 ¹
409 2503 489 2534 Psai.
510 2513 619 2543 xxxxii,
639 2502 673 2536 5.
694 2520 734 2527 —-
753 2511 766 2528 ²
785 2504 831 2538 Id.
854 2516 950 2547 xxxv,
974 2518 1028 2540 ιο.
