<?xml version="1.0" encoding="UTF-8"?>
<!DOCTYPE html PUBLIC "-//W3C//DTD XHTML 1.0 Transitional//EN"
    "http://www.w3.org/TR/xhtml1/DTD/xhtml1-transitional.dtd">
<html xmlns="http://www.w3.org/1999/xhtml" xml:lang="en" lang="en">
 <head>
  <title>
</title>
<meta http-equiv="Content-Type" content="text/html;charset=utf-8" />
  <meta name='ocr-system' content='tesseract 3.04.00' />
  <meta name='ocr-capabilities' content='ocr_page ocr_carea ocr_par ocr_line ocrx_word'/>
</head>
<body>
  <div class='ocr_page' id='page_1' title='image "./operaomniaaccura15auguuoft_0341.png"; bbox 0 0 1825 3214; ppageno 0'>
   <div class='ocr_carea' id='block_1_1' title="bbox 232 225 1407 277">
    <p class='ocr_par' dir='ltr' id='par_1_1' title="bbox 232 225 1407 277">
     <span class='ocr_line' id='line_1_1' title="bbox 232 225 1407 277; baseline -0.007 -7"><span class='ocrx_word' id='word_1_1' title='bbox 232 246 275 271; x_wconf 77' lang='grc' dir='ltr'><strong>ιΝ</strong></span> <span class='ocrx_word' id='word_1_2' title='bbox 309 243 482 270; x_wconf 70' lang='lat' dir='ltr'><strong>JoANNIS</strong></span> <span class='ocrx_word' id='word_1_3' title='bbox 514 241 821 277; x_wconf 76' lang='lat' dir='ltr'><strong>EVANGELIUM‚</strong></span> <span class='ocrx_word' id='word_1_4' title='bbox 856 240 1002 267; x_wconf 69' lang='lat' dir='ltr'><strong>TnAc‘r.</strong></span> <span class='ocrx_word' id='word_1_5' title='bbox 1040 239 1197 275; x_wconf 50' lang='lat' dir='ltr'><strong>xxviii.</strong></span> <span class='ocrx_word' id='word_1_6' title='bbox 1325 225 1407 263; x_wconf 77' lang='lat'><strong>329</strong></span> 
     </span>
    </p>
   </div>
   <div class='ocr_carea' id='block_1_2' title="bbox 23 302 1423 2558">
    <p class='ocr_par' dir='ltr' id='par_1_2' title="bbox 23 302 1422 2274">
     <span class='ocr_line' id='line_1_2' title="bbox 27 302 1409 367; baseline -0.006 -15"><span class='ocrx_word' id='word_1_7' title='bbox 27 329 46 353; x_wconf 91' lang='lat'>»</span> <span class='ocrx_word' id='word_1_8' title='bbox 83 309 378 354; x_wconf 85' lang='lat' dir='ltr'><strong>testimonium</strong></span> <span class='ocrx_word' id='word_1_9' title='bbox 415 307 625 367; x_wconf 82' lang='lat' dir='ltr'><strong>perhibeo</strong></span> <span class='ocrx_word' id='word_1_10' title='bbox 659 305 713 348; x_wconf 90' lang='lat' dir='ltr'><strong>de</strong></span> <span class='ocrx_word' id='word_1_11' title='bbox 753 304 857 359; x_wconf 90' lang='lat' dir='ltr'><strong>illo,</strong></span> <span class='ocrx_word' id='word_1_12' title='bbox 894 306 994 364; x_wconf 85' lang='lat' dir='ltr'><strong>quia</strong></span> <span class='ocrx_word' id='word_1_13' title='bbox 1017 319 1145 362; x_wconf 85' lang='lat' dir='ltr'><strong>opera</strong></span> <span class='ocrx_word' id='word_1_14' title='bbox 1171 304 1261 362; x_wconf 81' lang='lat' dir='ltr'><strong>ejus</strong></span> <span class='ocrx_word' id='word_1_15' title='bbox 1298 302 1409 345; x_wconf 83' lang='lat' dir='ltr'><strong>mala</strong></span> 
     </span>
     <span class='ocr_line' id='line_1_3' title="bbox 26 372 1410 426; baseline -0.004 -4"><span class='ocrx_word' id='word_1_16' title='bbox 26 399 46 422; x_wconf 87' lang='lat'>»</span> <span class='ocrx_word' id='word_1_17' title='bbox 80 390 196 425; x_wconf 88' lang='lat' dir='ltr'><strong>sunt.</strong></span> <span class='ocrx_word' id='word_1_18' title='bbox 225 383 310 424; x_wconf 87' lang='lat' dir='ltr'><strong>Vos</strong></span> <span class='ocrx_word' id='word_1_19' title='bbox 329 378 546 423; x_wconf 79' lang='lat' dir='ltr'><strong>ascendite</strong></span> <span class='ocrx_word' id='word_1_20' title='bbox 569 376 623 420; x_wconf 90' lang='lat' dir='ltr'><strong>ad</strong></span> <span class='ocrx_word' id='word_1_21' title='bbox 647 375 760 419; x_wconf 88' lang='lat' dir='ltr'><strong>diem</strong></span> <span class='ocrx_word' id='word_1_22' title='bbox 783 376 939 419; x_wconf 87' lang='lat' dir='ltr'><strong>festum</strong></span> <span class='ocrx_word' id='word_1_23' title='bbox 967 377 1083 418; x_wconf 82' lang='lat' dir='ltr'><strong>hunc</strong></span> <span class='ocrx_word' id='word_1_24' title='bbox 1102 377 1130 416; x_wconf 94' lang='lat'><strong>¹.</strong></span> <span class='ocrx_word' id='word_1_25' title='bbox 1161 392 1179 414; x_wconf 90' lang='lat'>»</span> <span class='ocrx_word' id='word_1_26' title='bbox 1207 372 1322 426; x_wconf 86' lang='lat' dir='ltr'><strong>Quid</strong></span> <span class='ocrx_word' id='word_1_27' title='bbox 1350 381 1410 416; x_wconf 82' lang='lat' dir='ltr'><strong>est</strong></span> 
     </span>
     <span class='ocr_line' id='line_1_4' title="bbox 27 444 1411 506; baseline -0.004 -14"><span class='ocrx_word' id='word_1_28' title='bbox 27 470 46 493; x_wconf 75' lang='grc' dir='ltr'><strong>ι(</strong></span> <span class='ocrx_word' id='word_1_29' title='bbox 80 452 232 494; x_wconf 73' lang='lat' dir='ltr'><strong>hunc?</strong></span> <span class='ocrx_word' id='word_1_30' title='bbox 267 469 286 491; x_wconf 88' lang='lat'>»</span> <span class='ocrx_word' id='word_1_31' title='bbox 329 449 410 493; x_wconf 90' lang='lat' dir='ltr'><strong>Ubi</strong></span> <span class='ocrx_word' id='word_1_32' title='bbox 449 448 629 506; x_wconf 76' lang='lat' dir='ltr'><strong>gloriam</strong></span> <span class='ocrx_word' id='word_1_33' title='bbox 678 447 915 490; x_wconf 83' lang='lat' dir='ltr'>humanam</span> <span class='ocrx_word' id='word_1_34' title='bbox 952 444 1160 505; x_wconf 84' lang='lat' dir='ltr'><strong>quaeritis.</strong></span> <span class='ocrx_word' id='word_1_35' title='bbox 1203 444 1315 496; x_wconf 78' lang='lat' dir='ltr'><strong>Quid</strong></span> <span class='ocrx_word' id='word_1_36' title='bbox 1349 453 1411 486; x_wconf 78' lang='lat' dir='ltr'><strong>est</strong></span> 
     </span>
     <span class='ocr_line' id='line_1_5' title="bbox 81 515 1410 574; baseline -0.007 -9"><span class='ocrx_word' id='word_1_37' title='bbox 81 523 232 566; x_wconf 74' lang='lat' dir='ltr'><strong>hunc?</strong></span> <span class='ocrx_word' id='word_1_38' title='bbox 263 540 282 562; x_wconf 73' lang='lat' dir='ltr'><strong>n</strong></span> <span class='ocrx_word' id='word_1_39' title='bbox 323 520 406 564; x_wconf 90' lang='lat' dir='ltr'><strong>Ubi</strong></span> <span class='ocrx_word' id='word_1_40' title='bbox 435 519 665 562; x_wconf 80' lang='lat' dir='ltr'><strong>extendere</strong></span> <span class='ocrx_word' id='word_1_41' title='bbox 713 518 842 562; x_wconf 88' lang='lat' dir='ltr'><strong>vultis</strong></span> <span class='ocrx_word' id='word_1_42' title='bbox 876 516 1064 562; x_wconf 85' lang='lat' dir='ltr'><strong>carnalia</strong></span> <span class='ocrx_word' id='word_1_43' title='bbox 1101 515 1255 574; x_wconf 83' lang='lat' dir='ltr'><strong>gaudia</strong></span> <span class='ocrx_word' id='word_1_44' title='bbox 1277 551 1286 567; x_wconf 92' lang='lat'><strong>,</strong></span> <span class='ocrx_word' id='word_1_45' title='bbox 1324 530 1410 557; x_wconf 88' lang='lat' dir='ltr'><strong>non</strong></span> 
     </span>
     <span class='ocr_line' id='line_1_6' title="bbox 23 586 1411 648; baseline -0.007 -11"><span class='ocrx_word' id='word_1_46' title='bbox 23 602 184 637; x_wconf 81' lang='lat' dir='ltr'><strong>aetcrna</strong></span> <span class='ocrx_word' id='word_1_47' title='bbox 207 592 410 648; x_wconf 85' lang='lat' dir='ltr'><strong>cogitare.</strong></span> <span class='ocrx_word' id='word_1_48' title='bbox 428 592 551 647; x_wconf 83' lang='lat' dir='ltr'><strong>«Ego</strong></span> <span class='ocrx_word' id='word_1_49' title='bbox 570 604 657 633; x_wconf 91' lang='lat' dir='ltr'><strong>non</strong></span> <span class='ocrx_word' id='word_1_50' title='bbox 677 588 861 632; x_wconf 84' lang='lat' dir='ltr'><strong>ascendo</strong></span> <span class='ocrx_word' id='word_1_51' title='bbox 878 589 932 632; x_wconf 85' lang='lat' dir='ltr'><strong>ad</strong></span> <span class='ocrx_word' id='word_1_52' title='bbox 955 588 1067 631; x_wconf 88' lang='lat' dir='ltr'><strong>diem</strong></span> <span class='ocrx_word' id='word_1_53' title='bbox 1093 586 1250 630; x_wconf 82' lang='lat' dir='ltr'><strong>festum</strong></span> <span class='ocrx_word' id='word_1_54' title='bbox 1272 586 1411 638; x_wconf 84' lang='lat' dir='ltr'><strong>liunc,</strong></span> 
     </span>
     <span class='ocr_line' id='line_1_7' title="bbox 27 655 1413 722; baseline -0.004 -19"><span class='ocrx_word' id='word_1_55' title='bbox 27 682 46 703; x_wconf 87' lang='lat'>»</span> <span class='ocrx_word' id='word_1_56' title='bbox 82 664 181 722; x_wconf 91' lang='lat' dir='ltr'><strong>quia</strong></span> <span class='ocrx_word' id='word_1_57' title='bbox 202 677 346 705; x_wconf 90' lang='lat' dir='ltr'><strong>meum</strong></span> <span class='ocrx_word' id='word_1_58' title='bbox 361 670 531 717; x_wconf 84' lang='lat' dir='ltr'><strong>ternpus</strong></span> <span class='ocrx_word' id='word_1_59' title='bbox 548 659 743 703; x_wconf 91' lang='lat' dir='ltr'><strong>nondum</strong></span> <span class='ocrx_word' id='word_1_60' title='bbox 764 658 992 718; x_wconf 84' lang='lat' dir='ltr'><strong>impletum</strong></span> <span class='ocrx_word' id='word_1_61' title='bbox 1013 666 1090 701; x_wconf 87' lang='lat' dir='ltr'><strong>est.</strong></span> <span class='ocrx_word' id='word_1_62' title='bbox 1109 675 1127 698; x_wconf 94' lang='lat'>»</span> <span class='ocrx_word' id='word_1_63' title='bbox 1144 660 1194 699; x_wconf 91' lang='lat' dir='ltr'><strong>ln</strong></span> <span class='ocrx_word' id='word_1_64' title='bbox 1218 655 1288 699; x_wconf 85' lang='lat' dir='ltr'><strong>die</strong></span> <span class='ocrx_word' id='word_1_65' title='bbox 1306 655 1413 698; x_wconf 83' lang='lat' dir='ltr'><strong>sesto</strong></span> 
     </span>
     <span class='ocr_line' id='line_1_8' title="bbox 24 729 1410 791; baseline -0.007 -14"><span class='ocrx_word' id='word_1_66' title='bbox 24 734 106 777; x_wconf 86' lang='lat' dir='ltr'><strong>hoc</strong></span> <span class='ocrx_word' id='word_1_67' title='bbox 130 732 310 791; x_wconf 76' lang='lat' dir='ltr'><strong>gloriam</strong></span> <span class='ocrx_word' id='word_1_68' title='bbox 333 747 407 775; x_wconf 87' lang='lat' dir='ltr'><strong>vos</strong></span> <span class='ocrx_word' id='word_1_69' title='bbox 423 732 657 774; x_wconf 83' lang='lat' dir='ltr'>humanam</span> <span class='ocrx_word' id='word_1_70' title='bbox 682 729 900 788; x_wconf 73' lang='lat' dir='ltr'><strong>quaeritis:</strong></span> <span class='ocrx_word' id='word_1_71' title='bbox 926 743 1071 772; x_wconf 83' lang='lat' dir='ltr'><strong>meum</strong></span> <span class='ocrx_word' id='word_1_72' title='bbox 1093 742 1198 771; x_wconf 88' lang='lat' dir='ltr'><strong>vero</strong></span> <span class='ocrx_word' id='word_1_73' title='bbox 1224 735 1410 784; x_wconf 84' lang='lat' dir='ltr'><strong>ternpus,</strong></span> 
     </span>
     <span class='ocr_line' id='line_1_9' title="bbox 23 797 1415 862; baseline -0.006 -14"><span class='ocrx_word' id='word_1_74' title='bbox 23 804 67 848; x_wconf 88' lang='lat' dir='ltr'><strong>id</strong></span> <span class='ocrx_word' id='word_1_75' title='bbox 94 814 182 858; x_wconf 86' lang='lat' dir='ltr'><strong>est,</strong></span> <span class='ocrx_word' id='word_1_76' title='bbox 207 803 354 862; x_wconf 74' lang='lat' dir='ltr'><strong>glorire</strong></span> <span class='ocrx_word' id='word_1_77' title='bbox 386 817 494 846; x_wconf 70' lang='lat' dir='ltr'><strong>mese</strong></span> <span class='ocrx_word' id='word_1_78' title='bbox 511 837 521 855; x_wconf 94' lang='lat'><strong>,</strong></span> <span class='ocrx_word' id='word_1_79' title='bbox 556 802 752 845; x_wconf 91' lang='lat' dir='ltr'><strong>nondum</strong></span> <span class='ocrx_word' id='word_1_80' title='bbox 784 801 917 844; x_wconf 90' lang='lat' dir='ltr'><strong>venit.</strong></span> <span class='ocrx_word' id='word_1_81' title='bbox 948 803 1043 858; x_wconf 86' lang='lat' dir='ltr'><strong>lpse</strong></span> <span class='ocrx_word' id='word_1_82' title='bbox 1066 799 1147 842; x_wconf 89' lang='lat' dir='ltr'><strong>erit</strong></span> <span class='ocrx_word' id='word_1_83' title='bbox 1167 798 1257 841; x_wconf 85' lang='lat' dir='ltr'><strong>dies</strong></span> <span class='ocrx_word' id='word_1_84' title='bbox 1280 797 1415 840; x_wconf 84' lang='lat' dir='ltr'><strong>festus</strong></span> 
     </span>
     <span class='ocr_line' id='line_1_10' title="bbox 23 868 1415 931; baseline -0.006 -13"><span class='ocrx_word' id='word_1_85' title='bbox 23 890 168 927; x_wconf 85' lang='lat' dir='ltr'><strong>meus,</strong></span> <span class='ocrx_word' id='word_1_86' title='bbox 196 891 282 918; x_wconf 94' lang='lat' dir='ltr'><strong>non</strong></span> <span class='ocrx_word' id='word_1_87' title='bbox 307 873 461 918; x_wconf 88' lang='lat' dir='ltr'><strong>dicbus</strong></span> <span class='ocrx_word' id='word_1_88' title='bbox 484 873 571 916; x_wconf 87' lang='lat' dir='ltr'><strong>istis</strong></span> <span class='ocrx_word' id='word_1_89' title='bbox 598 886 867 931; x_wconf 52' lang='lat' dir='ltr'><strong>praecurrens</strong></span> <span class='ocrx_word' id='word_1_90' title='bbox 889 880 932 914; x_wconf 88' lang='lat' dir='ltr'><strong>et</strong></span> <span class='ocrx_word' id='word_1_91' title='bbox 956 870 1190 923; x_wconf 88' lang='lat' dir='ltr'><strong>transiens,</strong></span> <span class='ocrx_word' id='word_1_92' title='bbox 1218 868 1292 911; x_wconf 84' lang='lat' dir='ltr'><strong>sed</strong></span> <span class='ocrx_word' id='word_1_93' title='bbox 1317 883 1415 926; x_wconf 85' lang='lat' dir='ltr'><strong>per-</strong></span> 
     </span>
     <span class='ocr_line' id='line_1_11' title="bbox 23 939 1417 1002; baseline -0.006 -12"><span class='ocrx_word' id='word_1_94' title='bbox 23 962 202 990; x_wconf 89' lang='lat' dir='ltr'><strong>manens</strong></span> <span class='ocrx_word' id='word_1_95' title='bbox 242 946 285 989; x_wconf 90' lang='lat' dir='ltr'><strong>in</strong></span> <span class='ocrx_word' id='word_1_96' title='bbox 318 954 529 989; x_wconf 83' lang='lat' dir='ltr'><strong>aeternum</strong></span> <span class='ocrx_word' id='word_1_97' title='bbox 561 964 568 988; x_wconf 90' lang='lat'>:</span> <span class='ocrx_word' id='word_1_98' title='bbox 601 944 689 1002; x_wconf 79' lang='lat' dir='ltr'><strong>ipsa</strong></span> <span class='ocrx_word' id='word_1_99' title='bbox 714 943 796 985; x_wconf 90' lang='lat' dir='ltr'><strong>erit</strong></span> <span class='ocrx_word' id='word_1_100' title='bbox 820 941 1051 995; x_wconf 72' lang='lat' dir='ltr'><strong>festivitas,</strong></span> <span class='ocrx_word' id='word_1_101' title='bbox 1096 939 1300 998; x_wconf 81' lang='lat' dir='ltr'><strong>gaudium</strong></span> <span class='ocrx_word' id='word_1_102' title='bbox 1326 939 1417 982; x_wconf 90' lang='lat' dir='ltr'><strong>sinc</strong></span> 
     </span>
     <span class='ocr_line' id='line_1_12' title="bbox 25 1013 1416 1070; baseline -0.006 -9"><span class='ocrx_word' id='word_1_103' title='bbox 25 1018 110 1061; x_wconf 85' lang='lat' dir='ltr'><strong>fine</strong></span> <span class='ocrx_word' id='word_1_104' title='bbox 128 1053 139 1070; x_wconf 86' lang='lat'><strong>,</strong></span> <span class='ocrx_word' id='word_1_105' title='bbox 160 1017 376 1060; x_wconf 82' lang='lat' dir='ltr'><strong>aeternitas</strong></span> <span class='ocrx_word' id='word_1_106' title='bbox 394 1016 485 1059; x_wconf 86' lang='lat' dir='ltr'><strong>sine</strong></span> <span class='ocrx_word' id='word_1_107' title='bbox 503 1015 600 1058; x_wconf 85' lang='lat' dir='ltr'><strong>labe</strong></span> <span class='ocrx_word' id='word_1_108' title='bbox 615 1050 625 1069; x_wconf 94' lang='lat'><strong>,</strong></span> <span class='ocrx_word' id='word_1_109' title='bbox 653 1014 860 1057; x_wconf 76' lang='lat' dir='ltr'><strong>serenitas</strong></span> <span class='ocrx_word' id='word_1_110' title='bbox 876 1013 966 1056; x_wconf 86' lang='lat' dir='ltr'><strong>sine</strong></span> <span class='ocrx_word' id='word_1_111' title='bbox 988 1013 1118 1055; x_wconf 89' lang='lat' dir='ltr'><strong>nube.</strong></span> <span class='ocrx_word' id='word_1_112' title='bbox 1143 1030 1162 1052; x_wconf 89' lang='lat'>«</span> <span class='ocrx_word' id='word_1_113' title='bbox 1191 1013 1294 1054; x_wconf 84' lang='lat' dir='ltr'><strong>Haec</strong></span> <span class='ocrx_word' id='word_1_114' title='bbox 1317 1025 1416 1053; x_wconf 81' lang='lat' dir='ltr'><strong>cum</strong></span> 
     </span>
     <span class='ocr_line' id='line_1_13' title="bbox 27 1082 1418 1146; baseline -0.003 -18"><span class='ocrx_word' id='word_1_115' title='bbox 27 1106 47 1128; x_wconf 84' lang='lat'>»</span> <span class='ocrx_word' id='word_1_116' title='bbox 83 1087 273 1141; x_wconf 82' lang='lat' dir='ltr'><strong>dixisset,</strong></span> <span class='ocrx_word' id='word_1_117' title='bbox 295 1088 385 1146; x_wconf 89' lang='lat' dir='ltr'><strong>ipse</strong></span> <span class='ocrx_word' id='word_1_118' title='bbox 408 1088 563 1130; x_wconf 86' lang='lat' dir='ltr'><strong>mansit</strong></span> <span class='ocrx_word' id='word_1_119' title='bbox 585 1086 628 1129; x_wconf 91' lang='lat' dir='ltr'><strong>in</strong></span> <span class='ocrx_word' id='word_1_120' title='bbox 648 1084 840 1129; x_wconf 75' lang='lat' dir='ltr'><strong>Galilaea.</strong></span> <span class='ocrx_word' id='word_1_121' title='bbox 858 1086 913 1128; x_wconf 89' lang='lat' dir='ltr'><strong>Ut</strong></span> <span class='ocrx_word' id='word_1_122' title='bbox 929 1093 1074 1127; x_wconf 90' lang='lat' dir='ltr'><strong>autem</strong></span> <span class='ocrx_word' id='word_1_123' title='bbox 1098 1082 1418 1126; x_wconf 84' lang='lat' dir='ltr'><strong>descenderunt</strong></span> 
     </span>
     <span class='ocr_line' id='line_1_14' title="bbox 27 1151 1417 1216; baseline -0.003 -18"><span class='ocrx_word' id='word_1_124' title='bbox 27 1175 47 1199; x_wconf 86' lang='lat'>»</span> <span class='ocrx_word' id='word_1_125' title='bbox 84 1156 235 1201; x_wconf 85' lang='lat' dir='ltr'><strong>fratres</strong></span> <span class='ocrx_word' id='word_1_126' title='bbox 253 1160 344 1216; x_wconf 87' lang='lat' dir='ltr'><strong>ejus</strong></span> <span class='ocrx_word' id='word_1_127' title='bbox 362 1192 372 1211; x_wconf 95' lang='lat'><strong>,</strong></span> <span class='ocrx_word' id='word_1_128' title='bbox 400 1166 504 1200; x_wconf 91' lang='lat' dir='ltr'><strong>tunc</strong></span> <span class='ocrx_word' id='word_1_129' title='bbox 523 1165 565 1199; x_wconf 87' lang='lat' dir='ltr'><strong>et</strong></span> <span class='ocrx_word' id='word_1_130' title='bbox 583 1157 672 1215; x_wconf 87' lang='lat' dir='ltr'><strong>ipse</strong></span> <span class='ocrx_word' id='word_1_131' title='bbox 695 1154 889 1198; x_wconf 84' lang='lat' dir='ltr'><strong>ascendit</strong></span> <span class='ocrx_word' id='word_1_132' title='bbox 907 1153 960 1197; x_wconf 87' lang='lat' dir='ltr'><strong>ad</strong></span> <span class='ocrx_word' id='word_1_133' title='bbox 983 1154 1099 1197; x_wconf 89' lang='lat' dir='ltr'><strong>diem</strong></span> <span class='ocrx_word' id='word_1_134' title='bbox 1120 1151 1276 1195; x_wconf 77' lang='lat' dir='ltr'><strong>testum</strong></span> <span class='ocrx_word' id='word_1_135' title='bbox 1298 1172 1309 1209; x_wconf 80' lang='lat'><em>3</em></span> <span class='ocrx_word' id='word_1_136' title='bbox 1330 1167 1417 1195; x_wconf 91' lang='lat' dir='ltr'><strong>non</strong></span> 
     </span>
     <span class='ocr_line' id='line_1_15' title="bbox 27 1222 1418 1287; baseline -0.005 -15"><span class='ocrx_word' id='word_1_137' title='bbox 27 1246 48 1270; x_wconf 91' lang='lat'>»</span> <span class='ocrx_word' id='word_1_138' title='bbox 83 1227 308 1272; x_wconf 79' lang='lat' dir='ltr'><strong>manifeste</strong></span> <span class='ocrx_word' id='word_1_139' title='bbox 325 1263 336 1282; x_wconf 95' lang='lat'><strong>,</strong></span> <span class='ocrx_word' id='word_1_140' title='bbox 357 1228 431 1271; x_wconf 88' lang='lat' dir='ltr'><strong>sed</strong></span> <span class='ocrx_word' id='word_1_141' title='bbox 453 1227 574 1287; x_wconf 86' lang='lat' dir='ltr'><strong>quasi</strong></span> <span class='ocrx_word' id='word_1_142' title='bbox 597 1228 641 1270; x_wconf 90' lang='lat' dir='ltr'><strong>in</strong></span> <span class='ocrx_word' id='word_1_143' title='bbox 665 1225 879 1270; x_wconf 64' lang='lat' dir='ltr'><strong>oecuti02.</strong></span> <span class='ocrx_word' id='word_1_144' title='bbox 910 1244 929 1265; x_wconf 74' lang='lat' dir='ltr'><strong>n</strong></span> <span class='ocrx_word' id='word_1_145' title='bbox 956 1224 1061 1268; x_wconf 89' lang='lat' dir='ltr'><strong>Ideo</strong></span> <span class='ocrx_word' id='word_1_146' title='bbox 1082 1243 1102 1265; x_wconf 93' lang='lat'>«</span> <span class='ocrx_word' id='word_1_147' title='bbox 1124 1238 1212 1267; x_wconf 93' lang='lat' dir='ltr'><strong>non</strong></span> <span class='ocrx_word' id='word_1_148' title='bbox 1231 1222 1284 1266; x_wconf 87' lang='lat' dir='ltr'><strong>ad</strong></span> <span class='ocrx_word' id='word_1_149' title='bbox 1303 1222 1418 1266; x_wconf 87' lang='lat' dir='ltr'><strong>diem</strong></span> 
     </span>
     <span class='ocr_line' id='line_1_16' title="bbox 29 1292 1420 1357; baseline -0.002 -18"><span class='ocrx_word' id='word_1_150' title='bbox 29 1318 48 1340; x_wconf 88' lang='lat'>»</span> <span class='ocrx_word' id='word_1_151' title='bbox 85 1298 243 1342; x_wconf 87' lang='lat' dir='ltr'><strong>festum</strong></span> <span class='ocrx_word' id='word_1_152' title='bbox 267 1300 402 1351; x_wconf 87' lang='lat' dir='ltr'><strong>hunc,</strong></span> <span class='ocrx_word' id='word_1_153' title='bbox 420 1317 439 1338; x_wconf 68' lang='grc' dir='ltr'><strong>υ</strong></span> <span class='ocrx_word' id='word_1_154' title='bbox 466 1298 567 1357; x_wconf 89' lang='lat' dir='ltr'><strong>quia</strong></span> <span class='ocrx_word' id='word_1_155' title='bbox 586 1312 674 1340; x_wconf 94' lang='lat' dir='ltr'><strong>non</strong></span> <span class='ocrx_word' id='word_1_156' title='bbox 700 1296 871 1355; x_wconf 77' lang='lat' dir='ltr'><strong>gloriari</strong></span> <span class='ocrx_word' id='word_1_157' title='bbox 894 1294 1214 1353; x_wconf 82' lang='lat' dir='ltr'><strong>temporaliter,</strong></span> <span class='ocrx_word' id='word_1_158' title='bbox 1240 1292 1314 1336; x_wconf 86' lang='lat' dir='ltr'><strong>sed</strong></span> <span class='ocrx_word' id='word_1_159' title='bbox 1338 1292 1420 1336; x_wconf 86' lang='lat' dir='ltr'><strong>ali-</strong></span> 
     </span>
     <span class='ocr_line' id='line_1_17' title="bbox 26 1362 1420 1430; baseline -0.004 -17"><span class='ocrx_word' id='word_1_160' title='bbox 26 1370 134 1430; x_wconf 86' lang='lat' dir='ltr'><strong>quid</strong></span> <span class='ocrx_word' id='word_1_161' title='bbox 155 1369 312 1413; x_wconf 87' lang='lat' dir='ltr'><strong>docere</strong></span> <span class='ocrx_word' id='word_1_162' title='bbox 334 1368 565 1413; x_wconf 80' lang='lat' dir='ltr'><strong>salubriter</strong></span> <span class='ocrx_word' id='word_1_163' title='bbox 580 1403 591 1422; x_wconf 95' lang='lat'><strong>,</strong></span> <span class='ocrx_word' id='word_1_164' title='bbox 631 1368 842 1423; x_wconf 83' lang='lat' dir='ltr'><strong>corrigere</strong></span> <span class='ocrx_word' id='word_1_165' title='bbox 872 1367 1069 1409; x_wconf 87' lang='lat' dir='ltr'><strong>homines</strong></span> <span class='ocrx_word' id='word_1_166' title='bbox 1085 1400 1096 1417; x_wconf 92' lang='lat'><strong>,</strong></span> <span class='ocrx_word' id='word_1_167' title='bbox 1127 1364 1182 1409; x_wconf 87' lang='lat' dir='ltr'><strong>de</strong></span> <span class='ocrx_word' id='word_1_168' title='bbox 1205 1364 1276 1407; x_wconf 88' lang='lat' dir='ltr'><strong>die</strong></span> <span class='ocrx_word' id='word_1_169' title='bbox 1310 1362 1420 1408; x_wconf 85' lang='lat' dir='ltr'><strong>festo</strong></span> 
     </span>
     <span class='ocr_line' id='line_1_18' title="bbox 25 1435 1420 1493; baseline -0.003 -11"><span class='ocrx_word' id='word_1_170' title='bbox 25 1450 190 1483; x_wconf 72' lang='lat' dir='ltr'><strong>:eterno</strong></span> <span class='ocrx_word' id='word_1_171' title='bbox 215 1439 472 1493; x_wconf 87' lang='lat' dir='ltr'><strong>admonere,</strong></span> <span class='ocrx_word' id='word_1_172' title='bbox 499 1453 689 1482; x_wconf 86' lang='lat' dir='ltr'><strong>amorem</strong></span> <span class='ocrx_word' id='word_1_173' title='bbox 711 1439 766 1480; x_wconf 81' lang='lat' dir='ltr'><strong>ab</strong></span> <span class='ocrx_word' id='word_1_174' title='bbox 791 1438 872 1481; x_wconf 87' lang='lat' dir='ltr'><strong>hoc</strong></span> <span class='ocrx_word' id='word_1_175' title='bbox 891 1436 1052 1480; x_wconf 85' lang='lat' dir='ltr'><strong>saeculo</strong></span> <span class='ocrx_word' id='word_1_176' title='bbox 1071 1446 1288 1490; x_wconf 88' lang='lat' dir='ltr'><strong>avertere,</strong></span> <span class='ocrx_word' id='word_1_177' title='bbox 1315 1445 1358 1479; x_wconf 90' lang='lat' dir='ltr'><strong>et</strong></span> <span class='ocrx_word' id='word_1_178' title='bbox 1374 1435 1420 1478; x_wconf 91' lang='lat' dir='ltr'><strong>in</strong></span> 
     </span>
     <span class='ocr_line' id='line_1_19' title="bbox 26 1506 1420 1567; baseline -0.004 -13"><span class='ocrx_word' id='word_1_179' title='bbox 26 1513 163 1554; x_wconf 90' lang='lat' dir='ltr'><strong>Deum</strong></span> <span class='ocrx_word' id='word_1_180' title='bbox 188 1519 442 1554; x_wconf 83' lang='lat' dir='ltr'><strong>convertere</strong></span> <span class='ocrx_word' id='word_1_181' title='bbox 474 1509 694 1567; x_wconf 88' lang='lat' dir='ltr'><strong>cupiebat.</strong></span> <span class='ocrx_word' id='word_1_182' title='bbox 722 1507 838 1560; x_wconf 84' lang='lat' dir='ltr'><strong>Quid</strong></span> <span class='ocrx_word' id='word_1_183' title='bbox 867 1517 928 1552; x_wconf 90' lang='lat' dir='ltr'><strong>est</strong></span> <span class='ocrx_word' id='word_1_184' title='bbox 954 1517 1101 1551; x_wconf 87' lang='lat' dir='ltr'><strong>autem</strong></span> <span class='ocrx_word' id='word_1_185' title='bbox 1118 1542 1128 1562; x_wconf 95' lang='lat'><strong>,</strong></span> <span class='ocrx_word' id='word_1_186' title='bbox 1159 1526 1178 1548; x_wconf 90' lang='lat'>«</span> <span class='ocrx_word' id='word_1_187' title='bbox 1204 1507 1331 1559; x_wconf 87' lang='lat' dir='ltr'><strong>Quasi</strong></span> <span class='ocrx_word' id='word_1_188' title='bbox 1354 1506 1420 1549; x_wconf 89' lang='lat' dir='ltr'><strong>la·-</strong></span> 
     </span>
     <span class='ocr_line' id='line_1_20' title="bbox 29 1578 1421 1625; baseline 0 -4"><span class='ocrx_word' id='word_1_189' title='bbox 29 1600 48 1621; x_wconf 84' lang='lat'>»</span> <span class='ocrx_word' id='word_1_190' title='bbox 85 1590 228 1625; x_wconf 86' lang='lat' dir='ltr'><strong>tenter</strong></span> <span class='ocrx_word' id='word_1_191' title='bbox 256 1580 450 1624; x_wconf 86' lang='lat' dir='ltr'><strong>ascendit</strong></span> <span class='ocrx_word' id='word_1_192' title='bbox 481 1580 534 1624; x_wconf 84' lang='lat' dir='ltr'><strong>ad</strong></span> <span class='ocrx_word' id='word_1_193' title='bbox 572 1579 689 1622; x_wconf 89' lang='lat' dir='ltr'><strong>diem</strong></span> <span class='ocrx_word' id='word_1_194' title='bbox 723 1579 914 1623; x_wconf 79' lang='lat' dir='ltr'><strong>festum?</strong></span> <span class='ocrx_word' id='word_1_195' title='bbox 949 1597 967 1619; x_wconf 89' lang='lat'>»</span> <span class='ocrx_word' id='word_1_196' title='bbox 994 1581 1091 1622; x_wconf 93' lang='lat' dir='ltr'><strong>Non</strong></span> <span class='ocrx_word' id='word_1_197' title='bbox 1116 1587 1239 1622; x_wconf 88' lang='lat' dir='ltr'><strong>vacat</strong></span> <span class='ocrx_word' id='word_1_198' title='bbox 1272 1587 1315 1621; x_wconf 86' lang='lat' dir='ltr'><strong>et</strong></span> <span class='ocrx_word' id='word_1_199' title='bbox 1338 1578 1421 1621; x_wconf 89' lang='lat' dir='ltr'><strong>hoc</strong></span> 
     </span>
     <span class='ocr_line' id='line_1_21' title="bbox 27 1648 1421 1708; baseline -0.004 -11"><span class='ocrx_word' id='word_1_200' title='bbox 27 1653 217 1697; x_wconf 85' lang='lat' dir='ltr'><strong>Domini.</strong></span> <span class='ocrx_word' id='word_1_201' title='bbox 250 1651 434 1695; x_wconf 86' lang='lat' dir='ltr'><strong>Videtur</strong></span> <span class='ocrx_word' id='word_1_202' title='bbox 462 1651 566 1694; x_wconf 86' lang='lat' dir='ltr'><strong>mihi</strong></span> <span class='ocrx_word' id='word_1_203' title='bbox 588 1686 598 1703; x_wconf 91' lang='lat'><strong>,</strong></span> <span class='ocrx_word' id='word_1_204' title='bbox 632 1650 808 1704; x_wconf 84' lang='lat' dir='ltr'><strong>fratres,</strong></span> <span class='ocrx_word' id='word_1_205' title='bbox 835 1650 966 1693; x_wconf 86' lang='lat' dir='ltr'><strong>etiam</strong></span> <span class='ocrx_word' id='word_1_206' title='bbox 993 1650 1091 1692; x_wconf 88' lang='lat' dir='ltr'><strong>hinc</strong></span> <span class='ocrx_word' id='word_1_207' title='bbox 1110 1683 1120 1703; x_wconf 93' lang='lat'><strong>,</strong></span> <span class='ocrx_word' id='word_1_208' title='bbox 1153 1648 1274 1708; x_wconf 87' lang='lat' dir='ltr'><strong>quod</strong></span> <span class='ocrx_word' id='word_1_209' title='bbox 1296 1648 1421 1708; x_wconf 88' lang='lat' dir='ltr'><strong>quasi</strong></span> 
     </span>
     <span class='ocr_line' id='line_1_22' title="bbox 27 1719 1422 1780; baseline -0.004 -13"><span class='ocrx_word' id='word_1_210' title='bbox 27 1724 212 1767; x_wconf 86' lang='lat' dir='ltr'><strong>latenter</strong></span> <span class='ocrx_word' id='word_1_211' title='bbox 235 1722 428 1766; x_wconf 86' lang='lat' dir='ltr'><strong>ascendit</strong></span> <span class='ocrx_word' id='word_1_212' title='bbox 447 1757 457 1773; x_wconf 96' lang='lat'><strong>,</strong></span> <span class='ocrx_word' id='word_1_213' title='bbox 487 1721 652 1780; x_wconf 86' lang='lat' dir='ltr'><strong>aliquid</strong></span> <span class='ocrx_word' id='word_1_214' title='bbox 685 1721 927 1779; x_wconf 84' lang='lat' dir='ltr'><strong>significare</strong></span> <span class='ocrx_word' id='word_1_215' title='bbox 948 1719 1135 1763; x_wconf 88' lang='lat' dir='ltr'><strong>voluisse</strong></span> <span class='ocrx_word' id='word_1_216' title='bbox 1158 1739 1166 1763; x_wconf 73' lang='grc' dir='ltr'>ε</span> <span class='ocrx_word' id='word_1_217' title='bbox 1193 1734 1293 1762; x_wconf 85' lang='lat' dir='ltr'><strong>nam</strong></span> <span class='ocrx_word' id='word_1_218' title='bbox 1316 1734 1422 1763; x_wconf 89' lang='lat' dir='ltr'><strong>con-</strong></span> 
     </span>
     <span class='ocr_line' id='line_1_23' title="bbox 27 1789 1420 1854; baseline -0.002 -17"><span class='ocrx_word' id='word_1_219' title='bbox 27 1794 252 1854; x_wconf 89' lang='lat' dir='ltr'><strong>sequentia</strong></span> <span class='ocrx_word' id='word_1_220' title='bbox 284 1792 534 1845; x_wconf 87' lang='lat' dir='ltr'><strong>docebunt,</strong></span> <span class='ocrx_word' id='word_1_221' title='bbox 560 1793 620 1835; x_wconf 89' lang='lat' dir='ltr'><strong>sic</strong></span> <span class='ocrx_word' id='word_1_222' title='bbox 643 1807 743 1834; x_wconf 89' lang='lat' dir='ltr'><strong>eum</strong></span> <span class='ocrx_word' id='word_1_223' title='bbox 770 1791 1010 1835; x_wconf 77' lang='lat' dir='ltr'><strong>ascendisse</strong></span> <span class='ocrx_word' id='word_1_224' title='bbox 1028 1790 1217 1834; x_wconf 83' lang='lat' dir='ltr'><strong>mediato</strong></span> <span class='ocrx_word' id='word_1_225' title='bbox 1240 1790 1310 1833; x_wconf 86' lang='lat' dir='ltr'><strong>die</strong></span> <span class='ocrx_word' id='word_1_226' title='bbox 1336 1789 1420 1834; x_wconf 82' lang='lat' dir='ltr'><strong>fes-</strong></span> 
     </span>
     <span class='ocr_line' id='line_1_24' title="bbox 28 1861 1417 1920; baseline -0.004 -11"><span class='ocrx_word' id='word_1_227' title='bbox 28 1875 96 1916; x_wconf 84' lang='lat' dir='ltr'><strong>to,</strong></span> <span class='ocrx_word' id='word_1_228' title='bbox 122 1864 165 1908; x_wconf 89' lang='lat' dir='ltr'><strong>id</strong></span> <span class='ocrx_word' id='word_1_229' title='bbox 189 1873 251 1907; x_wconf 86' lang='lat' dir='ltr'><strong>est</strong></span> <span class='ocrx_word' id='word_1_230' title='bbox 266 1899 276 1917; x_wconf 97' lang='lat'><strong>,</strong></span> <span class='ocrx_word' id='word_1_231' title='bbox 302 1862 500 1906; x_wconf 86' lang='lat' dir='ltr'><strong>mediatis</strong></span> <span class='ocrx_word' id='word_1_232' title='bbox 523 1861 606 1905; x_wconf 88' lang='lat' dir='ltr'><strong>illis</strong></span> <span class='ocrx_word' id='word_1_233' title='bbox 629 1861 784 1906; x_wconf 90' lang='lat' dir='ltr'><strong>diebus</strong></span> <span class='ocrx_word' id='word_1_234' title='bbox 799 1897 809 1917; x_wconf 87' lang='lat'><strong>,</strong></span> <span class='ocrx_word' id='word_1_235' title='bbox 842 1872 893 1905; x_wconf 92' lang='lat' dir='ltr'><strong>ut</strong></span> <span class='ocrx_word' id='word_1_236' title='bbox 911 1863 1040 1905; x_wconf 86' lang='lat' dir='ltr'><strong>etiam</strong></span> <span class='ocrx_word' id='word_1_237' title='bbox 1066 1861 1207 1920; x_wconf 86' lang='lat' dir='ltr'><strong>palam</strong></span> <span class='ocrx_word' id='word_1_238' title='bbox 1226 1862 1417 1905; x_wconf 87' lang='lat' dir='ltr'><strong>doceret.</strong></span> 
     </span>
     <span class='ocr_line' id='line_1_25' title="bbox 31 1931 1417 1994; baseline -0.004 -14"><span class='ocrx_word' id='word_1_239' title='bbox 31 1935 115 1980; x_wconf 90' lang='lat' dir='ltr'><strong>Sed</strong></span> <span class='ocrx_word' id='word_1_240' title='bbox 137 1954 156 1977; x_wconf 91' lang='lat'>«</span> <span class='ocrx_word' id='word_1_241' title='bbox 177 1935 301 1994; x_wconf 85' lang='lat' dir='ltr'><strong>quasi</strong></span> <span class='ocrx_word' id='word_1_242' title='bbox 318 1933 504 1977; x_wconf 85' lang='lat' dir='ltr'><strong>latenter</strong></span> <span class='ocrx_word' id='word_1_243' title='bbox 530 1952 548 1973; x_wconf 87' lang='lat'>»</span> <span class='ocrx_word' id='word_1_244' title='bbox 576 1931 712 1987; x_wconf 83' lang='lat' dir='ltr'><strong>dixit,</strong></span> <span class='ocrx_word' id='word_1_245' title='bbox 741 1947 796 1976; x_wconf 88' lang='lat' dir='ltr'><strong>ne</strong></span> <span class='ocrx_word' id='word_1_246' title='bbox 819 1948 863 1976; x_wconf 90' lang='lat' dir='ltr'><strong>se</strong></span> <span class='ocrx_word' id='word_1_247' title='bbox 881 1931 1130 1976; x_wconf 87' lang='lat' dir='ltr'><strong>ostenderet</strong></span> <span class='ocrx_word' id='word_1_248' title='bbox 1153 1932 1417 1975; x_wconf 89' lang='lat' dir='ltr'><strong>hominibus.</strong></span> 
     </span>
     <span class='ocr_line' id='line_1_26' title="bbox 29 2002 1420 2064; baseline -0.004 -14"><span class='ocrx_word' id='word_1_249' title='bbox 29 2009 125 2051; x_wconf 89' lang='lat' dir='ltr'><strong>Non</strong></span> <span class='ocrx_word' id='word_1_250' title='bbox 155 2015 279 2050; x_wconf 90' lang='lat' dir='ltr'><strong>vacat</strong></span> <span class='ocrx_word' id='word_1_251' title='bbox 310 2003 431 2064; x_wconf 90' lang='lat' dir='ltr'><strong>quod</strong></span> <span class='ocrx_word' id='word_1_252' title='bbox 459 2003 646 2047; x_wconf 86' lang='lat' dir='ltr'><strong>latenter</strong></span> <span class='ocrx_word' id='word_1_253' title='bbox 669 2003 862 2047; x_wconf 85' lang='lat' dir='ltr'><strong>ascendit</strong></span> <span class='ocrx_word' id='word_1_254' title='bbox 889 2004 1088 2048; x_wconf 88' lang='lat' dir='ltr'><strong>Christus</strong></span> <span class='ocrx_word' id='word_1_255' title='bbox 1111 2003 1165 2046; x_wconf 87' lang='lat' dir='ltr'><strong>ad</strong></span> <span class='ocrx_word' id='word_1_256' title='bbox 1196 2002 1310 2046; x_wconf 88' lang='lat' dir='ltr'><strong>diem</strong></span> <span class='ocrx_word' id='word_1_257' title='bbox 1336 2003 1420 2046; x_wconf 64' lang='lat' dir='ltr'><strong>fes&lt;</strong></span> 
     </span>
     <span class='ocr_line' id='line_1_27' title="bbox 32 2072 1421 2135; baseline -0.003 -15"><span class='ocrx_word' id='word_1_258' title='bbox 32 2089 122 2120; x_wconf 86' lang='lat' dir='ltr'><strong>tum</strong></span> <span class='ocrx_word' id='word_1_259' title='bbox 143 2111 153 2129; x_wconf 87' lang='lat'><strong>,</strong></span> <span class='ocrx_word' id='word_1_260' title='bbox 190 2076 292 2135; x_wconf 88' lang='lat' dir='ltr'><strong>quia</strong></span> <span class='ocrx_word' id='word_1_261' title='bbox 313 2076 404 2134; x_wconf 86' lang='lat' dir='ltr'><strong>ipse</strong></span> <span class='ocrx_word' id='word_1_262' title='bbox 426 2074 591 2118; x_wconf 86' lang='lat' dir='ltr'><strong>latebat</strong></span> <span class='ocrx_word' id='word_1_263' title='bbox 609 2074 654 2116; x_wconf 88' lang='lat' dir='ltr'><strong>in</strong></span> <span class='ocrx_word' id='word_1_264' title='bbox 677 2073 751 2118; x_wconf 91' lang='lat' dir='ltr'><strong>illo</strong></span> <span class='ocrx_word' id='word_1_265' title='bbox 770 2074 839 2117; x_wconf 90' lang='lat' dir='ltr'><strong>die</strong></span> <span class='ocrx_word' id='word_1_266' title='bbox 870 2073 996 2117; x_wconf 84' lang='lat' dir='ltr'><strong>sesto.</strong></span> <span class='ocrx_word' id='word_1_267' title='bbox 1020 2072 1176 2117; x_wconf 85' lang='lat' dir='ltr'><strong>Adhuc</strong></span> <span class='ocrx_word' id='word_1_268' title='bbox 1194 2074 1320 2116; x_wconf 89' lang='lat' dir='ltr'><strong>etiarn</strong></span> <span class='ocrx_word' id='word_1_269' title='bbox 1341 2087 1421 2131; x_wconf 84' lang='lat' dir='ltr'><strong>ego</strong></span> 
     </span>
     <span class='ocr_line' id='line_1_28' title="bbox 30 2142 1422 2207; baseline -0.002 -17"><span class='ocrx_word' id='word_1_270' title='bbox 30 2146 150 2207; x_wconf 88' lang='lat' dir='ltr'><strong>quod</strong></span> <span class='ocrx_word' id='word_1_271' title='bbox 180 2145 268 2189; x_wconf 77' lang='lat' dir='ltr'><strong>dixi</strong></span> <span class='ocrx_word' id='word_1_272' title='bbox 291 2145 335 2187; x_wconf 90' lang='lat' dir='ltr'><strong>in</strong></span> <span class='ocrx_word' id='word_1_273' title='bbox 355 2142 540 2187; x_wconf 84' lang='lat' dir='ltr'><strong>latibulo</strong></span> <span class='ocrx_word' id='word_1_274' title='bbox 564 2153 641 2187; x_wconf 80' lang='lat' dir='ltr'><strong>est.</strong></span> <span class='ocrx_word' id='word_1_275' title='bbox 667 2143 970 2188; x_wconf 79' lang='lat' dir='ltr'><strong>Manil&#39;estetur</strong></span> <span class='ocrx_word' id='word_1_276' title='bbox 991 2159 1094 2202; x_wconf 82' lang='lat' dir='ltr'><strong>ergo</strong></span> <span class='ocrx_word' id='word_1_277' title='bbox 1109 2179 1119 2199; x_wconf 96' lang='lat'><strong>,</strong></span> <span class='ocrx_word' id='word_1_278' title='bbox 1146 2143 1325 2187; x_wconf 88' lang='lat' dir='ltr'><strong>tollatur</strong></span> <span class='ocrx_word' id='word_1_279' title='bbox 1345 2158 1422 2187; x_wconf 86' lang='lat' dir='ltr'><strong>ve-</strong></span> 
     </span>
     <span class='ocr_line' id='line_1_29' title="bbox 30 2213 942 2274; baseline -0.003 -14"><span class='ocrx_word' id='word_1_280' title='bbox 30 2217 145 2267; x_wconf 83' lang='lat' dir='ltr'><strong>lum,</strong></span> <span class='ocrx_word' id='word_1_281' title='bbox 166 2226 210 2260; x_wconf 89' lang='lat' dir='ltr'><strong>et</strong></span> <span class='ocrx_word' id='word_1_282' title='bbox 226 2223 432 2274; x_wconf 88' lang='lat' dir='ltr'><strong>appareat</strong></span> <span class='ocrx_word' id='word_1_283' title='bbox 454 2213 576 2273; x_wconf 87' lang='lat' dir='ltr'><strong>quod</strong></span> <span class='ocrx_word' id='word_1_284' title='bbox 599 2223 690 2257; x_wconf 86' lang='lat' dir='ltr'><strong>erat</strong></span> <span class='ocrx_word' id='word_1_285' title='bbox 713 2224 942 2258; x_wconf 81' lang='lat' dir='ltr'><strong>secretum.</strong></span> 
     </span>
    </p>

    <p class='ocr_par' dir='ltr' id='par_1_3' title="bbox 29 2284 1423 2558">
     <span class='ocr_line' id='line_1_30' title="bbox 101 2284 1423 2345; baseline -0.002 -15"><span class='ocrx_word' id='word_1_286' title='bbox 101 2289 178 2330; x_wconf 84' lang='lat' dir='ltr'><strong>IX.</strong></span> <span class='ocrx_word' id='word_1_287' title='bbox 204 2286 359 2330; x_wconf 86' lang='lat' dir='ltr'><strong>Omnia</strong></span> <span class='ocrx_word' id='word_1_288' title='bbox 395 2300 493 2338; x_wconf 82' lang='lat' dir='ltr'><strong>quae</strong></span> <span class='ocrx_word' id='word_1_289' title='bbox 527 2284 640 2328; x_wconf 86' lang='lat' dir='ltr'><strong>dicta</strong></span> <span class='ocrx_word' id='word_1_290' title='bbox 666 2295 767 2328; x_wconf 87' lang='lat' dir='ltr'><strong>sunt</strong></span> <span class='ocrx_word' id='word_1_291' title='bbox 803 2286 984 2345; x_wconf 89' lang='lat' dir='ltr'><strong>antiquo</strong></span> <span class='ocrx_word' id='word_1_292' title='bbox 1022 2284 1187 2345; x_wconf 89' lang='lat' dir='ltr'><strong>populo</strong></span> <span class='ocrx_word' id='word_1_293' title='bbox 1224 2285 1353 2329; x_wconf 66' lang='lat' dir='ltr'><strong>lsrael</strong></span> <span class='ocrx_word' id='word_1_294' title='bbox 1376 2285 1423 2328; x_wconf 92' lang='lat' dir='ltr'><strong>in</strong></span> 
     </span>
     <span class='ocr_line' id='line_1_31' title="bbox 31 2355 1421 2415; baseline -0.002 -15"><span class='ocrx_word' id='word_1_295' title='bbox 31 2356 261 2414; x_wconf 80' lang='lat' dir='ltr'><strong>multiplici</strong></span> <span class='ocrx_word' id='word_1_296' title='bbox 299 2355 519 2412; x_wconf 88' lang='lat' dir='ltr'><strong>Scriptura</strong></span> <span class='ocrx_word' id='word_1_297' title='bbox 554 2364 713 2398; x_wconf 74' lang='lat' dir='ltr'><strong>sanctae</strong></span> <span class='ocrx_word' id='word_1_298' title='bbox 738 2357 860 2413; x_wconf 77' lang='lat' dir='ltr'><strong>Legis</strong></span> <span class='ocrx_word' id='word_1_299' title='bbox 876 2391 886 2409; x_wconf 87' lang='lat'><strong>,</strong></span> <span class='ocrx_word' id='word_1_300' title='bbox 913 2372 1012 2415; x_wconf 78' lang='lat' dir='ltr'><strong>quae</strong></span> <span class='ocrx_word' id='word_1_301' title='bbox 1037 2365 1214 2414; x_wconf 80' lang='lat' dir='ltr'><strong>agerent</strong></span> <span class='ocrx_word' id='word_1_302' title='bbox 1231 2391 1240 2409; x_wconf 96' lang='lat'><strong>,</strong></span> <span class='ocrx_word' id='word_1_303' title='bbox 1266 2356 1354 2399; x_wconf 89' lang='lat' dir='ltr'><strong>sive</strong></span> <span class='ocrx_word' id='word_1_304' title='bbox 1376 2355 1421 2398; x_wconf 90' lang='lat' dir='ltr'><strong>in</strong></span> 
     </span>
     <span class='ocr_line' id='line_1_32' title="bbox 29 2424 1421 2481; baseline -0.002 -10"><span class='ocrx_word' id='word_1_305' title='bbox 29 2427 266 2481; x_wconf 85' lang='lat' dir='ltr'><strong>sacrificiis,</strong></span> <span class='ocrx_word' id='word_1_306' title='bbox 290 2427 376 2469; x_wconf 89' lang='lat' dir='ltr'><strong>sive</strong></span> <span class='ocrx_word' id='word_1_307' title='bbox 393 2427 437 2468; x_wconf 92' lang='lat' dir='ltr'><strong>in</strong></span> <span class='ocrx_word' id='word_1_308' title='bbox 459 2424 726 2480; x_wconf 81' lang='lat' dir='ltr'><strong>sacerdotiis,</strong></span> <span class='ocrx_word' id='word_1_309' title='bbox 748 2426 837 2470; x_wconf 88' lang='lat' dir='ltr'><strong>sive</strong></span> <span class='ocrx_word' id='word_1_310' title='bbox 861 2427 905 2469; x_wconf 93' lang='lat' dir='ltr'><strong>in</strong></span> <span class='ocrx_word' id='word_1_311' title='bbox 922 2427 1076 2470; x_wconf 85' lang='lat' dir='ltr'><strong>diebus</strong></span> <span class='ocrx_word' id='word_1_312' title='bbox 1096 2426 1213 2470; x_wconf 81' lang='lat' dir='ltr'><strong>festis</strong></span> <span class='ocrx_word' id='word_1_313' title='bbox 1229 2462 1238 2480; x_wconf 99' lang='lat'><strong>,</strong></span> <span class='ocrx_word' id='word_1_314' title='bbox 1266 2436 1308 2470; x_wconf 90' lang='lat' dir='ltr'><strong>et</strong></span> <span class='ocrx_word' id='word_1_315' title='bbox 1331 2440 1421 2469; x_wconf 87' lang='lat' dir='ltr'><strong>om-</strong></span> 
     </span>
     <span class='ocr_line' id='line_1_33' title="bbox 31 2495 1419 2558; baseline -0.002 -16"><span class='ocrx_word' id='word_1_316' title='bbox 31 2500 135 2544; x_wconf 89' lang='lat' dir='ltr'><strong>nino</strong></span> <span class='ocrx_word' id='word_1_317' title='bbox 166 2498 211 2541; x_wconf 93' lang='lat' dir='ltr'><strong>in</strong></span> <span class='ocrx_word' id='word_1_318' title='bbox 232 2495 500 2558; x_wconf 84' lang='lat' dir='ltr'><strong>quibuslibet</strong></span> <span class='ocrx_word' id='word_1_319' title='bbox 531 2497 659 2541; x_wconf 87' lang='lat' dir='ltr'><strong>rebus</strong></span> <span class='ocrx_word' id='word_1_320' title='bbox 682 2498 845 2556; x_wconf 85' lang='lat' dir='ltr'><strong>quibus</strong></span> <span class='ocrx_word' id='word_1_321' title='bbox 881 2501 1016 2541; x_wconf 85' lang='lat' dir='ltr'><strong>Deum</strong></span> <span class='ocrx_word' id='word_1_322' title='bbox 1041 2497 1272 2551; x_wconf 86' lang='lat' dir='ltr'><strong>colebant,</strong></span> <span class='ocrx_word' id='word_1_323' title='bbox 1298 2512 1419 2556; x_wconf 66' lang='lat' dir='ltr'><strong>quse-</strong></span> 
     </span>
    </p>
   </div>
   <div class='ocr_carea' id='block_1_3' title="bbox 81 2581 637 2623">
    <p class='ocr_par' dir='ltr' id='par_1_4' title="bbox 81 2581 637 2623">
     <span class='ocr_line' id='line_1_34' title="bbox 81 2581 637 2623; baseline -0.005 -9"><span class='ocrx_word' id='word_1_324' title='bbox 81 2590 88 2605; x_wconf 90' lang='lat'>¹</span> <span class='ocrx_word' id='word_1_325' title='bbox 110 2584 199 2614; x_wconf 85' lang='lat' dir='ltr'><strong>Joan.</strong></span> <span class='ocrx_word' id='word_1_326' title='bbox 215 2584 321 2623; x_wconf 83' lang='lat' dir='ltr'><strong>vn,8.</strong></span> <span class='ocrx_word' id='word_1_327' title='bbox 340 2599 378 2604; x_wconf 86' lang='lat'><strong>—</strong></span> <span class='ocrx_word' id='word_1_328' title='bbox 401 2588 411 2598; x_wconf 70' lang='lat'><em>⁷</em></span> <span class='ocrx_word' id='word_1_329' title='bbox 427 2581 507 2612; x_wconf 84' lang='lat' dir='ltr'><strong>lbid.</strong></span> <span class='ocrx_word' id='word_1_330' title='bbox 529 2592 562 2622; x_wconf 78' lang='lat'><strong>9,</strong></span> <span class='ocrx_word' id='word_1_331' title='bbox 588 2592 637 2612; x_wconf 81' lang='lat' dir='ltr'><strong>io.</strong></span> 
     </span>
    </p>
   </div>
   <div class='ocr_carea' id='block_1_4' title="bbox 38 543 47 563">
    <p class='ocr_par' dir='ltr' id='par_1_5' title="bbox 38 543 47 563">
     <span class='ocr_line' id='line_1_35' title="bbox 38 543 47 563; textangle 90"><span class='ocrx_word' id='word_1_332' title='bbox 38 543 47 563; x_wconf 74' lang='grc'><strong>,-</strong></span> 
     </span>
    </p>
   </div>
  </div>
 </body>
</html>
