1809 3173
377 179 460 218 478
808 190 842 219 s.
879 190 1108 221 Aueus'rim
1141 196 1321 224 EPIscom

375 255 480 308 Quis
502 254 647 300 videt?
666 255 762 316 quis
786 259 960 315 gustat?
978 261 1096 312 Quos
1118 261 1266 305 oeulos
1288 260 1422 306 habet
1439 262 1571 307 homo
1587 298 1597 314 ‚
1623 271 1672 307 ut
1692 264 1753 308 vi-

373 326 473 370 deat
494 326 670 386 quando
692 328 907 372 moritur?
932 330 1117 383 Quando
1142 332 1356 376 veniendo
1379 349 1492 377 mors
1513 334 1625 392 ipsos
1648 350 1752 378 ocu-

372 396 436 440 los
465 396 630 441 claudit
657 414 712 442 ne
739 398 904 458 aliquid
931 400 1106 444 videant
1135 419 1142 444 :
1181 402 1402 460 quomodo
1436 404 1595 447 dieitur
1622 424 1640 445 «
1665 421 1754 449 non

375 485 395 508 »
430 468 598 513 videbit
624 472 839 514 mortem?
872 489 891 510 »
919 473 1029 513 Item
1061 487 1149 530 quo
1174 472 1319 530 palato
1336 509 1346 528 ‚
1372 475 1532 534 quibus
1553 475 1754 520 faucibus

372 554 487 583 mors
510 549 720 597 gustatur,
737 550 785 584 ut
807 540 914 600 quid
936 541 1071 599 sapiat
1085 541 1394 600 dignoscatur?
1410 544 1595 597 Quando
1614 555 1754 590 totum

371 624 543 654 sensum
569 611 704 665 tollit,
729 610 835 671 quid
862 611 906 654 in
929 611 1071 669 palato
1099 613 1374 657 remanebit?
1395 614 1480 658 Sed
1501 633 1519 655 «
1540 615 1705 659 videbit
1731 633 1752 658 »

371 679 536 724 dictum
558 691 646 736 est,
672 692 715 725 et
737 700 756 722 «
782 682 971 739 gustabit
998 700 1017 722 »
1044 698 1122 741 pro
1145 697 1196 726 eo
1218 682 1339 742 quod
1361 693 1424 727 est
1443 686 1700 743 experietur.

428 754 507 794 XI.
535 755 638 796 Haec
663 753 869 796 Dominus
884 789 894 808 ‚
916 769 1068 812 parum
1087 762 1150 797 est
1169 755 1203 798 si
1226 754 1366 798 dicam
1384 789 1394 809 ,
1420 756 1637 800 morituris
1654 792 1664 811 ‚
1689 755 1756 801 lo-

370 823 587 882 quebatur
609 825 844 868 moriturus
871 844 879 869 ·.
905 825 1006 884 quia
1025 834 1067 868 et
1093 825 1262 868 Domini
1281 826 1417 869 exitus
1441 828 1589 870 mortis
1608 863 1618 882 ,
1645 828 1756 872 sicut

369 891 565 951 loquitur
588 893 822 938 Psalmus¹.
846 897 958 939 Cum
979 910 1083 953 ergo
1105 905 1148 938 et
1170 895 1390 939 morituris
1412 896 1666 956 loqueretur
1681 933 1692 953 ‚
1713 907 1756 943 et

369 964 607 1009 moriturus
628 964 881 1024 loqueretur
899 1001 909 1020 ‚
937 965 1043 1025 quid
1061 966 1142 1009 sibi
1160 966 1254 1010 vult
1274 967 1390 1026 quod
1417 969 1495 1012 ait:
1516 988 1535 1010 «
1562 970 1646 1022 Qui
1667 985 1757 1013 ser-

372 1051 392 1074 »
429 1049 602 1079 monem
624 1051 770 1079 meum
789 1037 1046 1091 servaverit,
1073 1046 1256 1080 mortem
1276 1053 1365 1081 non
1389 1038 1555 1082 videbit
1572 1040 1616 1082 in
1633 1048 1755 1083 aeter-

372 1122 391 1146 »
428 1121 534 1149 num
556 1125 564 1151 z
594 1125 613 1147 »
642 1106 723 1150 nisi
746 1107 846 1166 quia
877 1106 1051 1150 videbat
1083 1108 1290 1152 Dominus
1316 1106 1440 1151 aliam
1466 1119 1673 1164 mortem,
1699 1109 1754 1154 de

369 1191 454 1234 qua
486 1193 564 1220 nos
601 1177 785 1221 liberare
819 1188 1021 1232 venerat,
1057 1188 1242 1222 mortem
1277 1180 1535 1234 secundam,
1567 1190 1753 1224 mortem

367 1256 588 1302 aeternam,
613 1258 795 1292 mortem
812 1249 1125 1307 gehennarum,
1144 1260 1324 1292 mortem
1344 1249 1630 1294 damnationis
1653 1266 1753 1295 cum

367 1315 543 1361 diabolo
561 1328 603 1361 et
621 1318 783 1376 angelis
806 1323 841 1378 ej
852 1320 928 1362 us‘?
952 1322 1046 1377 Ipsa
1070 1329 1132 1362 est
1154 1335 1254 1362 vera
1277 1335 1392 1363 mors
1418 1336 1426 1360 z
1451 1336 1550 1363 nam
1569 1321 1645 1365 ista
1670 1322 1752 1365 mi-

301 1393 308 1398 *
368 1387 504 1445 gratio
524 1397 601 1431 est.
618 1388 734 1440 Quid
753 1398 815 1431 est
837 1388 914 1431 ista
937 1391 1084 1432 mors?
1106 1388 1289 1433 Relictio
1312 1390 1519 1448 corporis,
1541 1390 1753 1450 depositio

365 1458 541 1501 sarcinae
564 1458 702 1516 gravis
727 1477 735 1503 :
761 1457 835 1502 sed
851 1458 883 1502 si
907 1458 987 1502 alia
1009 1459 1174 1503 sarcina
1200 1475 1288 1503 non
1306 1470 1505 1519 portetur
1521 1496 1532 1516 ‚
1558 1478 1643 1521 qua
1668 1463 1751 1506 ho-

365 1544 437 1572 mo
460 1529 504 1572 in
528 1531 745 1588 gehennas
778 1530 1085 1588 praecipitetur.
1113 1534 1174 1574 De
1200 1531 1288 1589 ipsa
1315 1547 1417 1590 ergo
1440 1541 1579 1576 morte
1603 1534 1752 1577 Domi-

364 1613 446 1642 nus
474 1598 579 1643 dixit
605 1618 614 1643 :
650 1618 670 1641 «
694 1602 880 1644 Mortem
902 1615 991 1643 non
1018 1599 1183 1644 videbit
1207 1601 1253 1644 in
1275 1611 1488 1645 aeternum
1507 1638 1517 1658 ‚
1555 1603 1630 1663 qui
1660 1619 1750 1648 ser-

366 1687 386 1711 »
422 1685 597 1714 monem
620 1686 767 1714 meum
790 1670 1034 1714 servaverit.
1064 1689 1084 1712 ›>

418 1742 519 1783 XII.
538 1743 637 1786 Non
651 1756 980 1799 expavescamus
996 1741 1120 1784 istam
1138 1749 1323 1784 mortem
1337 1775 1347 1795 ‚
1365 1741 1441 1785 sed
1458 1740 1575 1785 illam
1592 1743 1747 1788 timea-

359 1810 607 1864 mus.Quod
615 1820 678 1854 est
689 1820 834 1854 autem
847 1811 1032 1868 gravius,
1045 1810 1171 1853 multi
1186 1826 1383 1869 perverse
1396 1812 1587 1856 timendo
1600 1813 1742 1869 istam,

359 1881 606 1926 inciderunt
629 1882 676 1925 in
696 1881 829 1925 illam.
856 1881 1027 1924 Dictum
1052 1891 1114 1925 est
1136 1880 1373 1940 aliquibus,
1394 1880 1584 1926 Adorate
1603 1881 1739 1940 idola,

359 1952 479 2012 quod
491 1952 524 1996 si
539 1967 626 1996 non
636 1951 836 2005 feceritis,
848 1951 1164 1994 interficiemini
1178 1970 1186 1994 :
1199 1961 1272 1994 aut
1284 1951 1658 2010 quemadmodum
1670 1953 1743 1997 ille

358 2023 760 2068 Nabuchodonosor
788 2020 924 2065 dixit:
955 2040 975 2062 «
1002 2021 1043 2065 Si
1067 2037 1155 2064 non
1188 2020 1373 2065 feceritis
1391 2057 1401 2076 ‚
1432 2023 1663 2066 mittemini
1698 2024 1743 2068 in

361 2111 381 2134 »
417 2093 636 2137 caminum
663 2093 774 2151 ignis
796 2091 1024 2135 ardenti32.
1050 2090 1219 2135 »Multi
1248 2092 1490 2136 timuerunt
1520 2105 1561 2138 et
1584 2092 1741 2138 adora-

358 2175 531 2219 verunt,
549 2163 744 2207 nolentes
761 2161 871 2206 mori
893 2161 1052 2205 mortui
1070 2171 1171 2205 sunt
1193 2180 1200 2205 :
1228 2161 1421 2205 timendo
1439 2172 1623 2206 mortem
1641 2179 1740 2223 quae

358 2249 447 2278 non
469 2234 667 2278 evaditur
686 2268 696 2287 ‚
722 2231 968 2276 inciderunt
989 2231 1035 2274 in
1058 2241 1239 2275 mortem
1268 2246 1399 2291 quam
1429 2233 1612 2276 evadere
1641 2232 1740 2276 feli-

357 2305 462 2348 citer
483 2313 688 2364 possent,
721 2303 752 2347 si
776 2302 900 2345 istam
923 2317 1022 2360 quae
1053 2317 1140 2346 non
1168 2301 1366 2346 evaditur
1397 2300 1627 2346 infeliciter
1649 2319 1739 2347 non

358 2375 573 2419 timerent.
606 2377 739 2420 Natus
767 2388 832 2427 es,
871 2372 1029 2427 homo,
1064 2372 1299 2416 moriturus
1330 2387 1388 2415 es.
1421 2375 1515 2425 Qua
1550 2374 1630 2417 ibis
1651 2409 1662 2428 ‚
1688 2383 1738 2418 ut

354 2461 444 2491 non
453 2446 675 2491 moriaris?
687 2444 794 2505 quid
808 2442 934 2488 facies
947 2452 998 2487 ut
1009 2458 1098 2487 non
1109 2443 1328 2488 moriaris?
1344 2445 1399 2487 Ut
1412 2444 1620 2488 Dominus
1635 2452 1734 2488 tuus

408 2538 416 2554 ¹
438 2532 519 2566 Psal.
534 2542 632 2574 mvn,
650 2540 704 2564 21.
729 2546 771 2555 -·-
790 2534 805 2551 ²
824 2531 902 2562 Dan.
917 2540 964 2570 ιιι,
981 2527 1033 2560 15.
