1809 3173
326 129 407 163 500
755 136 787 161 s.
825 133 1052 159 AUGU‘aTlNl
1088 133 1264 157 EPISCOM

321 210 384 243 est
407 199 578 242 ostium.
608 197 899 254 Agnovimus,
924 194 1154 248 intremus,
1180 203 1254 238 aut
1272 209 1349 238 nos
1387 194 1564 237 intrasse
1593 209 1699 250 gauae

323 270 515 312 deamus.
557 285 575 306 ι(
601 268 762 309 Omnes
793 274 1011 324 quotquot
1045 273 1280 317 venerunt,
1307 262 1422 306 fures
1454 272 1617 306 sunt-ct
1640 263 1702 306 la-

323 358 342 379 »
381 339 568 381 trones¹.
596 355 627 393 ³n
654 335 771 388 Quid
805 344 868 378 est
895 335 978 378 hoc
1015 334 1221 387 Domine,
1248 354 1266 375 «
1293 335 1453 376 Omnes
1486 343 1703 392 quotquot

325 427 344 449 η
379 407 624 451 venerunt?
646 424 664 445 »
690 405 808 457 Quid
829 405 966 457 enim,
992 412 1042 446 tu
1059 418 1148 446 non
1169 404 1352 446 venisti?
1370 402 1452 447 Sed
1471 403 1663 460 intellige
1689 421 1697 446 :

326 497 346 519 «
381 478 540 520 Omnes
578 484 795 535 quotquot
816 481 1030 518 venerunt
1056 490 1075 512 »
1109 472 1217 526 dixi,
1251 473 1401 532 utique
1426 482 1580 532 praeter
1612 488 1695 516 me.

323 546 580 591 Recolamus
613 560 728 602 ergo.
762 548 875 588 Ante
914 542 1151 586 adventum
1191 542 1323 600 ipsius
1356 552 1567 586 venerunt
1594 547 1701 587 Pro-

320 619 489 676 phetae,
527 614 743 675 numquid
776 613 893 657 sures
922 622 965 656 et
1000 612 1187 656 latrones
1225 610 1430 656 fuerunt?
1458 613 1582 656 absit.
1608 616 1704 657 Non

319 698 474 746 praeter
490 685 614 729 illum
633 693 869 736 venerunt,
893 682 995 742 quia
1017 697 1118 726 cum
1136 681 1212 725 illo
1232 691 1463 726 venerunt.
1485 684 1704 726 Venturus

319 771 539 816 praecones
561 753 783 808 mittebat,
804 752 880 796 sed
902 767 1053 796 eorum
1075 751 1206 806 corda
1225 767 1333 810 quos
1352 753 1545 806 miserat,
1566 753 1703 811 possi-

323 826 469 870 debat.
497 823 638 867 Vultis
661 838 784 867 nosse
808 823 908 882 quia
931 838 1032 866 cum
1066 820 1142 866 illo
1163 831 1378 865 venerunt
1394 858 1405 877 ,
1428 824 1503 882 qui
1532 835 1595 866 est
1616 824 1706 881 ipse

321 897 518 954 semper?
547 896 734 938 Carnem
771 891 934 952 quippe
968 891 1133 950 accepit
1168 906 1218 934 ex
1256 900 1463 950 tempore.
1495 891 1610 944 Quid
1643 901 1707 935 est

321 982 424 1025 ergo
445 967 647 1024 semper?
672 968 722 1008 ln
753 964 966 1023 principio
999 972 1087 1006 erat
1119 963 1328 1005 Verbum.
1354 965 1466 1007 Cum
1497 961 1572 1006 illo
1606 977 1706 1020 ergo

320 1045 560 1090 venerunt,
585 1036 660 1094 qui
681 1050 782 1078 cum
802 1034 948 1077 Verbo
972 1034 1048 1076 Dei
1071 1043 1301 1076 venerunt,
1333 1052 1352 1074 «
1378 1036 1472 1091 Ego
1494 1048 1611 1086 sum,
1636 1033 1705 1075 in-

324 1127 344 1149 »
381 1108 497 1167 quit,
523 1108 590 1150 via
606 1141 616 1160 ,
642 1115 685 1149 et
707 1106 863 1149 veritas
882 1114 925 1148 et
947 1105 1077 1148 vita2.
1105 1122 1124 1144 »
1153 1105 1195 1148 Si
1213 1105 1303 1162 ipse
1327 1112 1389 1146 est
1409 1104 1585 1158 veritas,
1606 1119 1706 1146 cum

321 1177 396 1221 illo
419 1186 636 1222 venerunt
651 1211 661 1230 ,
680 1176 755 1235 qui
778 1189 947 1218 veraces
970 1173 1163 1216 fuerunt.
1185 1176 1412 1233 Quotquot
1433 1189 1535 1231 ergo
1553 1182 1708 1232 praeter

321 1247 447 1292 illum
464 1282 474 1301 ,
504 1266 524 1288 «
541 1246 681 1300 fures,
707 1254 750 1289 et
771 1244 982 1298 latrones,
1011 1262 1031 1284 »
1051 1244 1097 1287 id
1114 1253 1199 1297 est,
1229 1243 1283 1286 ad
1311 1243 1548 1287 furandum
1570 1252 1611 1287 et
1634 1258 1707 1287 oc-

321 1317 576 1362 cidendum.

381 1389 459 1431 IX.
502 1406 522 1428 «
566 1385 650 1430 Sed
687 1400 776 1428 non
814 1384 1049 1429 audierunt
1090 1398 1162 1428 eos
1191 1385 1333 1428 oves3.
1374 1402 1394 1425 »
1438 1385 1576 1443 Major
1611 1384 1708 1428 haec

321 1458 503 1518 quaestio
525 1465 609 1510 est,
634 1474 654 1496 «
680 1470 770 1499 non
792 1453 1027 1497 audierunt
1049 1469 1121 1497 eos
1145 1469 1263 1498 oves.
1292 1472 1308 1494 ι)
1336 1457 1447 1499 Ante
1470 1453 1708 1497 adventum

322 1528 496 1573 Domini
529 1526 665 1570 nostri
688 1528 792 1569 Jesu
821 1525 1010 1578 Christi,
1032 1540 1120 1583 quo
1144 1523 1317 1567 humilis
1341 1524 1459 1568 venit
1478 1524 1523 1566 in
1546 1539 1674 1568 carne
1690 1560 1706 1579 ,

322 1605 635 1657 praecesserunt
651 1595 778 1654 justi,
800 1595 858 1638 sic
880 1594 926 1637 in
945 1609 1041 1637 eum
1073 1593 1297 1637 credentes
1319 1603 1574 1650 venturum,
1597 1610 1709 1654 quo-

321 1667 455 1712 modo
491 1683 569 1710 nos
599 1665 815 1710 credimus
838 1666 883 1708 in
916 1680 1016 1708 eum
1040 1666 1114 1724 qui
1147 1666 1278 1708 venit.
1308 1668 1518 1724 Tempora
1546 1666 1710 1710 variata

324 1747 448 1791 sunt,
468 1752 556 1780 non
574 1735 695 1778 fides.
716 1735 826 1786 Quia
844 1743 887 1776 et
900 1734 989 1792 ipsa
1008 1735 1139 1777 verba
1158 1749 1236 1792 pro
1259 1743 1453 1793 tempore
1468 1735 1706 1789 variantur,

325 1823 426 1852 cum
464 1806 581 1850 varie
618 1804 893 1849 declinantur
920 1803 1084 1847 :alium
1123 1819 1278 1847 sonum
1311 1805 1466 1859 habet,
1502 1814 1709 1849 venturus

326 1887 412 1933 est,
437 1877 569 1920 alium
591 1889 746 1919 sonum
765 1874 912 1927 habet,
938 1874 1055 1917 venit
1080 1892 1090 1917 ε
1115 1883 1306 1917 mutatus
1330 1884 1392 1918 est
1426 1890 1577 1928 sonus,
1602 1891 1709 1919 ven-

324 1960 448 1994 turus
464 1956 548 2001 est,
565 1955 608 1989 et
621 1945 739 1989 venit
756 1963 765 1987 :
786 1943 938 1987 eadem
952 1952 1098 1986 tamen
1115 1944 1221 1986 fides
1238 1953 1445 2004 utrosque
1462 1946 1703 2004 conjungit,

325 2029 369 2064 et
390 2034 461 2062 eos
495 2017 570 2076 qui
606 2024 839 2059 venturum
862 2029 976 2070 esse,
1001 2023 1044 2057 et
1065 2029 1136 2057 eos
1158 2014 1232 2072 qui
1254 2030 1354 2058 eum
1380 2015 1545 2059 venisse
1567 2015 1708 2059 credi-

326 2089 500 2133 derunt.
529 2085 711 2130 Diversis
747 2083 925 2143 quidem
966 2084 1257 2142 temporibus,
1298 2084 1373 2128 sed
1403 2094 1610 2144 utrosque
1632 2100 1709 2144 per

325 2174 462 2202 unum
488 2156 589 2200 fidei
614 2155 795 2206 ostium,
831 2154 914 2197 hoc
936 2162 999 2196 est
1022 2168 1098 2211 per
1126 2154 1369 2207 Christum,
1405 2154 1602 2199 videmus
1636 2155 1706 2198 in-

326 2243 502 2287 gressos.
529 2230 614 2271 Nos
649 2224 862 2268 credimus
884 2224 1116 2267 Dominum
1139 2226 1284 2267 Jesum
1309 2222 1529 2268 Christum
1553 2235 1705 2269 natum

324 2315 373 2342 ex
394 2297 582 2355 virgine,
607 2295 770 2337 venisse
789 2294 833 2335 in
850 2308 999 2346 carne,
1023 2308 1195 2351 passum
1214 2309 1323 2347 esse,
1348 2295 1639 2349 resurrexisse,
1661 2296 1707 2338 in

325 2369 488 2413 coelum
520 2365 757 2410 ascendisse
785 2383 792 2406 :
820 2372 958 2407 totum
986 2364 1083 2418 hoc,
1109 2364 1220 2408 sicut
1252 2366 1382 2408 verba
1411 2365 1566 2409 auditis
1594 2381 1703 2425 prae·

375 2460 384 2475 ¹
400 2455 491 2485 Joau.
509 2451 590 2492 x‚8.
607 2467 648 2472 —
668 2455 679 2471 ²
699 2449 744 2480 Id.
764 2458 831 2486 xiv,
858 2448 890 2480 6.
912 2464 952 2471 —
972 2446 985 2471 3
1004 2449 1049 2480 Id.
1072 2459 1103 2489 x,
1130 2449 1161 2480 8.
