1825 3214
264 221 305 247 iu
339 217 513 247 :ouvius
545 217 855 255 nummatum,
890 218 1037 247 ruer.
1074 218 1216 246 xxxix.
1343 205 1422 246 431

110 287 159 328 V.
180 285 372 344 Accipite
408 283 574 344 aliquid
613 283 668 326 dc
703 283 936 341 Scripturis
979 284 1159 339 sanctis,
1192 284 1312 328 uude
1344 284 1428 329 hoc

33 354 154 415 quod
182 354 341 400 dicitur
368 364 606 414 utcumque
636 354 826 413 capiatis.
867 358 1016 398 Postea
1053 370 1186 415 quam
1220 355 1428 399 Dominus

34 435 179 472 noster
196 430 320 471 Jcsus
351 427 545 471 Christus
585 427 838 479 resurrexit,
874 435 917 469 ct
945 441 1046 470 cuin
1071 425 1210 470 voluit
1233 425 1428 471 ascendit

34 496 80 542 in
95 496 282 552 coelum,
307 498 458 540 decem
476 497 632 540 dicbus
651 496 739 540 illic
759 495 950 555 impletis
967 496 1082 540 misit
1100 496 1202 539 inde
1219 497 1430 555 Spiritum

35 578 234 613 sanctum
257 586 265 612 :
293 583 381 628 quo
418 568 584 627 impleti
608 567 683 627 qui
706 567 887 610 aderant
910 567 955 610 in
973 566 1172 610 conclavi
1200 582 1304 621 uno,
1336 582 1433 610 oin-

35 639 159 682 nium
177 639 374 697 gentium
396 638 556 696 linguis
579 646 812 696 coeperunt
828 636 952 696 loqui
971 639 1001 680 ¹.
1014 635 1226 681 Min-aculo
1243 638 1433 681 exterriti

39 710 210 754 Domini
258 708 559 753 interfectores
577 742 588 764 ‚
633 709 888 767 compuncti
930 706 1190 762 doluerunt,
1237 706 1434 752 dolentes

35 781 189 824 mutati
223 789 325 824 sunt
346 813 357 835 ,
401 780 556 823 mutati
595 779 880 823 crediderunt
916 796 926 822 :
953 786 1228 822 accesserunt
1263 778 1434 836 corpori

34 852 224 905 Domini,
250 851 295 894 id
318 860 403 900 est,
429 865 615 894 numero
652 849 868 904 fidelium,
907 848 1157 894 tria·millia
1180 849 1427 893 hominum.

36 923 146 965 Item
168 921 252 965 alio
275 920 391 965 l'acto
411 921 607 981 quodam
637 920 873 976 miraculo,
900 930 1177 964 accesserunt
1198 919 1280 964 alia
1302 920 1434 979 quin-

30 1008 117 1052 quo
140 992 291 1047 millia,
315 994 429 1037 taeta
453 1004 518 1037 est
542 993 664 1052 plebs
689 1005 774 1036 una
810 1008 899 1037 non
925 1007 1056 1051 parva
1078 1011 1088 1037 2
1114 992 1159 1035 in
1174 1007 1260 1052 qua
1282 1006 1433 1035 omnes

34 1074 212 1123 accepto
237 1065 403 1123 Spiritu
427 1073 600 1118 sancto,
626 1079 713 1124 quo
739 1079 862 1108 amor
884 1063 1093 1122 spiritalia
1114 1077 1319 1107 accensus
1344 1071 1436 1118 est,

32 1136 243 1179 charitate
264 1137 356 1194 ipsa
377 1145 421 1179 et
447 1135 616 1179 fervore
637 1136 815 1194 spiritus
838 1136 883 1179 in
908 1150 1047 1178 unum
1073 1135 1236 1178 redacti
1252 1169 1263 1189 ‚
1289 1149 1438 1193 coepc-

35 1214 140 1250 runt
155 1206 199 1251 iu
223 1206 315 1266 ipsa
343 1207 560 1250 societatis
588 1207 755 1250 unitate
786 1206 975 1250 vendere
1002 1205 1150 1249 omnia
1168 1221 1273 1265 quae
1298 1206 1437 1249 liabe-

35 1277 158 1332 baut,
183 1286 227 1322 et
250 1279 386 1337 pretia
411 1293 575 1336 ponere
598 1278 655 1321 ad
684 1277 815 1337 pedes
837 1277 1151 1336 Apostolorum
1166 1310 1181 1330 ,
1219 1286 1267 1320 ut
1291 1275 1436 1320 ‹listri-

33 1347 243 1392 bueretur
263 1348 529 1408 unicuique,
564 1347 676 1392 sicut
698 1349 859 1407 cuique
881 1363 992 1406 opus
1014 1356 1107 1391 erat
1125 1350 1158 1391 ².
1184 1350 1242 1391 Et
1273 1347 1356 1390 hoc
1378 1346 1436 1391 de

34 1418 119 1463 illis
144 1421 367 1479 Scriptura
387 1419 516 1478 (licit3
539 1419 662 1480 quod
682 1429 774 1473 crat
790 1421 850 1463 eis
873 1421 1016 1463 anima
1035 1434 1122 1462 una
1144 1427 1188 1462 et
1204 1433 1278 1462 cor
1292 1433 1435 1462 unum

33 1489 80 1534 in
102 1493 240 1534 Deum
257 1492 289 1535 ³.
315 1491 542 1535 Attendite
565 1506 666 1548 ergo
684 1490 861 1545 fratres,
885 1499 930 1534 et
947 1490 1048 1534 hinc
1070 1490 1290 1548 agnoscit-e
1310 1503 1435 1546 >mys-

36 1561 194 1606 terium
215 1563 448 1618 Trinitatis,
469 1562 693 1622 quomodo
717 1561 912 1606 dicamus
929 1572 973 1606 ct
989 1565 1116 1606 Pater
1131 1571 1218 1617 est,
1239 1571 1282 1605 et
1299 1561 1436 1604 Filius

35 1642 126 1688 est,
142 1643 187 1678 et
209 1634 395 1693 Spiritus
417 1643 591 1678 sanctus
608 1644 672 1678 est
688 1668 700 1689 ‚
718 1643 762 1678 ct
780 1643 928 1678 tamen
949 1648 1064 1677 unus
1083 1636 1198 1678 Deus
1214 1642 1293 1677 est.
1320 1635 1435 1677 Ecce

34 1703 97 1748 illi
120 1713 187 1748 tot
225 1704 362 1748 millia
401 1714 553 1758 erant,
586 1713 630 1748 et
662 1719 737 1748 cor
759 1719 902 1747 unum
925 1712 1044 1760 erat3
1077 1718 1176 1747 ecce
1210 1712 1275 1747 tot
1298 1702 1435 1746 millia

35 1782 180 1829 erant,
203 1784 249 1818 ct
273 1790 360 1818 una
380 1775 523 1818 anima
540 1784 650 1818 erat.
681 1774 768 1819 Sed
790 1775 900 1818 ubi?
923 1776 968 1818 in
1000 1778 1106 1818 Deo.
1134 1776 1314 1826 Quanto
1338 1788 1433 1817 ma-

36 1846 97 1903 gis
118 1846 207 1904 ipsc
231 1847 372 1889 Deus?
391 1845 618 1905 Numquid
634 1860 731 1889 erro
751 1845 795 1888 in
820 1845 978 1899 verbo,
999 1843 1178 1904 quando
1201 1845 1298 1888 dico
1321 1843 1443 1901 duos⁴

37 1916 233 1960 homines
255 1917 365 1959 duas
385 1917 549 1960 animas
564 1951 578 1971 ,
599 1926 679 1960 aut
703 1925 788 1959 tres
807 1916 1004 1960 homines
1028 1925 1114 1959 tres
1147 1915 1333 1970 animas,
1353 1923 1433 1959 aut

37 1985 199 2030 multos
220 1986 418 2030 homines
447 1988 607 2030 multas
639 1986 834 2029 animas?
856 1989 991 2029 Recte
1022 1986 1176 2045 utique
1205 1986 1320 2030 dico.
1347 1990 1434 2029 Ac-

37 2057 194 2101 cedant
225 2056 280 2100 ad
303 2060 440 2100 Deum
458 2091 470 2110 ‚
493 2071 582 2101 una
612 2056 755 2099 anima
784 2066 848 2099 est
870 2056 1090 2100 omnium.
1114 2057 1157 2100 Si
1174 2057 1433 2100 aecedentes

39 2126 94 2171 ad
120 2130 256 2170 Deum
275 2160 288 2180 ‚
324 2125 475 2170 mnltae
497 2126 653 2170 animae
679 2141 756 2187 per
779 2127 1031 2170 charitatem
1055 2142 1142 2170 una
1176 2127 1319 2170 anima
1341 2136 1430 2183 est,

41 2206 85 2241 et
104 2197 245 2240 multa
257 2196 390 2241 corda
413 2212 552 2240 unum
570 2212 644 2240 cor
662 2217 673 2253 3
690 2196 798 2256 quid
818 2197 904 2254 agit
923 2197 1011 2256 ipsc
1034 2196 1132 2241 fons
1142 2197 1366 2241 charitatis
1387 2197 1434 2241 in

41 2270 166 2311 Patre
186 2276 229 2312 et
266 2266 409 2311 F1lio?
429 2269 584 2312 Nonne
614 2267 675 2310 ibi
697 2267 832 2325 magis
857 2267 1042 2312 Trinitas
1066 2283 1178 2312 unus
1202 2277 1266 2312 est
1289 2270 1433 2312 Deus?

40 2337 149 2382 Inde
170 2338 288 2382 cuim
310 2338 436 2381 nobis
459 2338 644 2382 charitas
680 2337 828 2392 venit,
861 2338 917 2381 de
940 2339 1031 2397 ipso
1062 2338 1227 2398 Spiritu
1247 2348 1399 2383 sancto
1414 2373 1427 2394 ‚

40 2408 152 2453 sicut
167 2409 275 2452 dicit
297 2408 531 2468 Apostolus
559 2427 568 2453 ;
594 2427 615 2450 «
635 2409 833 2453 Charitas
855 2409 933 2452 Dei
951 2408 1114 2453 diffusa
1136 2418 1201 2453 est
1219 2409 1265 2453 in
1285 2411 1432 2454 cordi-

42 2497 64 2521 »
86 2479 170 2524 bus
194 2479 350 2524 nostris
366 2495 445 2539 per
455 2478 668 2539 Spiritum
683 2487 884 2523 sanctum
900 2480 978 2539 qui
987 2479 1120 2525 datus
1135 2489 1200 2524 est
1212 2481 1338 2525 nobis
1350 2480 1384 2524 ⁴.
1403 2498 1424 2522 »

95 2569 103 2586 ¹
121 2566 193 2597 Act.
217 2575 252 2606 u,
275 2575 305 2605 1,
325 2567 390 2597 etc.
410 2581 450 2588 —·
470 2570 484 2588 ²
504 2565 551 2597 ld.
571 2575 618 2606 iv,
637 2562 671 2605 4,
689 2568 753 2596 etc.
773 2579 816 2587 ·—
832 2561 943 2598 ³1bid.
964 2565 1021 2598 32.
1040 2563 1114 2598 —4
1139 2567 1233 2599 Rom.
1252 2575 1288 2607 v,
1305 2565 1340 2599 5.
