1825 3214
339 228 383 253 m
416 225 589 253 sommis
622 223 927 260 EVANGELIUM‚
961 222 1108 251 TRACT.
1145 224 1233 250 xm.
1390 209 1471 248 457

90 306 177 352 que
205 300 248 337 et
271 293 360 351 ipse
383 293 457 352 qui
480 290 769 351 loquebatur,
796 289 848 333 ad
876 289 997 333 illum
1028 289 1209 348 respexit
1235 308 1242 332 :
1273 307 1293 330 «
1321 285 1475 331 Infelix

93 380 113 403 »
149 378 230 421 ego
253 363 384 408 homo
400 398 410 415 ‚
432 362 527 422 quis
551 377 620 405 me
643 361 871 415 liberabit,
897 361 1064 419 inquit,
1090 360 1144 403 de
1166 374 1346 418 corpore
1364 374 1478 403 mor-

93 451 114 474 »
149 435 202 477 tis
233 435 393 492 hujus?
417 433 561 477 Gratia
591 433 664 476 Dei
691 447 765 492 per
803 435 950 476 ,lesum
985 431 1205 476 Christum
1241 431 1475 474 Dominum

93 523 114 546 υ
150 514 346 549 nostrum
362 507 392 548 ¹.
421 523 440 546 »
467 507 583 563 Ergo
605 523 624 546 «
647 505 681 548 si
702 519 776 548 vos
799 501 926 546 Filius
949 502 1221 556 liberaverit,
1246 510 1351 546 tune
1375 516 1475 545 vere

92 594 112 617 »
148 575 272 620 liberi
304 575 435 619 eritis.
461 594 480 616 »
508 576 704 635 Denique
736 575 794 619 ita
826 573 1038 619 conclusit
1066 592 1074 618 ε
1102 573 1239 629 Igitur
1271 573 1362 631 ipse
1395 588 1475 631 ego

87 655 234 690 mente
255 646 393 690 servio
412 645 495 704 legi
523 646 612 699 Dei,
631 661 759 689 carne
777 654 921 689 autern
944 644 1029 703 legi
1051 643 1231 703 peccati.
1257 646 1352 702 lpse
1374 658 1472 702 ego,

87 716 245 776 inquit.
272 719 368 761 Non
386 717 502 760 enim
522 717 610 760 duo
630 731 777 760 sumus
799 716 912 759 inter
933 730 1011 759 nos
1033 712 1238 758 contrarii
1261 713 1315 756 de
1338 711 1475 757 diver-

85 786 139 831 sis
174 787 395 847 principiis
432 787 654 831 venientes
684 784 789 831 :sed
823 802 904 845 ego
939 786 1028 845 ipse
1057 794 1203 828 mente
1227 784 1366 828 servio
1389 783 1474 843 legi

86 857 187 912 Dei,
213 872 341 901 carne
364 867 510 902 autem
534 856 618 916 legi
638 857 823 916 peceati,
847 856 1044 917 quandiu
1066 855 1252 914 languor
1268 854 1472 900 oblucta-

86 937 156 972 tur
178 927 321 973 saluti.

142 1002 245 1043 Xll.
274 1000 357 1044 Sed
381 1000 414 1044 si
436 1014 566 1044 carne
589 999 719 1043 servis
741 998 827 1058 legi
849 998 1015 1058 peceati
1034 1033 1044 1053 ‚
1070 998 1139 1043 fac
1160 997 1281 1057 quod
1303 998 1363 1041 ait
1383 997 1473 1056 ipse

84 1070 343 1130 Apostolus:
369 1090 388 1112 «
410 1073 506 1115 Non
528 1084 629 1129 ergo
652 1080 804 1130 regnet
822 1079 1049 1130 peccatum
1074 1070 1119 1113 in
1140 1078 1283 1113 vestro
1302 1068 1472 1113 mortali

86 1159 106 1181 »
143 1157 324 1200 corpore
353 1141 408 1186 ad
440 1141 738 1186 obediendum
772 1142 993 1186 desideriis
1021 1143 1139 1201 ejus,
1176 1156 1318 1200 neque
1350 1141 1472 1184 exhi-

86 1231 106 1253 »
142 1213 278 1258 beatis
300 1214 496 1257 membra
519 1223 657 1258 vestra
681 1229 797 1258 arma
826 1214 1068 1274 iniquitatis
1102 1214 1323 1272 peccato².
1343 1230 1362 1253 »
1376 1215 1473 1257 Non

82 1285 157 1339 ait,
184 1287 281 1330 Non
305 1285 358 1329 sit
380 1306 390 1343 3
413 1284 503 1339 sed,
519 1288 616 1330 Non
636 1294 801 1344 regnet.
824 1284 1030 1338 Quandiu
1053 1292 1281 1344 peccatum
1302 1298 1473 1328 necesse

81 1364 146 1399 est
168 1370 258 1399 esse
287 1355 333 1398 in
361 1355 564 1401 membris
605 1357 715 1410 tuis,
753 1360 901 1400 saltem
932 1355 995 1399 illi
1019 1371 1200 1414 regnum
1224 1353 1469 1410 auferatur,

81 1441 170 1470 non
190 1426 266 1470 fiat
289 1426 407 1486 quod
424 1427 566 1486 jubet.
596 1428 739 1485 Surgit
757 1427 819 1470 ira
835 1429 853 1470 Ρ
870 1426 959 1471 noli
983 1426 1085 1470 dare
1103 1427 1177 1470 irae
1205 1425 1400 1484 linguam
1419 1426 1473 1470 ad

81 1495 459 1554 maledicendumz,
496 1497 586 1542 noli
609 1499 712 1542 dare
744 1498 818 1541 irae
841 1512 1019 1541 manum
1041 1506 1116 1541 aut
1137 1496 1294 1556 pedem
1332 1497 1387 1540 ad
1409 1495 1474 1540 fe-

81 1566 298 1612 riendum.
333 1571 429 1613 Non
454 1579 649 1628 surgeret
670 1570 731 1613 ira
753 1569 830 1613 ista
864 1568 1188 1622 irrationabilis,
1216 1568 1295 1611 nisi
1317 1583 1472 1627 pecca-

81 1647 175 1682 tum
205 1648 315 1683 esset
336 1639 382 1682 in
408 1640 615 1683 membris
636 1659 644 1683 :
667 1640 743 1684 sed
760 1638 863 1684 tolle
886 1638 944 1682 illi
970 1654 1153 1697 regnum
1168 1673 1179 1693 ‚
1205 1654 1294 1683 non
1313 1639 1472 1683 habeat

82 1724 200 1753 arma
223 1710 341 1753 unde
369 1719 520 1754 eontra
546 1719 588 1754 te
617 1723 783 1769 pugnet
806 1730 813 1754 2
841 1711 976 1754 discet
999 1711 1127 1753 etiam
1151 1725 1239 1754 non
1261 1723 1437 1767 surgere
1457 1744 1468 1765 ‚

79 1794 177 1824 eum
202 1795 320 1822 arma
349 1781 533 1837 coeperit
556 1794 645 1822 non
669 1779 875 1822 invenire.
897 1781 994 1822 Non
1018 1778 1253 1822 exhibeatis
1276 1779 1471 1824 membra

79 1858 218 1893 vestra
241 1864 358 1892 arma
382 1848 618 1908 iniquitatis
642 1858 819 1907 peceato
845 1868 852 1892 :
879 1848 1070 1907 alioquin
1095 1849 1174 1892 toti
1205 1850 1362 1908 captivi
1385 1850 1470 1893 eri-

79 1920 153 1974 tis,
179 1928 221 1962 et
239 1934 328 1962 non
351 1918 431 1962 erit
453 1918 597 1962 dicere
623 1938 631 1963 :
655 1922 802 1963 Mente
824 1919 962 1963 servio
981 1918 1065 1977 legi
1090 1921 1179 1963 Dei.
1206 1923 1328 1965 Mens
1354 1921 1469 1965 enim

78 1990 111 2034 si
145 1998 290 2033 teneat
327 2004 444 2032 arma
464 2024 473 2042 ‚
513 1990 708 2032 membra
744 2005 833 2034 non
856 1999 1090 2034 moventur
1111 1991 1156 2034 in
1180 1991 1469 2036 ministerium

78 2060 260 2105 iurentis
282 2060 462 2119 peccati.
492 2063 654 2103 Teneat
689 2076 831 2105 arcem
861 2062 1095 2120 imperator
1132 2063 1332 2118 interior,
1367 2064 1469 2124 quia

78 2131 160 2175 sub
190 2131 353 2190 majore
388 2131 647 2188 imperatore
672 2130 893 2190 juvandus
926 2131 1092 2176 adsistit
1120 2152 1128 2177 :
1159 2132 1301 2177 frenet
1333 2134 1466 2190 iram,

79 2205 275 2246 coereeat
307 2201 721 2260 concupiscentiam.
761 2205 879 2246 Inest
916 2212 1063 2247 tamen
1091 2203 1211 2264 quod
1245 2204 1466 2263 frenetur,

79 2273 191 2316 inest
213 2271 333 2332 quod
355 2275 605 2316 coerceatur
623 2307 633 2326 ,
660 2272 772 2316 inest
798 2273 916 2332 quod
940 2283 1152 2318 teneatur.
1181 2275 1297 2328 Quid
1321 2286 1466 2321 autem

78 2342 251 2387 volebat
274 2342 499 2403 illejustus
522 2351 666 2386 mente
687 2343 875 2386 serviens
897 2343 981 2403 legi
1007 2345 1100 2399 Dei,
1118 2346 1197 2389 nisi
1216 2355 1266 2389 ut
1289 2347 1466 2392 omnino

78 2429 166 2457 non
185 2422 292 2457 esset
312 2414 432 2473 quod
454 2412 726 2457 frenaretur?
745 2415 800 2457 Et
815 2414 897 2458 hoe
919 2415 1052 2459 debet
1067 2417 1212 2460 conari
1230 2418 1368 2461 omnis
1388 2418 1463 2477 qui

78 2484 218 2530 tendit
239 2483 293 2529 ad
310 2485 642 2544 perlectionem,
663 2493 713 2528 ut
734 2493 775 2528 et
803 2484 894 2544 ipsa
918 2488 1268 2547 eoncupiscentia
1286 2489 1357 2533 cui
1376 2505 1464 2535 non

126 2572 243 2604 ¹Rom.
264 2581 322 2613 vn,
340 2569 397 2612 24,
416 2570 470 2603 25.
492 2587 533 2593 —
552 2577 564 2593 ²
585 2570 630 2602 Id.
654 2580 698 2611 vx,
721 2577 774 2611 12,
797 2569 849 2603 13.
