1809 3173
341 189 396 228 46
777 195 811 224 s.
846 194 1077 224 Aucusnm
1111 197 1290 224 EPlscol‘l

338 281 424 325 que
442 265 557 309 enim
578 262 796 308 dubitavit
824 262 966 307 dicere
986 298 996 318 ,
1025 281 1046 305 «
1067 265 1181 307 Deus
1203 262 1389 307 charitas
1411 262 1516 317 est¹‚
1537 278 1556 302 »
1577 262 1723 320 Scrip-

337 346 432 381 tum
454 344 518 379 est
533 336 680 390 etiam,
706 353 727 377 «
746 334 856 388 Quia
879 333 1065 378 charitas
1086 334 1163 378 Dei
1185 333 1344 377 diffusa
1363 341 1427 376 est
1450 332 1495 375 in
1515 331 1722 376 cordibus

341 426 360 448 »
396 407 550 452 nostris
567 422 644 467 per
668 406 875 466 Spiritum
906 414 1127 459 sanctum,
1152 404 1229 464 qui
1250 404 1378 448 datus
1403 413 1467 447 est
1496 403 1622 447 nobis
1637 406 1720 446 2.·»

337 479 443 532 Quis
461 492 563 536 ergo
584 477 782 535 nominet
803 480 973 520 Patrem
997 484 1040 520 et
1062 475 1245 529 Filium,
1266 484 1310 518 et
1325 489 1415 518 non
1432 474 1494 518 ibi
1511 473 1726 531 intelligat

337 549 590 593 charitatem
623 547 760 591 Patris
793 557 835 590 et
873 546 1004 589 Filii?
1026 548 1165 599 Quam
1189 560 1289 589 curn
1322 545 1482 590 habere
1512 544 1721 603 coeperit,

339 619 547 678 Spiritum
569 626 766 662 sanctum
801 616 982 660 habebit
1008 636 1016 660 :
1043 631 1173 676 quam
1197 615 1230 658 si
1258 630 1347 658 non
1374 615 1596 669 habuerit,
1634 614 1724 658 sine

339 691 503 749 Spiritu
523 698 672 733 sancto
690 687 785 731 erit.
807 690 863 731 Et
880 685 1103 747 quomodo
1123 702 1280 745 corpus
1295 695 1420 729 tuum
1443 686 1534 730 sine
1552 685 1720 744 spiritu,

336 760 458 820 quod
480 770 543 805 est
564 759 706 803 anima
732 767 806 801 tua
824 792 835 812 ‚
872 757 906 801 si
928 756 1060 801 fuerit
1075 791 1086 811 ,
1120 764 1344 800 mortuum
1376 764 1438 799 est
1464 774 1473 799 ·.
1498 755 1557 799 sic
1579 755 1726 798 anima

337 841 412 876 tua
434 831 524 875 sine
559 829 721 888 Spiritu
741 837 890 872 sancto
909 862 919 881 ,
944 826 989 870 id
1011 835 1098 880 est,
1138 825 1229 869 sine
1252 826 1463 870 charitate
1495 826 1529 870 si
1563 825 1694 869 fuerit
1709 861 1720 880 ,

336 910 509 945 mortua
525 898 823 958 deputabitur.
854 916 873 938 α
893 899 1008 955 Ergo
1023 905 1225 940 metretas
1249 896 1370 940 binas
1385 896 1617 955 capiebant
1639 896 1724 953 hy-

337 971 458 1026 driae,
473 989 495 1013 η
510 971 612 1031 quia
629 971 675 1013 in
688 969 885 1014 omnium
899 978 1143 1027 temporum
1161 968 1385 1027 prophetia
1396 971 1522 1012 Pater
1536 967 1724 1011 etFilius

337 1041 600 1102 praedicatur
616 1039 711 1085 :sed
723 1039 785 1083 ibi
799 1047 914 1083 estet
924 1037 1106 1098 Spiritus
1124 1047 1296 1082 sanetus
1310 1059 1320 1095 ·,
1335 1037 1522 1098 ideoque
1538 1037 1606 1098 adj
1614 1053 1724 1082 unc-

336 1122 539 1166 tumest,
574 1132 592 1155 «
619 1111 700 1156 Vel
724 1120 882 1155 ternas.
908 1112 1002 1168 Ego
1040 1119 1083 1153 et
1107 1113 1255 1164 Pater,
1280 1109 1446 1169 inquit,
1479 1124 1615 1152 unum
1652 1125 1725 1153 su—

340 1203 360 1226 »
396 1185 520 1228 mus³
551 1203 559 1228 :
586 1203 605 1224 »
632 1182 707 1227 sed
724 1182 834 1235 absit
855 1190 904 1224 ut
927 1180 1038 1224 desit
1063 1180 1245 1239 Spiritus
1274 1189 1474 1235 sanctus,
1501 1179 1577 1222 ubi
1597 1179 1724 1223 audi-

338 1271 450 1309 mus,
472 1274 491 1296 «
510 1257 601 1312 Ego
617 1263 660 1297 et
680 1262 802 1313 pater
822 1266 961 1297 unum
976 1266 1176 1294 sumus.»
1195 1253 1359 1294 Tamen
1373 1250 1473 1309 quia
1490 1253 1661 1293 Patrem
1682 1259 1726 1294 et

338 1325 500 1375 Filium
519 1323 774 1378 nominavit,
791 1322 963 1382 capiant
984 1341 1003 1363 «
1021 1320 1330 1378 Hydriaebinas
1346 1329 1551 1364 metretas
1574 1339 1582 1365 ε
1604 1340 1622 1361 n
1649 1319 1725 1364 sed

338 1396 470 1451 audi,
505 1416 526 1439 «
560 1394 640 1439 Vel
674 1404 852 1438 ternas:
891 1396 981 1448 Ita,
1019 1393 1235 1452 baptizate
1275 1401 1424 1451 gentes
1460 1392 1507 1435 in
1546 1391 1724 1436 nomine

341 1487 361 1509 »
398 1469 534 1512 Patris
580 1477 622 1511 et
665 1465 763 1510 Filii
797 1474 840 1509 et
873 1464 1057 1523 Spiritus
1092 1463 1229 1508 sancti
1244 1464 1258 1488 ⁴
1293 1482 1300 1508 :
1342 1482 1361 1503 »
1399 1466 1552 1522 Itaque
1588 1463 1635 1506 in
1672 1478 1724 1506 eo

337 1537 458 1599 quod
479 1537 687 1582 dicuntur
711 1536 827 1580 binae
845 1570 855 1590 ,
882 1549 972 1578 non
1014 1534 1269 1593 exprimitur
1289 1569 1299 1589 ,
1326 1533 1400 1577 sed
1435 1532 1722 1590 intelligitur3

338 1611 383 1653 in
414 1624 465 1653 eo
495 1624 599 1653 vero
627 1605 748 1668 quod
783 1604 988 1650 dicuntur
1018 1603 1087 1649 vel
1116 1614 1274 1659 ternae,
1306 1604 1435 1648 etiam
1469 1603 1726 1663 exprimitur

341 1680 541 1723 Trinitas.

397 1753 474 1794 lx.
503 1749 587 1795 Sed
608 1757 673 1793 est
699 1756 741 1791 et
772 1746 880 1791 alius
911 1745 1156 1790 intellectus
1186 1761 1275 1790 non
1306 1743 1721 1804 praetermittendus,

339 1831 383 1867 et
403 1823 543 1882 ipsum
572 1819 715 1864 dicam
746 1834 756 1859 ι
781 1817 910 1875 eligat
941 1817 1126 1877 quisque
1157 1817 1277 1876 quod
1300 1816 1468 1875 placet3
1499 1831 1578 1860 nos
1604 1815 1725 1876 quod

338 1892 584 1952 suggeritur
601 1905 691 1935 non
709 1888 1021 1933 subtrahimus.
1048 1889 1197 1931 Mensa
1220 1887 1335 1930 enim
1357 1886 1530 1930 Domini
1563 1896 1626 1930 est
1646 1921 1656 1941 ‚
1682 1895 1727 1930 et

338 1979 427 2008 non
449 1970 622 2022 oportet
654 1960 897 2004 ministrum
919 1957 1122 2002 fraudare
1154 1957 1378 2011 convivas,
1404 1956 1642 2015 praesertim
1666 1956 1725 2000 sic

338 2036 594 2089 esurientes,
618 2041 668 2076 ut
689 2040 892 2091 appareat
915 2028 1094 2074 aviditas
1115 2038 1271 2073 vestra.
1298 2028 1531 2087 Prophetia
1549 2044 1649 2088 quae
1669 2028 1724 2071 ab

340 2106 526 2166 antiquis
564 2102 834 2163 temporibus
871 2100 1143 2159 dispensatur
1161 2134 1172 2154 ,
1211 2097 1266 2142 ad
1304 2098 1487 2143 salutem
1527 2098 1725 2142 omnium

341 2177 534 2236 gentium
557 2174 759 2235 pertinet.
787 2171 855 2217 Ad
876 2171 1014 2215 solum
1038 2169 1217 2229 quidem
1236 2169 1449 2228 populum
1471 2168 1603 2213 Israe'l
1623 2169 1726 2214 mis-

341 2264 411 2292 sus
433 2256 496 2291 est
528 2249 698 2304 Moyses
717 2279 727 2298 ‚
753 2253 795 2287 et
817 2243 854 2286 ei
876 2241 955 2286 soli
981 2239 1151 2300 populov
1167 2255 1244 2299 per
1265 2255 1365 2283 eum
1391 2243 1478 2284 Lex
1499 2239 1600 2284 data
1631 2249 1694 2284 est
1711 2275 1722 2294 ‚

343 2328 386 2363 et
402 2319 482 2379 ipsi
505 2317 734 2377 Prophetae
757 2330 807 2358 ex
838 2312 913 2357 illo
948 2311 1110 2372 populo
1130 2312 1326 2376 afuerunt
1343 2346 1353 2366 ,
1393 2320 1436 2355 et
1462 2312 1552 2371 ipsa
1582 2310 1727 2355 distri-

342 2389 466 2434 butio
504 2397 751 2447 temporum
783 2383 1024 2429 secundum
1051 2380 1253 2425 eumdem
1284 2380 1498 2441 populum
1520 2381 1722 2426 distincta

407 2494 418 2509 1
443 2498 455 2520 1
489 2488 584 2519 Joan.
616 2495 661 2526 iv,
696 2482 746 2516 16.
779 2498 820 2504 —
853 2487 866 2503 ²
897 2483 987 2514 Rom.
1018 2490 1053 2520 v,
1071 2478 1104 2511 5.
1133 2476 1202 2501 —3
1234 2479 1325 2510 Joan.
1362 2490 1393 2520 x,
1433 2479 1531 2510 3o.—
1560 2478 1576 2503 ⁶
1607 2477 1724 2511 Matth.

344 2553 527 2577 xxvlutlo.
