1825 3214
347 166 384 189 im
421 164 593 190 numnis
628 163 937 201 mancianum,
974 164 1119 189 'lltACL
1160 165 1234 189 xii.
1415 154 1467 190 83

92 237 281 272 mortuos
303 228 386 272 coli
409 228 662 282 voluerunt,
683 228 957 272 famosiorem
983 239 1163 273 mortem
1184 244 1272 272 non
1296 229 1469 272 invene—

89 307 204 342 runt.
242 302 460 342 Postremo
490 297 707 358 quidquid
731 297 838 342 illud
863 308 924 342 cst
940 334 950 353 ,
972 315 1059 343 non
1079 300 1193 343 novi.
1219 302 1271 344 Et
1293 300 1326 343 si
1352 315 1469 360 passa

87 383 152 423 es,
189 384 214 413 o
248 384 343 428 pars
366 370 544 425 Donati,
582 368 849 428 corporalem
871 369 1151 414 alllietionem
1188 370 1242 412 al)
1282 369 1471 414 Ecclesia

87 438 316 494 catholiea,
335 456 356 483 a
376 441 476 484 Sara
492 454 610 499 passa
625 453 667 483 es
683 442 818 498 Agar:
841 438 961 483 «redi
985 438 1040 483 ad
1062 438 1283 482 dominam
1305 449 1468 484 tuam.»

88 512 226 554 Locus
248 510 425 570 quidem
456 510 717 555 necessarius
740 509 965 571 aliquanto
999 508 1164 554 diutius
1193 525 1271 554 nos
1302 511 1467 565 tenuit,

89 589 137 624 ut
160 590 324 625 textum
360 590 499 626 totum
532 578 791 639 evangelicae
826 579 1020 625 lectionis
1049 595 1262 639 exponere
1294 580 1470 625 minime

88 650 341 697 valeremus.
368 655 555 706 Fratres,
581 651 769 696 sufficiat
791 651 961 696 interim
984 651 1192 696 Charitati
1220 653 1399 707 Vestrae,
1418 668 1470 696 nc

88 723 180 767 haec
199 740 298 784 quae
321 724 434 769 dicta
454 733 554 768 sunt
573 759 584 779 ,
604 723 791 769 dicendo
815 723 895 767 alia
915 759 925 779 ,
951 722 1237 768 excludantur
1256 721 1310 767 de
1329 723 1473 768 cordi-

89 793 170 838 bus
192 795 355 838 vestris.
375 797 476 838 llaec
501 803 659 848 tenete,
686 793 785 839 talia
803 793 951 850 dieite,
972 793 1243 839 flammantes
1262 792 1365 839 illue
1383 809 1477 854 pro-

87 863 228 910 cedite
244 899 255 919 ,
281 865 504 909 accendite
526 864 719 923 frigidos.

515 1132 922 1194 TRACTA'rUs
956 1134 1061 1182 ΧΠ.

86 1284 155 1330 Ab
178 1298 228 1328 eo
250 1282 476 1343 Evangelii
500 1282 596 1328 loeo
619 1303 627 1327 :
661 1280 810 1343 Quod
827 1292 995 1327 natum
1023 1292 1091 1327 est
1111 1281 1170 1328 cle
1191 1298 1338 1328 carne
1355 1300 1472 1329 earo

147 1364 238 1410 est,
273 1363 376 1409 etc.,
402 1369 539 1414 usque
560 1352 615 1398 ad
637 1353 681 1397 id
708 1372 715 1397 :
749 1353 850 1417 Qui
869 1363 1027 1398 autem
1032 1354 1172 1415 facit
1193 1355 1468 1412 veritatem,

148 1425 272 1470 venit
289 1424 360 1470 ad
379 1423 529 1469 lucem
542 1461 557 1481 ,
578 1433 627 1469 ut
650 1424 1025 1488 manifestentur
1041 1425 1142 1486 ejus
1165 1441 1336 1486 opera,
1357 1428 1471 1486 (μιία

145 1496 193 1540 in
215 1494 321 1541 Deo
342 1495 626 1559 suncfacta.

144 1633 179 1674 Ι.
205 1633 273 1675 Ex
300 1646 351 1675 eo
379 1629 499 1691 quod
519 1631 724 1687 hesterno
741 1629 811 1673 die
834 1630 1045 1673 intentam
1069 1628 1251 1674 fecimus
1270 1631 1468 1677 Charita-

84 1709 171 1745 tem
202 1703 396 1745 Vestram
426 1736 436 1755 ,
472 1699 750 1758 intelligimus
791 1714 866 1743 vos
901 1697 1084 1744 alacrius
1117 1710 1160 1744 et
1198 1704 1468 1749 numerosius

84 1771 333 1815 convenisse
360 1790 368 1815 ι
389 1770 464 1815 sed
482 1769 650 1822 interim
667 1768 844 1813 lectioni
863 1768 1123 1828 evangelicae
1145 1785 1195 1814 ex
1214 1771 1365 1816 ordine
1382 1789 1467 1817 ser-

83 1856 257 1885 monem
280 1840 479 1884 debitum
501 1838 749 1893 reddamus,
765 1838 798 1882 si
820 1837 960 1898 placet
978 1857 986 1883 :
1012 1837 1170 1883 deinde
1193 1841 1340 1887 audiet
1356 1845 1467 1889 Cha-

82 1912 184 1956 ritas
205 1913 356 1956 Vestra
371 1911 425 1956 de
439 1926 544 1971 pace
565 1909 770 1955 Eeclesiae
793 1908 861 1953 vel
878 1909 986 1969 quid
1003 1911 1236 1969 egerimus,
1262 1913 1330 1957 vel
1359 1915 1466 1976 quid

83 1980 226 2026 adhuc
253 1982 471 2041 agendum
493 1995 727 2041 speremus.
750 1981 877 2025 Nune
896 1995 999 2039 ergo
1012 1989 1103 2025 tota
1120 1981 1305 2027 intentio
1322 1985 1463 2031 cordis

82 2052 134 2098 ad
161 2053 449 2113 Evangelium
478 2051 643 2097 feratur
670 2071 678 2096 ι
705 2066 833 2096 nemo
861 2050 1038 2095 aliunde
1072 2052 1247 2111 cogitet.
1283 2056 1326 2099 Si
1348 2057 1463 2102 enim

82 2125 158 2184 qui
180 2133 296 2168 totus
319 2122 462 2178 adest,
491 2123 560 2167 vix
581 2122 696 2182 capit
722 2141 731 2166 :
757 2122 832 2182 qui
855 2137 899 2166 se
919 2137 998 2182 per
1019 2123 1299 2181 cogitationes
1322 2125 1466 2172 diver-

82 2209 147 2238 sas
168 2193 347 2248 dividit,
373 2209 519 2238 nonne
554 2202 597 2237 et
618 2191 739 2253 quod
760 2201 933 2252 ceperat
960 2191 1139 2236 fundit?
1166 2196 1364 2241 Meminit
1387 2214 1464 2243 au-

83 2272 168 2308 tem
190 2265 386 2310 Charitas
407 2266 558 2308 Vestra
581 2262 799 2307 dominico
820 2263 1057 2323 praeterito,
1081 2272 1296 2323 quantum
1316 2269 1463 2313 Domi-

82 2350 164 2379 nus
187 2333 392 2396 adjuvare
416 2333 618 2393 dignatus
641 2335 727 2377 est¹
743 2367 754 2389 ,
788 2332 1032 2377 disseruisse
1065 2349 1144 2378 nos
1174 2333 1230 2379 de
1250 2336 1463 2396 spirituali

83 2405 407 2465 regeneratione
433 2423 442 2449 :
467 2419 597 2464 quam
627 2402 857 2448 lectionem
889 2403 1012 2448 vobis
1043 2404 1202 2449 iterum
1239 2405 1323 2466 legi
1357 2407 1462 2454 feci-

131 2507 140 2524 ¹
161 2502 196 2534 In
212 2500 369 2544 superiori
380 2501 546 2533 Tractatu.

1280 2557 1318 2594 6.
