1809 3173
359 195 441 235 492
788 210 821 236 s.
857 207 1086 238 AUGUSTINI
1117 211 1296 238 EPISCOPI

363 292 381 313 «
418 276 499 326 Da,
526 273 730 332 inquiunt
748 307 759 328 ‚
784 273 963 331 gloriam
987 279 1090 320 Deo.
1116 279 1200 321 Nos
1221 276 1376 319 scimus
1395 275 1495 334 quia
1512 275 1582 319 hic
1603 275 1734 320 homo

361 361 380 383 n
416 352 615 402 peccator
637 352 714 387 est.
752 345 864 387 Dixit
889 361 990 403 ergo
1021 346 1118 399 ille,
1154 346 1194 389 Si
1219 355 1416 404 peccator
1440 354 1527 399 est,
1553 346 1696 389 nescio
1723 364 1732 390 :

361 431 380 454 »
416 429 554 456 unum
577 413 686 468 scio,
710 415 810 473 quia
832 431 969 459 caecus
992 431 1090 459 cum
1114 431 1269 470 essem,
1294 415 1424 460 modo
1447 415 1589 460 video.
1614 417 1737 460 Dixe-

362 503 381 526 »
417 494 519 528 runt
541 500 642 543 ergo
674 485 757 540 illi,
783 486 897 538 Quid
927 487 1027 529 fecit
1060 486 1170 529 tibi?
1198 487 1417 546 quomodo
1454 488 1621 545 apernit
1658 487 1737 531 tibi

361 573 381 596 n
417 556 624 599 oeulos1?
655 574 674 596 »
703 560 757 600 Et
794 556 866 599 ille
894 558 983 615 jam
1016 558 1287 601 stomachans
1310 557 1511 601 adversus
1533 558 1737 601 duritiam

359 629 383 669 J
390 626 634 681 udeeorum,
662 635 704 669 et
722 643 771 668 ex
793 642 908 670 cseco
931 626 1081 671 videns
1100 663 1110 681 ‚
1132 643 1220 671 non
1243 620 1384 671 'ferens
1407 643 1542 671 caecos
1562 663 1572 681 ‚
1603 648 1621 669 «
1648 643 1738 671 res-

361 715 381 739 »
417 697 570 756 pondit
603 698 686 751 eis,
724 698 813 740 Dixi
842 699 931 757 jam
968 699 1115 753 vobis,
1152 708 1195 742 et
1221 698 1426 743 audistis:
1453 698 1560 758 quid
1581 699 1738 742 iterum

362 785 382 808 »
418 766 547 810 vultis
585 767 763 810 audire?
795 769 1018 827 Numquid
1060 778 1103 812 et
1138 785 1213 813 vos
1252 768 1383 812 vultis
1419 768 1619 827 discipuli
1651 770 1740 828 ejus

363 857 383 878 (ι
418 838 571 880 fieri2?
597 856 615 878 n
642 837 758 889 Quid
781 847 864 892 est,
895 857 914 879 «
938 839 1160 898 Numquid
1189 847 1231 882 et
1250 854 1348 893 vos,
1383 856 1401 879 n
1423 838 1503 881 nisi
1528 839 1627 898 quia
1659 854 1739 897 ego

362 925 381 948 n
412 909 502 967 jam
525 909 889 969 summumquid
911 920 953 953 et
972 925 1047 953 vos
1069 909 1262 953 vultis?»
1287 912 1383 953 Jam
1400 909 1543 964 video,
1563 909 1638 953 sed
1652 925 1740 954 non

359 978 547 1022 invideo.

418 1050 520 1091 XII.
563 1068 581 1089 «
607 1047 925 1093 Maledixerunt
959 1050 1025 1101 ei,
1064 1059 1106 1093 et
1140 1048 1364 1103 dixerunt,
1405 1051 1470 1091 Tu
1506 1048 1741 1108 discipulus

362 1136 382 1159 ))
420 1120 509 1178 ejus
541 1120 639 1163 sis³.
671 1138 689 1160 »
719 1120 819 1163 Tale
840 1120 1118 1165 maledictum
1143 1136 1270 1178 super
1292 1136 1385 1174 nos,
1412 1129 1454 1163 et
1475 1135 1602 1179 super
1632 1119 1741 1164 filios

360 1198 543 1232 nostros,
568 1189 848 1233 Maledictum
883 1190 998 1233 enim
1040 1200 1123 1245 est,
1151 1192 1181 1234 si
1217 1207 1291 1234 cor
1321 1191 1546 1245 discutias,
1584 1206 1672 1234 non
1708 1191 1742 1234 si

360 1260 489 1303 verba
523 1260 779 1318 perpendas.
813 1280 832 1302 «
867 1263 952 1305 Nos
986 1271 1129 1304 autem
1163 1262 1303 1318 Moysi
1330 1260 1531 1319 discipuli
1559 1275 1738 1305 sumus:

364 1347 384 1369 »
419 1344 497 1372 nos
519 1331 674 1373 scimus
696 1331 796 1388 quia
828 1332 967 1387 Moysi
989 1331 1160 1374 locutus
1181 1340 1243 1374 est
1276 1334 1412 1385 Deus,
1437 1332 1567 1374 istum
1597 1339 1741 1373 autem

296 1394 302 1398 ’
364 1417 384 1439 »
419 1400 632 1443 nescimus
666 1399 784 1442 unde
820 1401 873 1443 sit
889 1402 919 1443 4.
949 1401 1167 1444 »Utinam
1201 1401 1381 1454 sciretis,
1427 1420 1446 1442 «
1479 1401 1578 1460 quia
1602 1401 1743 1458 Moysi

365 1488 384 1511 »
420 1470 591 1514 locutus
615 1480 678 1515 est
700 1474 813 1515 Deus
838 1491 846 1515 :
877 1489 896 1512 »
922 1472 1084 1516 sciretis
1108 1472 1207 1531 quia
1230 1487 1306 1530 per
1327 1475 1507 1529 Moysen
1531 1471 1742 1531 praedica-

362 1549 430 1584 tus
448 1550 512 1584 est
534 1544 661 1584 Deus.
691 1541 868 1585 Habetis
887 1542 1002 1584 enim
1027 1542 1258 1586 Dominum
1277 1542 1493 1585 dicentem
1515 1561 1524 1587 :
1549 1561 1569 1583 «
1592 1542 1633 1586 Si
1655 1557 1745 1585 cre-

365 1630 384 1652 »
421 1611 577 1654 deretis
595 1612 756 1667 Moysi,
773 1611 1002 1656 crederetis
1018 1621 1061 1656 et
1077 1613 1205 1666 mihi,
1223 1611 1277 1654 de
1295 1628 1363 1656 me
1381 1613 1495 1655 enim
1517 1611 1590 1655 ille
1607 1612 1743 1671 scrip-

365 1699 384 1722 »
421 1682 519 1724 sit5.
559 1700 579 1722 »
616 1685 763 1725 Ita-ne
784 1683 1014 1740 sequimini
1054 1698 1249 1736 servum,
1289 1691 1332 1726 et
1372 1682 1549 1726 dorsum
1586 1683 1744 1740 ponitis

363 1761 513 1795 contra
536 1751 799 1795 Dominum?
825 1752 907 1795 Sed
939 1767 1019 1796 nec
1056 1768 1226 1796 servum
1262 1752 1512 1811 sequimini,
1537 1767 1636 1796 nam
1669 1767 1745 1810 per

363 1821 486 1864 illum
511 1822 564 1867 ad
585 1822 818 1865 Dominum
837 1823 1120 1866 duceremini.

423 1895 549 1935 XIII.
581 1910 597 1930 «
625 1892 865 1950 Respondit
888 1892 959 1935 ille
973 1893 1104 1936 homo
1119 1927 1130 1947 ⁷
1157 1902 1200 1936 et
1220 1893 1328 1936 dixit
1348 1892 1428 1946 eis,
1450 1894 1501 1935 In
1518 1892 1600 1936 hoc
1622 1892 1746 1936 mira-

368 1980 388 2003 »
424 1961 509 2005 bile
531 1971 614 2016 est,
650 1963 751 2021 quia
778 1978 853 2006 vos
875 1961 1044 2005 nescitis
1063 1962 1180 2005 unde
1208 1962 1281 2016 sit,
1318 1971 1360 2004 et
1393 1961 1561 2020 aperuit
1595 1961 1746 2005 oculos

368 2051 387 2073 »
423 2047 555 2076 meos.
587 2034 752 2076 Scimus
778 2042 922 2075 autem
946 2032 1045 2090 quia
1076 2041 1320 2090 peccatores
1343 2034 1454 2075 Deus
1478 2047 1566 2074 non
1590 2032 1711 2075 audit
1733 2051 1743 2076 ε

368 2121 387 2143 »
423 2101 498 2145 scd
530 2103 564 2145 si
599 2102 696 2161 quis
720 2102 795 2145 Dei
826 2102 967 2145 cultor
996 2110 1080 2155 est,
1122 2111 1163 2144 et
1196 2101 1465 2145 voluntatem
1503 2103 1592 2161 ejus
1616 2101 1743 2156 facit,

369 2191 388 2213 »
424 2174 541 2216 hunc
580 2173 797 2216 exauditss.
828 2191 848 2213 »
887 2171 1043 2216 Adhuc
1075 2173 1280 2216 inunctus
1317 2171 1527 2231 loquitur.
1561 2175 1667 2217 Nam
1705 2181 1748 2216 et

366 2253 611 2302 peccatores
649 2243 821 2287 exaudit
854 2247 981 2287 Deus.
1011 2244 1053 2287 Si
1081 2243 1196 2286 enim
1229 2252 1474 2302 peccatores
1508 2246 1619 2286 Deus
1658 2258 1748 2286 non

367 2313 612 2370 exaudiret3
633 2313 789 2357 frustra
814 2313 886 2357 ille
908 2314 1169 2358 Publicanus
1188 2315 1336 2358 oculos
1358 2315 1402 2357 in
1424 2323 1584 2357 terram
1607 2313 1747 2357 dimit-

369 2397 461 2428 tens
484 2394 526 2428 et
546 2392 696 2442 pectus
717 2398 843 2426 suum
877 2385 1122 2442 percutiens
1146 2384 1307 2428 diceret
1333 2403 1341 2428 :
1371 2403 1390 2426 «
1415 2384 1620 2438 Domine,
1646 2399 1748 2442 pro-

417 2486 425 2502 ¹
445 2482 536 2511 Joan.
555 2490 620 2520 vni,
642 2478 695 2518 25,
715 2479 768 2510 26.
792 2496 834 2501 —-
856 2486 867 2502 ²
888 2479 970 2512 Ibid.
998 2488 1051 2521 27.
1073 2497 1113 2501 --
1133 2478 1146 2502 3
1161 2479 1241 2512 lbid.
1263 2482 1316 2512 28.
1338 2477 1406 2509 -4
1428 2479 1510 2512 lbid.
1526 2488 1578 2521 29.
1601 2477 1671 2502 -5
1696 2479 1743 2511 Id.

371 2546 404 2576 v,
422 2536 476 2577 46.
498 2554 539 2559 --
557 2534 571 2558 6
588 2536 632 2567 Id.
650 2547 696 2576 ix,
718 2536 770 2576 30,
793 2536 844 2568 31.
