1809 3173
356 203 409 239 50
790 208 823 236 S.
862 209 1087 236 AUGUS'MM
1124 209 1301 235 EPlSCOPl

352 274 594 327 obmutuit,
615 274 673 318 ita
701 282 744 317 ct
771 273 855 317 isti.
881 272 993 326 Quid
1029 273 1145 317 enim
1188 272 1363 332 prodest
1395 273 1598 330 strepitus
1621 273 1705 316 oris
1723 307 1734 327 ,

349 354 472 390 muto
494 343 655 389 corde?
676 346 903 389 Noverunt
927 344 1089 403 quippe
1112 343 1228 387 intus
1243 342 1360 403 apud
1378 343 1630 401 semetipsos
1647 357 1737 386 non

347 431 391 460 se
413 416 573 460 habere
589 413 709 474 quod
731 412 893 459 dicant.
917 416 1040 458 Intus
1059 414 1380 465 obmutuerunt
1397 448 1407 468 ,
1422 412 1528 458 foris
1553 421 1739 471 perstre-

346 495 472 546 punt.
513 484 712 530 Audiunt
736 519 747 540 ,
778 483 915 529 velint
956 482 1125 538 nolint,
1164 483 1294 527 etiam
1330 483 1446 542 apud
1477 498 1521 526 sc
1547 483 1734 538 cantari,

352 576 372 601 «
395 558 531 615 Surge
554 559 683 611 Deus,
700 554 850 615 judica
870 564 1026 599 terram
1045 575 1055 612 3
1080 554 1289 614 quoniam
1310 562 1360 597 tu
1385 553 1665 598 haereditabis
1693 554 1739 598 in

346 628 548 673 omnibus
564 628 766 686 gentihus
784 645 794 671 ι
810 635 885 670 »et
896 641 985 670 non
996 624 1363 670 communicando
1377 625 1581 670 omnibus
1596 625 1739 683 genti-

349 700 431 744 bus
451 734 461 754 ,
487 697 593 759 quid
616 697 735 742 aliud
771 712 903 757 quam
936 712 979 741 se
1008 695 1309 741 exhaeredatos
1332 710 1421 740 esse
1433 696 1739 754 cognoscunt?

404 771 526 814 XIV.
551 767 680 822 Quod
703 782 804 826 ergo
819 767 1041 822 dicebam,
1066 766 1241 821 fratres,
1268 765 1369 825 quia
1392 765 1447 808 ad
1469 780 1619 810 omnes
1636 779 1739 823 gen-

345 849 408 883 tes
430 839 616 898 pertinet
639 838 866 898 prophetia
893 856 902 882 :
927 839 944 895 (
962 836 1061 882 volo
1079 836 1194 880 enim
1216 835 1350 880 alium
1378 850 1554 880 sensum
1585 844 1734 880 osten-

345 909 448 954 dere
480 911 525 953 in
546 924 598 953 eo
620 907 741 969 quod
768 908 935 952 dictum
956 916 1019 950 est
1041 925 1050 952 :
1075 925 1094 949 «
1120 906 1352 966 Capientes
1384 915 1586 951 metretas
1613 905 1737 951 binas

348 998 368 1021 »
403 979 473 1024 vel
497 988 636 1024 ternas
658 997 666 1023 :
692 981 708 1036 )
732 996 752 1020 »
771 978 827 1022 ad
848 993 1014 1033 omnes,
1040 977 1237 1037 inquam,
1262 986 1409 1035 gentes
1428 976 1616 1036 pertinet
1637 992 1740 1036 pro-

345 1050 518 1109 phetia,
544 1048 674 1093 modo
697 1048 1131 1094 commemoravimus
1151 1047 1494 1092 demonstratum
1520 1048 1566 1091 in
1578 1047 1733 1102 Adam,

349 1139 369 1161 »
407 1121 482 1180 qui
495 1129 558 1164 est
575 1120 712 1164 forma
735 1118 888 1164 futuri.
918 1137 938 1160 »
962 1118 1066 1172 Quis
1085 1128 1232 1162 autem
1254 1118 1416 1162 nesciat
1430 1116 1550 1177 quod
1572 1116 1626 1160 de
1661 1115 1738 1161 illo

342 1200 502 1235 exortae
523 1200 626 1235 sunt
649 1205 798 1235 omnes
818 1199 966 1247 gentes
987 1192 998 1214 ¹
1022 1210 1033 1246 3
1054 1198 1097 1232 et
1119 1189 1163 1232 in
1188 1189 1278 1248 ejus
1297 1187 1514 1233 vocabulo
1547 1196 1736 1248 quatuor

341 1259 495 1306 litteris
515 1296 526 1314 ,
547 1271 736 1322 quatuor
758 1260 874 1304 orbis
896 1270 1108 1305 terrarum
1131 1268 1275 1318 partes
1300 1274 1376 1318 pcr
1400 1273 1558 1317 graecas
1580 1256 1733 1317 appel-

341 1331 524 1375 lationes
546 1330 930 1375 demonstrantur?
950 1330 991 1375 Si
1012 1329 1128 1373 enim
1151 1344 1288 1388 graece
1321 1328 1539 1384 dicantur,
1560 1329 1731 1384 Oriens,

342 1402 555 1446 Occidens
572 1436 582 1456 ,
627 1401 813 1460 Aquilo,
859 1399 1060 1445 Meridies
1075 1435 1086 1453 2,
1123 1401 1234 1444 sicut
1272 1416 1342 1444 eas
1381 1399 1598 1460 plerisque
1633 1399 1737 1443 locis

345 1481 492 1516 sancta
508 1473 729 1532 Scriptura
743 1480 1055 1516 commemorat
1068 1491 1079 1528 3
1094 1471 1138 1514 in
1151 1470 1364 1529 capitibus
1373 1470 1609 1515 verborum
1621 1470 1740 1514 inve-

349 1544 414 1586 nis
426 1542 566 1586 Adam
583 1562 592 1587 2
613 1543 822 1587 dicuntur
835 1542 950 1586 enim
969 1556 1106 1600 graece
1124 1550 1312 1601 quatuor
1326 1550 1575 1585 memoratae
1588 1538 1741 1584 mundi
1762 1548 1767 1565 ‘

347 1622 506 1673 partes,
534 1620 680 1661 vivatsso‘ss'n,
701 1617 799 1658 δύσις,
820 1620 939 1664 ἄρκτος,
956 1618 1152 1664 μεσημὲρίὰ..
1180 1614 1265 1655 Ista
1292 1620 1480 1671 quatuor
1508 1611 1684 1655 nomina
1707 1609 1743 1654 Si

349 1693 557 1744 tanquam
585 1699 733 1728 versus
759 1691 949 1743 quatuor
983 1683 1065 1726 sub
1100 1682 1287 1726 invicem
1311 1682 1492 1737 scribas,
1521 1683 1566 1725 in
1592 1695 1744 1726 eorum

351 1755 565 1814 capitibus
589 1753 729 1799 Adam
761 1753 933 1812 legitur.
962 1755 1055 1797 Hoc
1077 1753 1122 1796 in
1155 1755 1246 1798 Noe
1265 1762 1443 1812 propter
1469 1768 1610 1797 arcam
1632 1753 1745 1810 figu-

351 1835 495 1870 ratum
518 1835 608 1881 est,
637 1825 682 1868 in
710 1841 796 1885 qua
820 1833 943 1868 erant
965 1824 1109 1868 omnia
1144 1824 1346 1868 animalia
1368 1859 1379 1880 ,
1406 1840 1505 1884 quae
1525 1824 1744 1883 significa-

351 1898 459 1942 bant
476 1912 624 1942 omnes
649 1905 796 1956 gentes
815 1895 987 1940 :hocin
1010 1895 1246 1950 Abraham,
1272 1895 1344 1939 cui
1367 1896 1557 1955 apertius
1577 1896 1742 1941 dictum

350 1977 426 2022 est,
447 1987 466 2010 «
496 1971 547 2011 ln
568 1968 730 2011 semine
756 1975 831 2010 tuo
850 1964 1164 2010 benedicentur
1180 1980 1330 2010 omnes
1349 1975 1501 2025 gentes
1519 1982 1528 2007 ε
1544 1984 1563 2007 »
1589 1966 1673 2011 hoc
1693 1966 1740 2010 in
1796 1971 1798 2004 ἰ

354 2038 506 2092 David,
531 2037 586 2081 de
603 2038 726 2097 cujus
744 2035 920 2080 Psalmis
935 2071 945 2091 ,
973 2045 1021 2080 ut
1043 2035 1124 2079 alia
1146 2036 1359 2091 omittam,
1384 2036 1516 2081 modo
1537 2036 1744 2081 cantavi-

355 2124 451 2153 mus
453 2144 469 2165 ,
478 2128 497 2150 «
512 2111 663 2167 Surge,
678 2110 802 2161 Deus,
817 2105 964 2167 judica
978 2116 1133 2150 terram
1149 2127 1160 2164 3
1177 2107 1384 2166 quoniam
1396 2115 1444 2150 tu
1458 2106 1731 2151 haereditabis

355 2181 402 2224 in
415 2180 617 2225 omnibus
631 2180 848 2238 gentibus.
867 2197 887 2220 »
900 2179 983 2223 Cui
996 2177 1112 2222 enim
1122 2181 1214 2227 ,Deo
1227 2177 1400 2234 dicitur,
1426 2197 1446 2220 «
1465 2180 1616 2237 Surge,
1625 2196 1644 2219 n
1657 2178 1737 2222 nisi

356 2251 474 2311 eiqui
490 2250 719 2294 dormivit?
735 2269 755 2291 «
775 2251 926 2307 Surge,
947 2252 1074 2302 Deus,
1094 2247 1243 2308 judica
1258 2252 1448 2292 terram&
1468 2266 1488 2289 »
1510 2251 1737 2308 Tanquam

357 2321 575 2367 diceretur
601 2321 819 2367 :Dormisti
835 2355 846 2376 ‚
875 2319 1133 2380 judicatusa
1156 2329 1298 2377 terra,
1328 2335 1469 2378 surge,
1505 2330 1554 2365 ut
1570 2319 1743 2381 judices

359 2403 534 2439 terram.
573 2396 630 2438 Et
663 2408 751 2453 quo
782 2392 970 2451 pertinet
1004 2391 1078 2436 illa
1117 2392 1367 2451 prophetia,
1403 2411 1423 2435 «
1446 2393 1664 2445 Quoniam
1696 2400 1746 2436 tu

365 2484 385 2508 »
420 2463 698 2509 haereditabis
719 2463 764 2507 in
786 2462 987 2507 omnibus
1011 2462 1243 2522 gentibus?
1284 2480 1303 2503 »

417 2557 424 2574 ¹
444 2553 533 2583 Rom.
552 2560 584 2591 v,
607 2548 656 2592 r4.
677 2566 717 2572 -·
743 2555 756 2571 ²
776 2548 855 2581 Psal.
876 2558 982 2589 Lxxxi,
1001 2548 1033 2579 ὅ.
