1809 3173
399 159 482 198 364
841 175 874 204 s.
912 176 1140 209 Aucus'nm
1175 185 1353 212 EPIscom

397 236 584 294 Spiritu,
612 237 682 282 alii
710 243 901 299 operatio
925 246 1135 291 virtutum
1159 249 1202 292 in
1225 252 1377 295 eodem
1405 253 1610 311 Spiritu¹.
1637 256 1773 301 Multa

394 307 508 351 enim
532 308 692 354 dantur
720 312 774 357 ad
802 316 1213 376 manifestationem,
1240 324 1313 366 sed
1344 332 1391 366 tu
1414 323 1593 370 forsitan
1625 343 1774 372 eorum

393 379 588 423 omnium
612 398 711 440 quae
729 383 815 428 dixi
837 387 944 431 nihil
967 389 1113 433 habes.
1142 392 1183 434 Si
1207 409 1321 438 amas
1341 430 1351 448 ,
1370 410 1457 439 non
1473 397 1578 440 nihil
1604 399 1736 443 habes
1764 419 1771 443 :

392 449 425 492 si
447 451 559 494 enim
594 468 707 497 amas
732 456 939 501 unitatem
958 494 968 513 ,
1006 460 1134 504 etiam
1159 462 1237 506 tibi
1259 465 1391 509 habet
1425 467 1607 527 quisque
1636 469 1678 512 in
1703 469 1774 514 illa

391 521 523 564 habet
546 522 726 583 aliquid.
757 526 875 570 Tolle
900 528 1106 574 invidiam
1123 566 1133 586 ,
1162 541 1204 576 et
1227 542 1351 577 tuum
1374 545 1437 580 est
1455 538 1575 597 quod
1595 539 1735 584 habeo
1763 560 1770 585 :

392 590 758 639 tollaminvidiam
779 631 788 650 ,
813 607 854 641 et
879 613 1022 643 meum
1042 611 1104 645 est
1126 604 1245 662 quod.
1269 605 1415 649 habes.
1438 608 1566 652 Livor
1588 620 1771 669 separat,

389 663 544 707 sanitas
569 666 727 723 jungit.
755 667 917 713 Oculus
941 671 1056 714 solus
1084 673 1202 717 videt
1230 676 1272 719 in
1300 693 1479 736 corpore
1506 698 1514 724 :
1546 680 1621 723 sed
1643 697 1774 725 num-

390 733 495 792 quid
510 734 585 777 soli
601 735 680 779 sibi
695 737 845 781 oculus
864 739 1006 784 videt?
1025 745 1080 787 Et
1094 747 1239 788 manui
1255 746 1388 802 videt,
1407 758 1448 792 et
1462 750 1561 808 pedi
1576 751 1710 806 videt,
1733 762 1774 798 et

389 804 551 848 caetcris
574 806 776 851 membris
799 810 943 855 videt:
965 827 1052 856 non
1071 815 1183 858 enim
1202 816 1233 859 si
1254 817 1407 878 aliquis
1425 820 1535 864 ictus
1552 822 1595 864 in
1618 823 1773 880 pedem

388 874 553 929 veniat,
580 877 735 921 avertit
763 894 806 922 se
836 881 987 925 oculus
1016 883 1117 927 iude
1153 895 1201 929 ut
1224 903 1311 931 non
1335 901 1588 948 praecaveat.
1610 895 1774 937 Rursus

388 944 476 988 sola
500 961 653 990 manus
691 960 895 1007 operatur
917 952 961 995 111
994 969 1201 1015 corpore:
1228 958 1301 1002 scd
1331 961 1545 1020 numquid
1581 963 1659 1006 sibi
1697 963 1774 1007 soli

389 1020 622 1075 operatur?
644 1021 699 1063 Et
718 1021 846 1065 oculo
862 1034 1066 1081 operatur
1094 1046 1101 1070 :
1129 1043 1227 1071 nam
1247 1029 1280 1072 si
1301 1030 1410 1075 ictus
1430 1031 1583 1092 aliquis
1599 1034 1774 1077 veniens

389 1103 477 1131 non
500 1098 568 1132 eat
595 1089 639 1132 in
664 1106 863 1148 manum,
895 1095 971 1139 sed
999 1105 1169 1141 tautum
1193 1099 1237 1143 in
1266 1099 1417 1146 faciem
1435 1138 1445 1157 ,
1471 1105 1686 1164 numquid
1705 1104 1773 1149 di—

388 1158 447 1202 cit
469 1174 618 1204 manus
634 1195 644 1215 ,
670 1164 766 1206 Non
795 1179 864 1207 me
886 1181 1064 1222 moveo,
1092 1169 1192 1228 quia
1216 1186 1303 1215 non
1328 1172 1467 1217 tendit
1500 1174 1554 1217 ad
1578 1177 1677 1218 me?
1707 1177 1774 1220 Sic

388 1245 462 1289 pes
485 1231 752 1278 ambulando
775 1237 977 1281 omuibus
1008 1241 1211 1285 membris
1235 1242 1391 1287 militat
1421 1264 1428 1288 :
1461 1246 1656 1290 membra
1685 1263 1774 1290 cae-

390 1310 478 1346 tera
506 1311 672 1359 tacent,
699 1315 739 1349 et
774 1306 919 1365 lingua
948 1311 1151 1356 omnibus
1180 1312 1391 1373 loquitur.
1422 1316 1643 1361 Habemus
1671 1334 1773 1378 ergo

391 1373 597 1431 Spiritum
635 1386 854 1433 sanctum,
881 1380 913 1423 si
939 1397 1131 1426 amamus
1166 1384 1398 1430 Ecclesiam
1433 1407 1441 1431 z
1478 1403 1671 1433 amamus
1693 1406 1773 1434 au-

388 1452 492 1498 tem,
518 1445 551 1488 si
566 1445 610 1488 in
629 1448 719 1505 ejus
737 1464 945 1509 compage
962 1461 1004 1495 et
1022 1454 1229 1498 charitate
1244 1457 1530 1502 consistimus.
1556 1462 1662 1504 Nam
1683 1461 1773 1520 ipse

388 1515 620 1573 Apostolus
643 1532 742 1561 cum
776 1519 949 1565 dixisset
981 1521 1146 1568 diversa
1169 1525 1283 1570 dona
1304 1526 1395 1571 dari
1431 1527 1606 1573 diversis
1626 1531 1771 1575 homi-

388 1584 538 1641 nibus,
566 1595 774 1648 tanquam
797 1590 937 1636 officia
971 1609 1248 1655 quorumque
1282 1598 1605 1658 membrorum,
1635 1620 1654 1642 α
1683 1601 1773 1646 Ad-

390 1674 409 1697 »
446 1657 548 1713 huc,
565 1659 720 1720 inquit,
739 1664 1131 1721 supereminentem
1150 1668 1263 1712 viam
1281 1669 1403 1714 vobis
1421 1670 1671 1717 demonstro
1684 1676 1701 1700 2
1720 1693 1727 1718 :
1748 1692 1767 1715 »

386 1736 429 1770 et
450 1730 582 1788 ccepit
599 1729 719 1790 loqui
738 1731 792 1776 de
809 1734 1032 1780 charitate.
1072 1741 1310 1798 Praeposuit
1330 1756 1423 1785 eam
1446 1742 1603 1801 linguis
1626 1743 1770 1787 homi-

387 1814 492 1841 num
514 1809 556 1843 et
579 1802 869 1860 Angelorum,
896 1809 1130 1865 praeposuit
1149 1811 1363 1855 miraculis
1386 1812 1509 1868 fidei,
1533 1816 1771 1874 praeposuit

384 1870 572 1914 scientiae
594 1881 635 1916 et
659 1875 922 1933 prophetiae,
949 1881 1185 1936 praeposuit
1216 1883 1345 1925 etiam
1368 1883 1429 1926 illi
1468 1900 1627 1943 magno
1650 1887 1767 1945 operi

386 1942 714 1999 misericordiae,
746 1962 835 2005 quo
868 1962 943 1990 sua
981 1965 1079 2007 quae
1110 1952 1298 2009 possidet
1329 1953 1550 1999 distribuit
1582 1958 1768 2017 quisque

385 2013 672 2072 pauperibus,
693 2024 741 2059 et·
757 2015 810 2059 ad
828 2027 1065 2062 extremum
1089 2024 1323 2080 pi'aeposuit
1351 2039 1444 2068 earn
1467 2026 1594 2069 etiam
1618 2043 1770 2087 corpo-

384 2084 439 2127 ris
463 2085 647 2142 passioni
687 2106 695 2131 ;
731 2088 795 2130 1113
822 2090 1024 2134 omnibus
1055 2101 1143 2136 tam
1173 2095 1339 2153 magnis
1369 2096 1494 2140 rebus
1529 2100 1766 2157 praeposuit

383 2156 652 2200 charitatem.
681 2161 823 2216 Ipsam
846 2160 1025 2217 habeto,
1058 2173 1101 2207 et
1127 2174 1283 2209 cuncta
1307 2166 1488 2211 habebis
1515 2187 1524 2212 2
1552 2169 1653 2229 quia
1675 2171 1766 2214 sine

382 2225 453 2270 illa
478 2227 583 2270 nihil
610 2228 820 2286 proderit,
848 2232 1062 2294 quidquid
1095 2236 1255 2280 habere
1289 2239 1494 2296 potueris.
1522 2241 1632 2292 Quia
1664 2257 1766 2286 vero

383 2296 436 2340 ad
463 2297 669 2355 Spiritum
691 2310 887 2345 sanctum
917 2305 1104 2361 pertinet
1126 2307 1309 2351 charitas
1336 2309 1390 2351 de
1412 2325 1497 2369 qua
1520 2309 1761 2369 loquimur,

383 2370 399 2425 (
422 2369 603 2427 quaestio
627 2371 741 2415 enim
768 2372 897 2418 modo
928 2375 973 2418 in
993 2377 1227 2436 Evangelio
1259 2378 1313 2422 de
1339 2381 1499 2439 Spiritu
1524 2391 1672 2426 sancto
1695 2399 1764 2427 re-

384 2446 618 2496 tractatur)
641 2442 741 2486 audi
762 2446 1019 2504 Apostolum
1041 2447 1255 2493 dicentem
1285 2470 1292 2493 :
1323 2469 1341 2493 «
1364 2452 1557 2496 Charitas
1582 2454 1657 2496 Dei
1676 2453 1762 2498 dif-

433 2532 440 2547 ¹
461 2526 532 2556 Cor.
552 2536 610 2567 xn,
629 2526 661 2567 8,
682 2532 745 2560 etc.
763 2546 802 2550 -—
820 2536 831 2551 ²
857 2530 924 2562 ibid
962 2533 1013 2563 31.
