1825 3214
281 208 319 232 1:⁸1¹
356 209 527 233 ininius
563 206 870 241 flumineum,
906 209 1050 232 ·11·..«·.i·.
1092 209 1213 233 υιιι.
1357 198 1433 233 150

0 295 2 312 ι
60 289 79 311 (ι
114 271 216 330 quia
237 272 380 315 omnia
407 287 480 329 per
500 272 636 329 ipsum
656 271 767 314 facta
787 280 904 325 sunt,
920 281 962 314 et
977 273 1066 314 sine
1087 273 1176 330 ipso
1198 273 1356 316 lactum
1375 282 1438 316 est

0 332 2 349 l

58 359 78 381 »
115 341 237 385 nihil.
261 364 279 382 ›.·
297 342 460 394 Quibus
483 342 526 384 in
547 340 831 386 fundamento
852 341 950 385 fidei
973 343 1212 385 firmissime
1231 343 1438 386 constitu-

57 411 132 463 tis,
157 413 245 471 jam
268 411 397 471 quale
426 421 489 455 est
521 412 694 464 videre,
727 412 828 471 quia
855 431 874 452 «
903 414 995 455 Non
1028 420 1166 470 potest
1195 411 1326 455 Filius
1350 428 1371 455 a
1396 428 1440 455 se

57 499 76 522 η
98 480 236 525 facere
252 481 508 541 quidquam,
524 482 600 525 nisi
626 481 745 542 quod
769 481 924 525 viderit
950 484 1118 524 Patrem
1145 481 1398 524 facientem?
1417 500 1435 523 υ

54 552 242 606 Quaeris,
269 561 317 595 ut
339 552 514 611 opinor,
542 567 665 596 nosse
689 551 848 596 Filium
872 550 1102 594 facientem
1123 570 1131 595 :
1152 566 1298 610 quaere
1322 551 1438 609 prius

54 636 177 666 nosse
201 621 356 665 Filium
379 622 616 666 videntem.
637 623 765 666 Certe
780 621 896 664 enim
915 620 1022 681 quid
1046 620 1165 664 aiti‘«
1182 623 1279 665 Non
1302 629 1442 680 potest

57 709 76 733 »
114 691 245 736 Filius
275 708 296 736 a
327 708 371 735 se
402 691 541 736 facere
563 692 803 752 quidquam
823 726 834 746 ‚
856 692 936 735 nisi
959 691 1078 751 quod
1095 689 1252 735 viderit
1270 693 1441 735 Patrem

57 779 77 802 »
112 761 395 807 facientem.»
415 763 597 807 intende
613 762 734 823 quod
755 762 878 818 dixit,
903 781 923 804 «
943 762 1031 807 Nisi
1054 761 1175 822 quod
1194 761 1351 806 viderit
1365 764 1441 806 Pa-

57 849 77 872 »
114 840 220 875 trem
244 831 488 877 facientem.
518 852 537 873 »
565 832 774 877 Praecedit
796 833 926 887 visio,
951 841 993 876 et
1016 832 1212 892 sequitur
1229 830 1402 876 effectio
1428 850 1439 878 ε

53 899 171 946 videt
189 902 303 946 enim
328 912 376 946 ut
394 902 536 947 faciat.
565 906 631 947 Tu
654 902 762 963 quid
784 902 942 963 quaeris
958 903 1049 962 jam
1072 917 1196 946 nosse
1218 901 1441 962 quomodo

53 970 181 1017 faciat
197 1007 207 1026 ,
232 971 338 1017 dum
363 973 561 1017 nondum
583 975 689 1018 scias
720 972 943 1032 quomodo
965 972 1140 1017 videat?
1168 972 1285 1026 Quid
1306 973 1441 1018 curris

53 1041 107 1086 ad
134 1042 178 1086 id
200 1042 318 1103 quod
345 1043 554 1102 posterius
578 1053 639 1088 est
660 1079 670 1099 ‚
696 1044 846 1088 relicto
870 1042 990 1103 quod
1014 1044 1131 1102 prius
1153 1053 1216 1087 est
1232 1046 1249 1085 ἶ)
1272 1042 1439 1088 Viden-

55 1122 140 1158 tem
168 1129 211 1157 se
238 1113 345 1157 dixit
367 1124 410 1158 et
435 1113 665 1159 facientem
687 1136 698 1172 3
721 1131 808 1159 non
825 1150 836 1170 ,
861 1114 1092 1158 facientem
1120 1124 1163 1158 et
1183 1114 1404 1159 videntem
1428 1134 1436 1160 :

52 1184 152 1244 quia
174 1204 193 1226 «
219 1186 315 1229 Non
338 1194 480 1244 potest
500 1202 523 1229 a
543 1201 587 1230 se
610 1185 750 1230 facere
772 1184 1028 1245 quidquam,
1050 1186 1130 1229 nisi
1149 1184 1269 1244 quod
1285 1184 1442 1230 viderit

55 1273 74 1295 n
112 1258 281 1309 Patrem
305 1254 553 1300 facientem.
581 1275 601 1297 ))
632 1258 706 1300 Vis
727 1266 777 1300 ut
798 1255 1006 1316 explicem
1032 1255 1110 1299 tibi
1132 1257 1354 1316 quomodo
1372 1254 1442 1300 fa-

51 1325 167 1369 ciat?
192 1328 256 1370 Tu
279 1326 383 1370 mihi
407 1327 574 1387 explica
596 1327 818 1389 quomodo
851 1326 1012 1371 videat.
1040 1327 1082 1372 Si
1105 1327 1187 1372 hoc
1223 1336 1267 1370 tu
1301 1326 1439 1386 expli-

53 1412 149 1440 care
177 1413 265 1441 non
288 1406 410 1455 potes
428 1433 438 1452 ‚
465 1414 544 1443 nec
566 1414 646 1458 ego
679 1397 789 1442 illud
810 1417 818 1442 :
845 1398 879 1442 si
901 1398 984 1442 hoc
1009 1407 1057 1441 tu
1078 1397 1299 1457 percipere
1323 1413 1438 1442 non-

52 1467 159 1511 dum
191 1482 235 1512 es
268 1467 478 1523 idoneus,
518 1484 597 1513 nec
623 1483 704 1528 ego
725 1467 850 1512 illud.
883 1470 1073 1528 Uterque
1104 1482 1206 1526 ergo
1241 1477 1438 1512 nostrum

50 1547 238 1597 quaerat,
265 1547 450 1599 uterque.
472 1537 636 1598 pulset,
678 1548 726 1583 ut
759 1548 942 1599 uterque
975 1539 1169 1598 accipere
1201 1548 1433 1582 mereatur.

50 1608 166 1662 Quid
187 1610 310 1669 quasi
337 1608 492 1672 doetus
518 1608 791 1654 calumniaris
819 1608 1031 1653 indocto?
1060 1611 1152 1667 Ego
1187 1607 1242 1652 ad
1269 1608 1435 1652 facien—

50 1679 156 1723 dum
174 1713 185 1734 ‚
211 1689 260 1724 tu
281 1678 336 1724 ad
365 1679 626 1734 videndum,
660 1680 789 1723 ambo
812 1678 975 1723 indocti
1000 1696 1023 1723 a
1048 1679 1252 1737 magistro
1270 1694 1434 1738 quaera-

50 1764 162 1800 mus,
182 1765 270 1796 non
293 1751 337 1794 in
358 1749 505 1794 schola
523 1751 612 1809 ejus
631 1748 852 1809 pueriliter
869 1749 1103 1808 litigemus.
1124 1752 1286 1793 Tamen
1308 1748 1437 1793 simul

44 1821 135 1881 jam
172 1820 424 1875 didicimus,
464 1821 568 1879 quia
601 1820 747 1864 omnia
768 1834 844 1878 per
880 1819 1023 1878 ipsum
1046 1818 1159 1863 facta
1181 1828 1297 1863 sunt.
1323 1821 1437 1877 Ergo

48 1891 327 1936 manifestum
348 1900 432 1947 est,
458 1892 561 1951 quia
578 1906 667 1936 non
689 1890 772 1935 alia
789 1905 918 1950 opera
939 1890 1044 1935 facit
1067 1893 1193 1935 Pater
1211 1925 1221 1945 ‚
1248 1906 1346 1951 quae
1365 1890 1432 1934 vi-

49 1960 150 2006 deat
174 1961 309 2006 Filius
323 1998 337 2017 ,
365 1971 415 2006 ut
434 1962 524 2021 ipse
545 1960 676 2006 faeiat
696 1961 850 2005 similia
870 1981 882 2019 ε,
909 1960 984 2005 sed
1007 1959 1158 2004 eadem
1178 1975 1308 2019 opera
1329 1959 1434 2005 facit

49 2033 176 2076 Pater
198 2047 273 2091 per
291 2031 467 2086 Filium,
481 2032 583 2091 quia
598 2031 743 2076 omnia
760 2046 837 2091 per
858 2031 1053 2074 Verbum
1071 2028 1183 2074 facta
1206 2039 1322 2074 sunt.
1335 2032 1433 2075 Jam

48 2102 272 2162 quomodo
289 2101 418 2146 saciat
435 2105 548 2146 Deus
566 2102 663 2162 quis
679 2102 831 2146 novit?
852 2117 945 2146 non
966 2101 1064 2145 dico
1078 2099 1300 2161 quomodo
1315 2099 1433 2146 fece-

48 2172 104 2217 rit
121 2173 336 2217 mundum
347 2207 358 2227 ‚
383 2173 458 2216 sed
475 2171 698 2232 quomodo
719 2171 870 2217 lecerit
887 2170 1065 2216 oculum
1082 2180 1225 2226 tuum,
1250 2172 1320 2216 cui
1337 2187 1431 2216 car-

48 2241 202 2286 naliter
233 2243 475 2296 inhaerens,
513 2242 698 2287 visibilia
726 2242 1015 2287 invisibilibus
1046 2257 1285 2301 comparas.
1311 2241 1430 2286 Talia

47 2312 161 2356 enim
184 2312 238 2356 de
272 2316 361 2356 Deo
393 2313 554 2371 cogitas
571 2347 582 2367 ,
610 2310 753 2372 qualia
775 2312 839 2356 his
862 2312 997 2356 oculis
1017 2311 1163 2356 videre
1191 2312 1423 2356 consuesti.

48 2383 91 2427 Si
119 2392 260 2426 autem
297 2383 386 2427 istis
419 2382 554 2427 oculis
582 2382 718 2426 videri
739 2392 881 2440 posset
916 2385 1055 2437 Deus,
1101 2398 1190 2426 non
1231 2382 1422 2426 diceret:

49 2470 70 2494 «
103 2453 223 2496 Beati
245 2451 410 2497 mundo
430 2453 561 2498 corde
575 2487 586 2508 ‚
610 2452 712 2512 quia
735 2451 814 2511 ipsi
832 2455 969 2496 Deum
996 2451 1251 2496 videbunt1.
1273 2470 1293 2493 >³
1312 2455 1426 2509 Ergo

95 2542 106 2559 ¹
128 2536 248 2569 Matth.
273 2547 306 2577 v,
332 2539 363 2569 8.

1201 2589 1262 2628 12.
