1809 3173
373 147 458 191 410
811 158 842 187 S.
880 159 1110 190 Aueusnm
1142 161 1324 189 EPISCOPI

372 223 558 284 perstitit
578 223 696 284 apud
718 239 800 269 me.
829 226 1023 270 Verbum
1046 242 1148 286 ergo
1170 226 1290 286 quod
1315 235 1406 270 erat
1427 226 1472 270 in
1495 226 1626 271 corde
1649 236 1724 271 tuo
1739 262 1750 282 ,

370 295 589 355 numquid
630 311 736 340 sono
774 306 1067 355 praetereunte
1102 297 1340 356 praeteriit?
1373 296 1503 350 Quod
1535 297 1754 356 cogitabas

370 364 542 423 dixisti,
576 374 618 409 et
655 375 705 410 ut
738 365 793 411 ad
826 383 894 411 me
922 367 1166 427 perveniret
1198 367 1318 427 quod
1341 367 1457 426 apud
1482 376 1521 411 te
1558 367 1751 424 latebat,

370 435 556 494 syllabas
589 438 769 481 sonuisti
797 457 804 482 :
838 453 968 482 sonus
997 437 1264 495 syllabarum
1297 437 1500 498 perduxit
1524 437 1579 482 ad
1606 453 1756 482 aurem

370 523 511 552 meam
531 508 839 567 cogitationem
864 518 980 552 tuam
1000 529 1010 566 3
1037 524 1113 568 per
1135 523 1284 554 aurem
1307 524 1446 552 meam
1469 507 1692 553 descendit
1712 509 1758 554 in

369 594 444 623 cor
464 594 610 622 meum
633 580 837 637 cogitatio
858 588 949 633 tua,
975 594 1105 624 sonus
1128 579 1297 623 medius
1320 579 1601 628 transvolavit
1626 599 1635 624 z
1660 595 1757 624 ver-

369 649 478 693 bum
499 665 602 693 vero
623 649 734 693 illud
757 649 877 710 quod
902 651 1132 710 assumpsit
1153 666 1331 705 sonum,
1369 659 1604 710 antequam
1626 665 1755 695 sona-

368 735 434 763 res
450 754 461 773 ,
482 728 572 763 erat
589 719 706 778 apud
724 728 765 763 te
783 740 793 776 3
818 721 918 779 quia
938 721 1120 765 sonuisti
1139 756 1148 775 ,
1175 730 1238 765 est
1255 720 1373 780 apud
1395 736 1464 764 me
1479 756 1489 775 ,
1514 729 1557 764 et
1579 736 1668 765 non
1686 736 1755 764 re·

370 790 497 835 cessit
519 806 542 833 a
566 799 622 833 te.
639 792 732 834 Hoc
754 791 944 845 attende,
961 791 1156 852 quisquis
1178 807 1221 835 es
1244 792 1509 835 examinator
1530 806 1751 835 sonorum.

369 860 564 903 Verbum
599 860 675 903 Dei
704 861 972 917 contemnis,
998 862 1074 922 qui
1104 862 1285 906 verbum
1307 861 1494 906 hominis
1515 877 1605 906 non
1637 876 1757 906 com-

368 931 616 990 prebendis.

429 1003 482 1044 V.
511 1001 598 1045 Scit
619 1017 722 1060 ergo
753 1003 899 1047 omnia
919 1018 995 1063 per
1017 1019 1148 1064 quem
1172 1002 1286 1048 facta
1304 1012 1405 1047 sunt
1426 1002 1570 1047 omnia
1587 1038 1598 1058 ,
1623 1012 1667 1050 et
1688 1012 1755 1047 ta-

370 1086 471 1115 men
494 1070 737 1116 dubitando
755 1073 970 1133 increpat,
996 1093 1014 1115 «
1042 1075 1082 1119 Si
1108 1090 1175 1117 me
1198 1075 1359 1118 sciretis
1375 1109 1385 1128 ,
1413 1072 1591 1118 forsitan
1614 1083 1657 1118 et
1680 1077 1756 1118 Pa-

373 1160 393 1183 »
430 1151 541 1186 trem
579 1158 723 1186 meum
759 1144 936 1188 sciretis.
976 1164 994 1185 »
1024 1148 1225 1204 Increpat
1256 1143 1467 1188 infideles.
1494 1147 1601 1189 Nam
1624 1144 1756 1187 talem

371 1213 627 1256 sententiam
653 1213 761 1257 dixit
783 1214 1003 1273 discipulis
1026 1235 1033 1259 ;
1059 1215 1134 1258 sed
1156 1215 1216 1258 ihi
1240 1231 1328 1259 non
1347 1224 1408 1258 est
1428 1215 1609 1259 verbum
1629 1213 1756 1257 dubi-

368 1282 558 1334 tationis,
577 1284 678 1342 quia
696 1282 883 1328 nonfuit
906 1301 1032 1328 causa
1053 1285 1328 1344 increpandae
1350 1283 1630 1327 infidelitatis.
1645 1287 1755 1328 Nam

368 1353 488 1413 quod
512 1353 644 1397 modo
662 1353 769 1397 dixit
799 1355 960 1398 Judaeis
980 1375 987 1399 :
1009 1375 1027 1396 «
1056 1356 1097 1399 Si
1115 1371 1182 1398 me
1201 1356 1362 1399 sciretis
1379 1390 1389 1409 ,
1409 1354 1587 1398 forsitan
1609 1363 1652 1398 et
1676 1357 1756 1398 Pa-

370 1441 390 1464 »
428 1432 537 1466 trem
562 1439 709 1467 meum
747 1424 909 1468 sciretis
931 1444 939 1469 :
964 1444 983 1466 »
1015 1424 1121 1468 dixit
1144 1434 1186 1468 et
1207 1424 1426 1484 discipulis
1456 1425 1632 1484 quando
1654 1439 1754 1467 eum

368 1493 593 1552 Philippus
611 1495 921 1554 interrogavit,
946 1495 1034 1539 imo
1056 1494 1291 1554 postulavit
1313 1504 1355 1538 et
1378 1495 1436 1538 ait
1456 1514 1464 1539 :
1491 1514 1510 1536 «
1537 1494 1719 1538 Domine
1740 1529 1750 1549 ,

370 1581 391 1604 »
427 1564 606 1607 ostende
629 1565 756 1608 nobis
781 1569 974 1621 Patrem,
995 1575 1038 1610 et
1060 1566 1220 1609 suflicit
1237 1565 1385 1609 nobisl
1414 1584 1422 1609 2
1452 1584 1471 1606 »
1497 1565 1620 1625 quasi
1637 1565 1754 1608 dice-

367 1643 433 1678 ret
450 1669 461 1690 ,
494 1637 550 1678 Et
582 1635 662 1694 ipsi
696 1644 738 1678 te
758 1636 849 1695 jam
873 1636 1073 1680 novimus
1089 1672 1103 1691 ,
1135 1635 1371 1695 apparuisti
1394 1636 1540 1690 nobis,
1565 1634 1752 1679 vidimus

367 1714 410 1748 te
425 1740 435 1760 ,
457 1705 658 1763 dignatus
676 1721 718 1750 es
742 1706 900 1765 eligere
918 1722 1011 1762 nos,
1036 1707 1173 1751 secuti
1195 1723 1343 1751 sumus
1366 1716 1422 1761 te,
1448 1705 1661 1750 mirabilia
1678 1715 1752 1749 tua

365 1775 554 1819 vidimus
575 1811 585 1829 ,
606 1776 739 1820 verba
756 1776 904 1821 salutis
928 1777 1195 1833 audivimus,
1217 1787 1432 1837 praecepta
1453 1777 1719 1836 suscepimus
1737 1811 1748 1831 ,

365 1846 573 1905 promissa
590 1861 810 1905 speramus
829 1868 840 1904 ς
856 1847 1044 1891 multum
1065 1848 1190 1892 nobis
1211 1846 1409 1892 conferre
1432 1847 1659 1906 praesentia
1676 1855 1751 1890 tua

366 1915 458 1975 ipse
491 1910 693 1975 dignatus
717 1932 759 1960 es
786 1935 794 1960 :
815 1916 891 1960 sed
909 1926 1054 1961 tamen
1076 1933 1177 1962 cum
1202 1927 1243 1961 te
1266 1919 1528 1973 noverimus,
1547 1917 1649 1977 quia
1667 1921 1750 1961 Pa-

365 1995 477 2030 trem
500 1987 697 2030 nondum
714 1988 911 2031 novimus
927 2023 938 2042 ,
976 1988 1299 2031 inflammamur
1316 1988 1529 2031 desiderio
1551 1987 1665 2031 illius
1686 1988 1750 2030 vi-

365 2056 498 2101 dendi
525 2072 654 2116 quem
683 2057 880 2102 nondum
903 2057 1102 2102 novimus
1126 2077 1135 2102 :
1162 2074 1210 2102 ac
1232 2074 1308 2117 per
1330 2058 1413 2101 hoc
1436 2058 1537 2118 quia
1559 2066 1602 2100 te
1626 2056 1750 2102 novi-

363 2141 459 2170 mus
475 2162 486 2182 ,
512 2127 587 2171 sed
609 2143 698 2171 non
713 2128 837 2171 nobis
860 2128 1035 2183 suffieit,
1057 2128 1196 2171 donec
1220 2137 1263 2171 et
1286 2131 1455 2171 Patrem
1480 2127 1746 2184 noverimus,

364 2197 544 2241 ostende
572 2198 695 2241 nobis
730 2201 924 2251 Patrem,
960 2207 1005 2241 et
1034 2198 1195 2242 sufficit
1221 2197 1363 2242 nobis.
1390 2201 1447 2241 Et
1469 2197 1679 2241 Dominus
1700 2206 1749 2241 ut

363 2269 522 2312 scirent
539 2284 627 2312 non
649 2285 692 2313 se
711 2284 835 2313 nosse
852 2269 972 2328 quod
995 2285 1037 2313 se
1061 2270 1275 2329 putabant
1289 2271 1379 2328 jam
1399 2284 1521 2313 nosse
1546 2288 1555 2313 :
1577 2270 1748 2313 «Tanto

367 2356 386 2379 »
422 2347 615 2398 tempore
645 2339 869 2383 vobiscum
893 2355 989 2383 sum
1005 2375 1015 2394 ,
1039 2349 1081 2382 et
1105 2355 1172 2383 me
1195 2340 1400 2383 nescitis?
1424 2339 1642 2398 Philippo,
1673 2339 1749 2399 qui

366 2426 387 2450 »
424 2423 494 2452 me
512 2408 644 2463 vidit,
664 2407 774 2452 vidit
790 2418 833 2452 et
856 2412 1026 2454 Patrem
1041 2411 1072 2453 ².
1102 2428 1121 2451 »
1149 2408 1373 2469 Numquid
1394 2409 1526 2454 habet
1548 2409 1626 2454 ista
1647 2425 1747 2453 sen-

412 2501 419 2516 ¹
441 2495 531 2525 Joan.
551 2503 619 2534 xiv,
641 2493 675 2524 8.
701 2510 734 2515 -
758 2500 770 2515 ²
789 2492 869 2526 Ibid.
890 2504 921 2535 9.
