<?xml version="1.0" encoding="UTF-8"?>
<!DOCTYPE html PUBLIC "-//W3C//DTD XHTML 1.0 Transitional//EN"
    "http://www.w3.org/TR/xhtml1/DTD/xhtml1-transitional.dtd">
<html xmlns="http://www.w3.org/1999/xhtml" xml:lang="en" lang="en">
 <head>
  <title>
</title>
<meta http-equiv="Content-Type" content="text/html;charset=utf-8" />
  <meta name='ocr-system' content='tesseract 3.04.00' />
  <meta name='ocr-capabilities' content='ocr_page ocr_carea ocr_par ocr_line ocrx_word'/>
</head>
<body>
  <div class='ocr_page' id='page_1' title='image "./operaomniaaccura15auguuoft_0128.png"; bbox 0 0 1809 3173; ppageno 0'>
   <div class='ocr_carea' id='block_1_1' title="bbox 382 222 1327 259">
    <p class='ocr_par' dir='ltr' id='par_1_1' title="bbox 382 222 1327 259">
     <span class='ocr_line' id='line_1_1' title="bbox 382 222 1327 259; baseline -0.008 0"><span class='ocrx_word' id='word_1_1' title='bbox 382 222 461 259; x_wconf 87' lang='grc'>116</span> <span class='ocrx_word' id='word_1_2' title='bbox 813 225 847 254; x_wconf 88' lang='lat' dir='ltr'>s.</span> <span class='ocrx_word' id='word_1_3' title='bbox 883 225 1111 254; x_wconf 76' lang='lat' dir='ltr'>AUGUSTlM</span> <span class='ocrx_word' id='word_1_4' title='bbox 1147 227 1327 254; x_wconf 76' lang='lat' dir='ltr'>El&#39;lscol‘l</span> 
     </span>
    </p>
   </div>
   <div class='ocr_carea' id='block_1_2' title="bbox 367 287 1784 2550">
    <p class='ocr_par' dir='ltr' id='par_1_2' title="bbox 367 287 1764 1757">
     <span class='ocr_line' id='line_1_2' title="bbox 375 287 1751 339; baseline -0.006 -2"><span class='ocrx_word' id='word_1_5' title='bbox 375 315 396 338; x_wconf 88' lang='lat'>»</span> <span class='ocrx_word' id='word_1_6' title='bbox 432 295 567 339; x_wconf 85' lang='lat' dir='ltr'>minat</span> <span class='ocrx_word' id='word_1_7' title='bbox 580 306 754 336; x_wconf 89' lang='lat' dir='ltr'>omnem</span> <span class='ocrx_word' id='word_1_8' title='bbox 769 291 989 335; x_wconf 88' lang='lat' dir='ltr'>hominem</span> <span class='ocrx_word' id='word_1_9' title='bbox 1002 291 1249 336; x_wconf 79' lang='lat' dir='ltr'>venientem</span> <span class='ocrx_word' id='word_1_10' title='bbox 1264 291 1308 334; x_wconf 89' lang='lat' dir='ltr'>in</span> <span class='ocrx_word' id='word_1_11' title='bbox 1325 291 1444 334; x_wconf 87' lang='lat' dir='ltr'>hunc</span> <span class='ocrx_word' id='word_1_12' title='bbox 1462 287 1677 332; x_wconf 90' lang='lat' dir='ltr'>mundum</span> <span class='ocrx_word' id='word_1_13' title='bbox 1693 290 1721 332; x_wconf 83' lang='lat'>¹.</span> <span class='ocrx_word' id='word_1_14' title='bbox 1732 305 1751 327; x_wconf 90' lang='lat'>»</span> 
     </span>
     <span class='ocr_line' id='line_1_3' title="bbox 374 359 1756 422; baseline -0.007 -13"><span class='ocrx_word' id='word_1_15' title='bbox 374 366 417 412; x_wconf 88' lang='lat' dir='ltr'>Si</span> <span class='ocrx_word' id='word_1_16' title='bbox 436 378 534 422; x_wconf 84' lang='lat' dir='ltr'>ergo</span> <span class='ocrx_word' id='word_1_17' title='bbox 552 378 726 408; x_wconf 90' lang='lat' dir='ltr'>omnem</span> <span class='ocrx_word' id='word_1_18' title='bbox 743 362 982 417; x_wconf 84' lang='lat' dir='ltr'>hominem,</span> <span class='ocrx_word' id='word_1_19' title='bbox 999 371 1042 405; x_wconf 90' lang='lat' dir='ltr'>et</span> <span class='ocrx_word' id='word_1_20' title='bbox 1055 361 1198 420; x_wconf 90' lang='lat' dir='ltr'>ipsum</span> <span class='ocrx_word' id='word_1_21' title='bbox 1220 363 1244 405; x_wconf 91' lang='lat' dir='ltr'>J</span> <span class='ocrx_word' id='word_1_22' title='bbox 1249 375 1433 405; x_wconf 83' lang='lat' dir='ltr'>oannem</span> <span class='ocrx_word' id='word_1_23' title='bbox 1452 380 1462 416; x_wconf 75' lang='lat'>3</span> <span class='ocrx_word' id='word_1_24' title='bbox 1487 360 1587 418; x_wconf 86' lang='lat' dir='ltr'>quia</span> <span class='ocrx_word' id='word_1_25' title='bbox 1609 359 1756 417; x_wconf 88' lang='lat' dir='ltr'>etipse</span> 
     </span>
     <span class='ocr_line' id='line_1_4' title="bbox 372 430 1757 492; baseline -0.007 -11"><span class='ocrx_word' id='word_1_26' title='bbox 372 438 427 481; x_wconf 87' lang='lat' dir='ltr'>de</span> <span class='ocrx_word' id='word_1_27' title='bbox 449 435 712 480; x_wconf 83' lang='lat' dir='ltr'>hominibus.</span> <span class='ocrx_word' id='word_1_28' title='bbox 745 434 918 478; x_wconf 87' lang='lat' dir='ltr'>Etenim</span> <span class='ocrx_word' id='word_1_29' title='bbox 941 432 1139 492; x_wconf 87' lang='lat' dir='ltr'>quamvis</span> <span class='ocrx_word' id='word_1_30' title='bbox 1172 446 1301 476; x_wconf 89' lang='lat' dir='ltr'>nemo</span> <span class='ocrx_word' id='word_1_31' title='bbox 1331 430 1594 475; x_wconf 76' lang='lat' dir='ltr'>exurrexerit</span> <span class='ocrx_word' id='word_1_32' title='bbox 1620 430 1757 487; x_wconf 85' lang='lat' dir='ltr'>major</span> 
     </span>
     <span class='ocr_line' id='line_1_5' title="bbox 370 499 1757 560; baseline -0.006 -9"><span class='ocrx_word' id='word_1_33' title='bbox 370 510 536 552; x_wconf 70' lang='lat' dir='ltr'>joanne</span> <span class='ocrx_word' id='word_1_34' title='bbox 554 505 601 548; x_wconf 89' lang='lat' dir='ltr'>in</span> <span class='ocrx_word' id='word_1_35' title='bbox 621 505 732 549; x_wconf 85' lang='lat' dir='ltr'>natis</span> <span class='ocrx_word' id='word_1_36' title='bbox 754 503 987 547; x_wconf 86' lang='lat' dir='ltr'>mulierum</span> <span class='ocrx_word' id='word_1_37' title='bbox 1004 537 1015 558; x_wconf 89' lang='lat'>‚</span> <span class='ocrx_word' id='word_1_38' title='bbox 1040 517 1154 546; x_wconf 91' lang='lat' dir='ltr'>unus</span> <span class='ocrx_word' id='word_1_39' title='bbox 1177 510 1323 545; x_wconf 85' lang='lat' dir='ltr'>tamen</span> <span class='ocrx_word' id='word_1_40' title='bbox 1345 510 1387 545; x_wconf 87' lang='lat' dir='ltr'>et</span> <span class='ocrx_word' id='word_1_41' title='bbox 1408 501 1498 560; x_wconf 90' lang='lat' dir='ltr'>ipse</span> <span class='ocrx_word' id='word_1_42' title='bbox 1521 515 1571 544; x_wconf 83' lang='lat' dir='ltr'>ex</span> <span class='ocrx_word' id='word_1_43' title='bbox 1591 499 1658 543; x_wconf 92' lang='lat' dir='ltr'>his</span> <span class='ocrx_word' id='word_1_44' title='bbox 1680 499 1757 558; x_wconf 89' lang='lat' dir='ltr'>qui</span> 
     </span>
     <span class='ocr_line' id='line_1_6' title="bbox 369 569 1757 634; baseline -0.009 -10"><span class='ocrx_word' id='word_1_45' title='bbox 369 578 459 624; x_wconf 88' lang='lat' dir='ltr'>nati</span> <span class='ocrx_word' id='word_1_46' title='bbox 481 585 583 622; x_wconf 88' lang='lat' dir='ltr'>sunt</span> <span class='ocrx_word' id='word_1_47' title='bbox 595 591 647 621; x_wconf 82' lang='lat' dir='ltr'>ex</span> <span class='ocrx_word' id='word_1_48' title='bbox 662 574 935 620; x_wconf 85' lang='lat' dir='ltr'>mulieribus.</span> <span class='ocrx_word' id='word_1_49' title='bbox 952 572 1176 634; x_wconf 89' lang='lat' dir='ltr'>Numquid</span> <span class='ocrx_word' id='word_1_50' title='bbox 1192 571 1510 631; x_wconf 84' lang='lat' dir='ltr'>comparandus</span> <span class='ocrx_word' id='word_1_51' title='bbox 1527 579 1591 614; x_wconf 88' lang='lat' dir='ltr'>est</span> <span class='ocrx_word' id='word_1_52' title='bbox 1608 570 1662 624; x_wconf 87' lang='lat' dir='ltr'>ei,</span> <span class='ocrx_word' id='word_1_53' title='bbox 1681 569 1757 629; x_wconf 90' lang='lat' dir='ltr'>qui</span> 
     </span>
     <span class='ocr_line' id='line_1_7' title="bbox 370 642 1757 711; baseline -0.008 -17"><span class='ocrx_word' id='word_1_54' title='bbox 370 650 472 711; x_wconf 84' lang='lat' dir='ltr'>quia</span> <span class='ocrx_word' id='word_1_55' title='bbox 493 647 633 694; x_wconf 83' lang='lat' dir='ltr'>voluit</span> <span class='ocrx_word' id='word_1_56' title='bbox 656 655 783 691; x_wconf 80' lang='lat' dir='ltr'>natus</span> <span class='ocrx_word' id='word_1_57' title='bbox 805 647 899 690; x_wconf 72' lang='lat' dir='ltr'>est?</span> <span class='ocrx_word' id='word_1_58' title='bbox 920 654 963 689; x_wconf 88' lang='lat' dir='ltr'>et</span> <span class='ocrx_word' id='word_1_59' title='bbox 978 644 1077 689; x_wconf 91' lang='lat' dir='ltr'>ideo</span> <span class='ocrx_word' id='word_1_60' title='bbox 1100 659 1216 688; x_wconf 86' lang='lat' dir='ltr'>novo</span> <span class='ocrx_word' id='word_1_61' title='bbox 1236 651 1379 702; x_wconf 83' lang='lat' dir='ltr'>partu,</span> <span class='ocrx_word' id='word_1_62' title='bbox 1406 642 1506 701; x_wconf 86' lang='lat' dir='ltr'>quia</span> <span class='ocrx_word' id='word_1_63' title='bbox 1522 655 1661 685; x_wconf 87' lang='lat' dir='ltr'>novus</span> <span class='ocrx_word' id='word_1_64' title='bbox 1683 655 1757 684; x_wconf 85' lang='lat' dir='ltr'>na-</span> 
     </span>
     <span class='ocr_line' id='line_1_8' title="bbox 371 712 1758 775; baseline -0.008 -10"><span class='ocrx_word' id='word_1_65' title='bbox 371 722 473 765; x_wconf 78' lang='lat' dir='ltr'>tus?</span> <span class='ocrx_word' id='word_1_66' title='bbox 504 719 659 764; x_wconf 84' lang='lat' dir='ltr'>Ambae</span> <span class='ocrx_word' id='word_1_67' title='bbox 680 717 796 761; x_wconf 90' lang='lat' dir='ltr'>enim</span> <span class='ocrx_word' id='word_1_68' title='bbox 819 717 1115 775; x_wconf 83' lang='lat' dir='ltr'>generationes</span> <span class='ocrx_word' id='word_1_69' title='bbox 1137 713 1309 759; x_wconf 86' lang='lat' dir='ltr'>Domini</span> <span class='ocrx_word' id='word_1_70' title='bbox 1332 712 1549 756; x_wconf 75' lang='lat' dir='ltr'>inusitatae</span> <span class='ocrx_word' id='word_1_71' title='bbox 1567 720 1690 766; x_wconf 86' lang='lat' dir='ltr'>sunt,</span> <span class='ocrx_word' id='word_1_72' title='bbox 1715 719 1758 754; x_wconf 90' lang='lat' dir='ltr'>et</span> 
     </span>
     <span class='ocr_line' id='line_1_9' title="bbox 368 782 1758 836; baseline -0.008 -1"><span class='ocrx_word' id='word_1_73' title='bbox 368 791 514 835; x_wconf 89' lang='lat' dir='ltr'>divina</span> <span class='ocrx_word' id='word_1_74' title='bbox 543 798 586 833; x_wconf 93' lang='lat' dir='ltr'>et</span> <span class='ocrx_word' id='word_1_75' title='bbox 622 790 815 832; x_wconf 82' lang='lat' dir='ltr'>humana</span> <span class='ocrx_word' id='word_1_76' title='bbox 842 806 851 833; x_wconf 78' lang='lat'>2</span> <span class='ocrx_word' id='word_1_77' title='bbox 878 787 1031 831; x_wconf 85' lang='lat' dir='ltr'>Divina</span> <span class='ocrx_word' id='word_1_78' title='bbox 1062 801 1152 830; x_wconf 90' lang='lat' dir='ltr'>non</span> <span class='ocrx_word' id='word_1_79' title='bbox 1175 784 1309 828; x_wconf 87' lang='lat' dir='ltr'>habet</span> <span class='ocrx_word' id='word_1_80' title='bbox 1335 791 1541 836; x_wconf 84' lang='lat' dir='ltr'>matrem,</span> <span class='ocrx_word' id='word_1_81' title='bbox 1566 782 1758 825; x_wconf 87' lang='lat' dir='ltr'>humana</span> 
     </span>
     <span class='ocr_line' id='line_1_10' title="bbox 368 850 1759 918; baseline -0.007 -13"><span class='ocrx_word' id='word_1_82' title='bbox 368 877 458 906; x_wconf 89' lang='lat' dir='ltr'>non</span> <span class='ocrx_word' id='word_1_83' title='bbox 488 860 621 904; x_wconf 90' lang='lat' dir='ltr'>habet</span> <span class='ocrx_word' id='word_1_84' title='bbox 659 868 842 918; x_wconf 83' lang='lat' dir='ltr'>patrem.</span> <span class='ocrx_word' id='word_1_85' title='bbox 871 860 987 916; x_wconf 85' lang='lat' dir='ltr'>Ergo</span> <span class='ocrx_word' id='word_1_86' title='bbox 1014 871 1127 900; x_wconf 86' lang='lat' dir='ltr'>unus</span> <span class='ocrx_word' id='word_1_87' title='bbox 1151 854 1206 899; x_wconf 90' lang='lat' dir='ltr'>de</span> <span class='ocrx_word' id='word_1_88' title='bbox 1242 855 1404 899; x_wconf 82' lang='lat' dir='ltr'>caeteris</span> <span class='ocrx_word' id='word_1_89' title='bbox 1430 856 1645 907; x_wconf 85' lang='lat' dir='ltr'>Joannes‚</span> <span class='ocrx_word' id='word_1_90' title='bbox 1684 850 1759 896; x_wconf 83' lang='lat' dir='ltr'>sed</span> 
     </span>
     <span class='ocr_line' id='line_1_11' title="bbox 370 924 1759 990; baseline -0.007 -14"><span class='ocrx_word' id='word_1_91' title='bbox 370 942 515 977; x_wconf 81' lang='lat' dir='ltr'>tamen</span> <span class='ocrx_word' id='word_1_92' title='bbox 538 930 710 990; x_wconf 84' lang='lat' dir='ltr'>majoris</span> <span class='ocrx_word' id='word_1_93' title='bbox 733 930 940 988; x_wconf 76' lang='lat' dir='ltr'>gratiae23</span> <span class='ocrx_word' id='word_1_94' title='bbox 970 929 1029 972; x_wconf 89' lang='lat' dir='ltr'>ita</span> <span class='ocrx_word' id='word_1_95' title='bbox 1056 937 1106 972; x_wconf 90' lang='lat' dir='ltr'>ut</span> <span class='ocrx_word' id='word_1_96' title='bbox 1142 929 1188 971; x_wconf 89' lang='lat' dir='ltr'>in</span> <span class='ocrx_word' id='word_1_97' title='bbox 1219 927 1329 971; x_wconf 89' lang='lat' dir='ltr'>natis</span> <span class='ocrx_word' id='word_1_98' title='bbox 1364 924 1597 969; x_wconf 83' lang='lat' dir='ltr'>mulierum</span> <span class='ocrx_word' id='word_1_99' title='bbox 1631 939 1759 967; x_wconf 90' lang='lat' dir='ltr'>nemo</span> 
     </span>
     <span class='ocr_line' id='line_1_12' title="bbox 367 996 1759 1062; baseline -0.007 -14"><span class='ocrx_word' id='word_1_100' title='bbox 367 1011 593 1062; x_wconf 72' lang='lat' dir='ltr'>exurgeret</span> <span class='ocrx_word' id='word_1_101' title='bbox 617 1003 753 1062; x_wconf 81' lang='lat' dir='ltr'>major</span> <span class='ocrx_word' id='word_1_102' title='bbox 785 1000 883 1056; x_wconf 83' lang='lat' dir='ltr'>illo,</span> <span class='ocrx_word' id='word_1_103' title='bbox 916 1009 1084 1045; x_wconf 86' lang='lat' dir='ltr'>tantam</span> <span class='ocrx_word' id='word_1_104' title='bbox 1113 998 1465 1059; x_wconf 83' lang='lat' dir='ltr'>justificationem</span> <span class='ocrx_word' id='word_1_105' title='bbox 1493 996 1647 1040; x_wconf 86' lang='lat' dir='ltr'>tribuit</span> <span class='ocrx_word' id='word_1_106' title='bbox 1670 998 1759 1039; x_wconf 90' lang='lat' dir='ltr'>Do-</span> 
     </span>
     <span class='ocr_line' id='line_1_13' title="bbox 369 1068 1760 1129; baseline -0.007 -9"><span class='ocrx_word' id='word_1_107' title='bbox 369 1076 486 1120; x_wconf 89' lang='lat' dir='ltr'>mino</span> <span class='ocrx_word' id='word_1_108' title='bbox 506 1083 656 1119; x_wconf 88' lang='lat' dir='ltr'>nostro</span> <span class='ocrx_word' id='word_1_109' title='bbox 674 1076 697 1117; x_wconf 90' lang='lat' dir='ltr'>J</span> <span class='ocrx_word' id='word_1_110' title='bbox 702 1088 777 1118; x_wconf 87' lang='lat' dir='ltr'>esu</span> <span class='ocrx_word' id='word_1_111' title='bbox 791 1074 981 1127; x_wconf 84' lang='lat' dir='ltr'>Christo,</span> <span class='ocrx_word' id='word_1_112' title='bbox 1002 1081 1053 1116; x_wconf 88' lang='lat' dir='ltr'>ut</span> <span class='ocrx_word' id='word_1_113' title='bbox 1069 1070 1193 1115; x_wconf 88' lang='lat' dir='ltr'>illum</span> <span class='ocrx_word' id='word_1_114' title='bbox 1210 1071 1326 1115; x_wconf 86' lang='lat' dir='ltr'>dicat</span> <span class='ocrx_word' id='word_1_115' title='bbox 1343 1083 1568 1129; x_wconf 80' lang='lat' dir='ltr'>sponsum,</span> <span class='ocrx_word' id='word_1_116' title='bbox 1590 1083 1633 1112; x_wconf 91' lang='lat' dir='ltr'>se</span> <span class='ocrx_word' id='word_1_117' title='bbox 1652 1068 1760 1111; x_wconf 65' lang='lat' dir='ltr'>ami-⁹</span> 
     </span>
     <span class='ocr_line' id='line_1_14' title="bbox 367 1138 1760 1205; baseline -0.009 -13"><span class='ocrx_word' id='word_1_118' title='bbox 367 1162 468 1192; x_wconf 89' lang='lat' dir='ltr'>cum</span> <span class='ocrx_word' id='word_1_119' title='bbox 491 1145 658 1205; x_wconf 81' lang='lat' dir='ltr'>sponsi,</span> <span class='ocrx_word' id='word_1_120' title='bbox 680 1160 769 1189; x_wconf 88' lang='lat' dir='ltr'>non</span> <span class='ocrx_word' id='word_1_121' title='bbox 790 1145 975 1203; x_wconf 82' lang='lat' dir='ltr'>dignum</span> <span class='ocrx_word' id='word_1_122' title='bbox 996 1152 1142 1187; x_wconf 84' lang='lat' dir='ltr'>tamen</span> <span class='ocrx_word' id='word_1_123' title='bbox 1165 1141 1330 1186; x_wconf 80' lang='lat' dir='ltr'>solvere</span> <span class='ocrx_word' id='word_1_124' title='bbox 1348 1140 1575 1198; x_wconf 77' lang='lat' dir='ltr'>corrigiam</span> <span class='ocrx_word' id='word_1_125' title='bbox 1595 1138 1760 1182; x_wconf 86' lang='lat' dir='ltr'>calcea-</span> 
     </span>
     <span class='ocr_line' id='line_1_15' title="bbox 369 1210 1756 1276; baseline -0.008 -15"><span class='ocrx_word' id='word_1_126' title='bbox 369 1217 504 1262; x_wconf 87' lang='lat' dir='ltr'>menti</span> <span class='ocrx_word' id='word_1_127' title='bbox 537 1216 686 1276; x_wconf 88' lang='lat' dir='ltr'>ipsius.</span> <span class='ocrx_word' id='word_1_128' title='bbox 726 1215 838 1259; x_wconf 84' lang='lat' dir='ltr'>Hinc</span> <span class='ocrx_word' id='word_1_129' title='bbox 872 1213 1037 1258; x_wconf 85' lang='lat' dir='ltr'>audivit</span> <span class='ocrx_word' id='word_1_130' title='bbox 1059 1214 1150 1272; x_wconf 86' lang='lat' dir='ltr'>jam</span> <span class='ocrx_word' id='word_1_131' title='bbox 1186 1211 1322 1256; x_wconf 84' lang='lat' dir='ltr'>multa</span> <span class='ocrx_word' id='word_1_132' title='bbox 1355 1210 1552 1255; x_wconf 84' lang='lat' dir='ltr'>Charitas</span> <span class='ocrx_word' id='word_1_133' title='bbox 1575 1211 1756 1252; x_wconf 86' lang='lat' dir='ltr'>Vestra:</span> 
     </span>
     <span class='ocr_line' id='line_1_16' title="bbox 367 1281 1762 1349; baseline -0.006 -17"><span class='ocrx_word' id='word_1_134' title='bbox 367 1287 490 1349; x_wconf 88' lang='lat' dir='ltr'>quod</span> <span class='ocrx_word' id='word_1_135' title='bbox 518 1287 714 1346; x_wconf 88' lang='lat' dir='ltr'>sequitur</span> <span class='ocrx_word' id='word_1_136' title='bbox 751 1284 976 1329; x_wconf 85' lang='lat' dir='ltr'>videamus</span> <span class='ocrx_word' id='word_1_137' title='bbox 1002 1303 1011 1327; x_wconf 87' lang='grc'>;</span> <span class='ocrx_word' id='word_1_138' title='bbox 1037 1282 1311 1342; x_wconf 84' lang='lat' dir='ltr'>aliquantum</span> <span class='ocrx_word' id='word_1_139' title='bbox 1345 1282 1461 1325; x_wconf 88' lang='lat' dir='ltr'>enim</span> <span class='ocrx_word' id='word_1_140' title='bbox 1492 1281 1675 1339; x_wconf 90' lang='lat' dir='ltr'>spissum</span> <span class='ocrx_word' id='word_1_141' title='bbox 1698 1288 1762 1323; x_wconf 87' lang='lat' dir='ltr'>est</span> 
     </span>
     <span class='ocr_line' id='line_1_17' title="bbox 369 1349 1758 1416; baseline -0.008 -13"><span class='ocrx_word' id='word_1_142' title='bbox 369 1358 423 1403; x_wconf 88' lang='lat' dir='ltr'>ad</span> <span class='ocrx_word' id='word_1_143' title='bbox 445 1356 797 1416; x_wconf 80' lang='lat' dir='ltr'>intelligendum.</span> <span class='ocrx_word' id='word_1_144' title='bbox 826 1354 910 1400; x_wconf 88' lang='lat' dir='ltr'>Sed</span> <span class='ocrx_word' id='word_1_145' title='bbox 927 1353 1136 1414; x_wconf 87' lang='lat' dir='ltr'>quoniam</span> <span class='ocrx_word' id='word_1_146' title='bbox 1154 1351 1260 1396; x_wconf 81' lang='lat' dir='ltr'>dicit</span> <span class='ocrx_word' id='word_1_147' title='bbox 1280 1353 1369 1411; x_wconf 87' lang='lat' dir='ltr'>ipse</span> <span class='ocrx_word' id='word_1_148' title='bbox 1392 1354 1581 1396; x_wconf 82' lang='lat' dir='ltr'>Joannes</span> <span class='ocrx_word' id='word_1_149' title='bbox 1596 1385 1607 1405; x_wconf 82' lang='grc'>,</span> <span class='ocrx_word' id='word_1_150' title='bbox 1633 1349 1734 1409; x_wconf 86' lang='lat' dir='ltr'>quia</span> <span class='ocrx_word' id='word_1_151' title='bbox 1748 1383 1758 1403; x_wconf 89' lang='lat'>,</span> 
     </span>
     <span class='ocr_line' id='line_1_18' title="bbox 374 1418 1763 1487; baseline -0.006 -17"><span class='ocrx_word' id='word_1_152' title='bbox 374 1448 395 1471; x_wconf 90' lang='lat'>«</span> <span class='ocrx_word' id='word_1_153' title='bbox 431 1431 529 1474; x_wconf 93' lang='lat' dir='ltr'>Non</span> <span class='ocrx_word' id='word_1_154' title='bbox 556 1435 699 1487; x_wconf 83' lang='lat' dir='ltr'>potest</span> <span class='ocrx_word' id='word_1_155' title='bbox 721 1427 854 1470; x_wconf 91' lang='lat' dir='ltr'>homo</span> <span class='ocrx_word' id='word_1_156' title='bbox 889 1424 1084 1483; x_wconf 81' lang='lat' dir='ltr'>accipere</span> <span class='ocrx_word' id='word_1_157' title='bbox 1111 1422 1356 1482; x_wconf 80' lang='lat' dir='ltr'>quidquam</span> <span class='ocrx_word' id='word_1_158' title='bbox 1373 1456 1384 1477; x_wconf 81' lang='lat'><em>‚</em></span> <span class='ocrx_word' id='word_1_159' title='bbox 1409 1421 1490 1465; x_wconf 89' lang='lat' dir='ltr'>nisi</span> <span class='ocrx_word' id='word_1_160' title='bbox 1518 1420 1671 1464; x_wconf 82' lang='lat' dir='ltr'>datum</span> <span class='ocrx_word' id='word_1_161' title='bbox 1701 1418 1763 1462; x_wconf 86' lang='lat' dir='ltr'>illi</span> 
     </span>
     <span class='ocr_line' id='line_1_19' title="bbox 375 1492 1762 1556; baseline -0.006 -15"><span class='ocrx_word' id='word_1_162' title='bbox 375 1518 396 1541; x_wconf 82' lang='lat'>»</span> <span class='ocrx_word' id='word_1_163' title='bbox 433 1498 565 1543; x_wconf 83' lang='lat' dir='ltr'>fuerit</span> <span class='ocrx_word' id='word_1_164' title='bbox 591 1499 647 1542; x_wconf 90' lang='lat' dir='ltr'>de</span> <span class='ocrx_word' id='word_1_165' title='bbox 670 1497 806 1555; x_wconf 76' lang='lat' dir='ltr'>caelo3</span> <span class='ocrx_word' id='word_1_166' title='bbox 832 1516 852 1538; x_wconf 87' lang='lat'>»</span> <span class='ocrx_word' id='word_1_167' title='bbox 880 1494 1100 1556; x_wconf 89' lang='lat' dir='ltr'>quidquid</span> <span class='ocrx_word' id='word_1_168' title='bbox 1122 1510 1211 1539; x_wconf 92' lang='lat' dir='ltr'>non</span> <span class='ocrx_word' id='word_1_169' title='bbox 1243 1492 1581 1537; x_wconf 80' lang='lat' dir='ltr'>intellexerimus</span> <span class='ocrx_word' id='word_1_170' title='bbox 1601 1526 1612 1546; x_wconf 87' lang='lat'>,</span> <span class='ocrx_word' id='word_1_171' title='bbox 1637 1504 1762 1548; x_wconf 81' lang='lat' dir='ltr'>roge-</span> 
     </span>
     <span class='ocr_line' id='line_1_20' title="bbox 370 1565 1764 1628; baseline -0.008 -13"><span class='ocrx_word' id='word_1_172' title='bbox 370 1586 469 1615; x_wconf 85' lang='lat' dir='ltr'>mus</span> <span class='ocrx_word' id='word_1_173' title='bbox 497 1584 597 1613; x_wconf 88' lang='lat' dir='ltr'>eum</span> <span class='ocrx_word' id='word_1_174' title='bbox 623 1569 699 1628; x_wconf 86' lang='lat' dir='ltr'>qui</span> <span class='ocrx_word' id='word_1_175' title='bbox 721 1567 795 1612; x_wconf 87' lang='lat' dir='ltr'>dat</span> <span class='ocrx_word' id='word_1_176' title='bbox 821 1566 875 1611; x_wconf 89' lang='lat' dir='ltr'>de</span> <span class='ocrx_word' id='word_1_177' title='bbox 898 1565 1042 1624; x_wconf 79' lang='lat' dir='ltr'>coelo3</span> <span class='ocrx_word' id='word_1_178' title='bbox 1066 1566 1169 1625; x_wconf 86' lang='lat' dir='ltr'>quia</span> <span class='ocrx_word' id='word_1_179' title='bbox 1190 1565 1388 1609; x_wconf 88' lang='lat' dir='ltr'>homines</span> <span class='ocrx_word' id='word_1_180' title='bbox 1410 1577 1558 1606; x_wconf 91' lang='lat' dir='ltr'>sumus</span> <span class='ocrx_word' id='word_1_181' title='bbox 1575 1596 1586 1616; x_wconf 79' lang='grc'>,</span> <span class='ocrx_word' id='word_1_182' title='bbox 1612 1570 1655 1605; x_wconf 90' lang='lat' dir='ltr'>et</span> <span class='ocrx_word' id='word_1_183' title='bbox 1674 1576 1764 1605; x_wconf 83' lang='lat' dir='ltr'>non</span> 
     </span>
     <span class='ocr_line' id='line_1_21' title="bbox 371 1631 1764 1701; baseline -0.009 -15"><span class='ocrx_word' id='word_1_184' title='bbox 371 1654 602 1701; x_wconf 89' lang='lat' dir='ltr'>possumus</span> <span class='ocrx_word' id='word_1_185' title='bbox 626 1638 822 1698; x_wconf 86' lang='lat' dir='ltr'>accipere</span> <span class='ocrx_word' id='word_1_186' title='bbox 843 1636 1108 1698; x_wconf 84' lang='lat' dir='ltr'>quidquam,</span> <span class='ocrx_word' id='word_1_187' title='bbox 1134 1634 1215 1679; x_wconf 90' lang='lat' dir='ltr'>nisi</span> <span class='ocrx_word' id='word_1_188' title='bbox 1243 1633 1316 1677; x_wconf 86' lang='lat' dir='ltr'>ille</span> <span class='ocrx_word' id='word_1_189' title='bbox 1339 1631 1507 1677; x_wconf 87' lang='lat' dir='ltr'>dederit</span> <span class='ocrx_word' id='word_1_190' title='bbox 1534 1632 1611 1691; x_wconf 90' lang='lat' dir='ltr'>qui</span> <span class='ocrx_word' id='word_1_191' title='bbox 1630 1631 1764 1676; x_wconf 87' lang='lat' dir='ltr'>homo</span> 
     </span>
     <span class='ocr_line' id='line_1_22' title="bbox 374 1719 568 1757; baseline -0.005 -1"><span class='ocrx_word' id='word_1_192' title='bbox 374 1727 467 1757; x_wconf 89' lang='lat' dir='ltr'>non</span> <span class='ocrx_word' id='word_1_193' title='bbox 489 1719 568 1755; x_wconf 87' lang='lat' dir='ltr'>est.</span> 
     </span>
    </p>

    <p class='ocr_par' dir='ltr' id='par_1_3' title="bbox 377 1764 1784 2550">
     <span class='ocr_line' id='line_1_23' title="bbox 431 1764 1763 1838; baseline -0.007 -13"><span class='ocrx_word' id='word_1_194' title='bbox 431 1784 513 1825; x_wconf 91' lang='grc' dir='ltr'><strong>ΙΙΙ.</strong></span> <span class='ocrx_word' id='word_1_195' title='bbox 547 1782 641 1825; x_wconf 86' lang='lat' dir='ltr'>Hoc</span> <span class='ocrx_word' id='word_1_196' title='bbox 673 1795 776 1838; x_wconf 80' lang='lat' dir='ltr'>ergo</span> <span class='ocrx_word' id='word_1_197' title='bbox 800 1779 1018 1838; x_wconf 81' lang='lat' dir='ltr'>sequitur,</span> <span class='ocrx_word' id='word_1_198' title='bbox 1045 1786 1089 1821; x_wconf 88' lang='lat' dir='ltr'>et</span> <span class='ocrx_word' id='word_1_199' title='bbox 1110 1776 1215 1820; x_wconf 80' lang='lat' dir='ltr'>dicit</span> <span class='ocrx_word' id='word_1_200' title='bbox 1245 1778 1431 1819; x_wconf 83' lang='lat' dir='ltr'>Joannes</span> <span class='ocrx_word' id='word_1_201' title='bbox 1453 1793 1461 1818; x_wconf 91' lang='lat'><strong>:</strong></span> <span class='ocrx_word' id='word_1_202' title='bbox 1484 1764 1512 1815; x_wconf 33' lang='lat'>¹«</span> <span class='ocrx_word' id='word_1_203' title='bbox 1535 1775 1626 1817; x_wconf 84' lang='lat' dir='ltr'>Hoc</span> <span class='ocrx_word' id='word_1_204' title='bbox 1658 1787 1763 1832; x_wconf 78' lang='lat' dir='ltr'>ergo</span> 
     </span>
     <span class='ocr_line' id='line_1_24' title="bbox 379 1843 1766 1911; baseline -0.006 -17"><span class='ocrx_word' id='word_1_205' title='bbox 379 1872 400 1895; x_wconf 86' lang='lat'>»</span> <span class='ocrx_word' id='word_1_206' title='bbox 436 1851 647 1911; x_wconf 83' lang='lat' dir='ltr'>gaudium</span> <span class='ocrx_word' id='word_1_207' title='bbox 677 1865 824 1894; x_wconf 86' lang='lat' dir='ltr'>meum</span> <span class='ocrx_word' id='word_1_208' title='bbox 860 1848 1091 1908; x_wconf 87' lang='lat' dir='ltr'>impletum</span> <span class='ocrx_word' id='word_1_209' title='bbox 1119 1848 1223 1889; x_wconf 78' lang='lat' dir='ltr'>est3.</span> <span class='ocrx_word' id='word_1_210' title='bbox 1254 1864 1273 1886; x_wconf 87' lang='lat'>»</span> <span class='ocrx_word' id='word_1_211' title='bbox 1300 1844 1429 1897; x_wconf 87' lang='lat' dir='ltr'>Quod</span> <span class='ocrx_word' id='word_1_212' title='bbox 1457 1853 1521 1887; x_wconf 89' lang='lat' dir='ltr'>est</span> <span class='ocrx_word' id='word_1_213' title='bbox 1557 1843 1766 1902; x_wconf 83' lang='lat' dir='ltr'>gaudium</span> 
     </span>
     <span class='ocr_line' id='line_1_25' title="bbox 377 1914 1763 1983; baseline -0.009 -15"><span class='ocrx_word' id='word_1_214' title='bbox 377 1924 542 1983; x_wconf 80' lang='lat' dir='ltr'>ipsius?</span> <span class='ocrx_word' id='word_1_215' title='bbox 564 1932 614 1967; x_wconf 91' lang='lat' dir='ltr'>ut</span> <span class='ocrx_word' id='word_1_216' title='bbox 630 1922 817 1981; x_wconf 80' lang='lat' dir='ltr'>gaudeat</span> <span class='ocrx_word' id='word_1_217' title='bbox 838 1920 894 1964; x_wconf 86' lang='lat' dir='ltr'>ad</span> <span class='ocrx_word' id='word_1_218' title='bbox 910 1933 1062 1964; x_wconf 86' lang='lat' dir='ltr'>vocem</span> <span class='ocrx_word' id='word_1_219' title='bbox 1084 1916 1242 1976; x_wconf 83' lang='lat' dir='ltr'>sponsi.</span> <span class='ocrx_word' id='word_1_220' title='bbox 1271 1919 1333 1959; x_wconf 85' lang='lat' dir='ltr'>lm</span> <span class='ocrx_word' id='word_1_221' title='bbox 1341 1914 1508 1974; x_wconf 87' lang='lat' dir='ltr'>pletum</span> <span class='ocrx_word' id='word_1_222' title='bbox 1530 1923 1594 1958; x_wconf 90' lang='lat' dir='ltr'>est</span> <span class='ocrx_word' id='word_1_223' title='bbox 1611 1914 1656 1957; x_wconf 92' lang='lat' dir='ltr'>in</span> <span class='ocrx_word' id='word_1_224' title='bbox 1679 1929 1763 1967; x_wconf 82' lang='lat' dir='ltr'>me,</span> 
     </span>
     <span class='ocr_line' id='line_1_26' title="bbox 379 1983 1784 2053; baseline -0.008 -16"><span class='ocrx_word' id='word_1_225' title='bbox 379 1993 519 2039; x_wconf 80' lang='lat' dir='ltr'>habeo</span> <span class='ocrx_word' id='word_1_226' title='bbox 543 1993 725 2053; x_wconf 48' lang='lat' dir='ltr'>gratiam</span> <span class='ocrx_word' id='word_1_227' title='bbox 744 2006 906 2046; x_wconf 79' lang='lat' dir='ltr'>meam,</span> <span class='ocrx_word' id='word_1_228' title='bbox 928 1989 1024 2048; x_wconf 88' lang='lat' dir='ltr'>plus</span> <span class='ocrx_word' id='word_1_229' title='bbox 1045 1987 1153 2031; x_wconf 89' lang='lat' dir='ltr'>mihi</span> <span class='ocrx_word' id='word_1_230' title='bbox 1173 2001 1263 2031; x_wconf 85' lang='lat' dir='ltr'>non</span> <span class='ocrx_word' id='word_1_231' title='bbox 1290 2000 1460 2029; x_wconf 81' lang='lat' dir='ltr'>assumo</span> <span class='ocrx_word' id='word_1_232' title='bbox 1477 2019 1487 2038; x_wconf 86' lang='lat'>‚</span> <span class='ocrx_word' id='word_1_233' title='bbox 1505 1999 1559 2027; x_wconf 88' lang='lat' dir='ltr'>ne</span> <span class='ocrx_word' id='word_1_234' title='bbox 1581 1993 1625 2027; x_wconf 88' lang='lat' dir='ltr'>et</span> <span class='ocrx_word' id='word_1_235' title='bbox 1647 1983 1784 2043; x_wconf 62' lang='lat' dir='ltr'>quod&gt;</span> 
     </span>
     <span class='ocr_line' id='line_1_27' title="bbox 383 2053 1769 2125; baseline -0.01 -14"><span class='ocrx_word' id='word_1_236' title='bbox 383 2067 529 2125; x_wconf 77' lang='lat' dir='ltr'>accepi</span> <span class='ocrx_word' id='word_1_237' title='bbox 546 2065 758 2110; x_wconf 85' lang='lat' dir='ltr'>amittam.</span> <span class='ocrx_word' id='word_1_238' title='bbox 775 2061 902 2116; x_wconf 83' lang='lat' dir='ltr'>Quod</span> <span class='ocrx_word' id='word_1_239' title='bbox 929 2070 992 2104; x_wconf 86' lang='lat' dir='ltr'>est</span> <span class='ocrx_word' id='word_1_240' title='bbox 1019 2060 1102 2104; x_wconf 83' lang='lat' dir='ltr'>hoe</span> <span class='ocrx_word' id='word_1_241' title='bbox 1127 2056 1360 2116; x_wconf 78' lang='lat' dir='ltr'>gaudium?</span> <span class='ocrx_word' id='word_1_242' title='bbox 1373 2075 1393 2097; x_wconf 87' lang='lat'>«</span> <span class='ocrx_word' id='word_1_243' title='bbox 1412 2055 1582 2099; x_wconf 82' lang='lat' dir='ltr'>Gaudio</span> <span class='ocrx_word' id='word_1_244' title='bbox 1608 2053 1769 2113; x_wconf 82' lang='lat' dir='ltr'>gaudet</span> 
     </span>
     <span class='ocr_line' id='line_1_28' title="bbox 388 2127 1769 2195; baseline -0.01 -14"><span class='ocrx_word' id='word_1_245' title='bbox 388 2154 408 2176; x_wconf 81' lang='lat'>&gt;›</span> <span class='ocrx_word' id='word_1_246' title='bbox 441 2145 618 2195; x_wconf 86' lang='lat' dir='ltr'>propter</span> <span class='ocrx_word' id='word_1_247' title='bbox 646 2149 799 2179; x_wconf 88' lang='lat' dir='ltr'>vocem</span> <span class='ocrx_word' id='word_1_248' title='bbox 828 2132 986 2192; x_wconf 86' lang='lat' dir='ltr'>sponsi.</span> <span class='ocrx_word' id='word_1_249' title='bbox 1018 2148 1037 2171; x_wconf 90' lang='lat'>»</span> <span class='ocrx_word' id='word_1_250' title='bbox 1068 2128 1290 2186; x_wconf 75' lang='lat' dir='ltr'>Intelligat</span> <span class='ocrx_word' id='word_1_251' title='bbox 1315 2142 1417 2185; x_wconf 82' lang='lat' dir='ltr'>ergo</span> <span class='ocrx_word' id='word_1_252' title='bbox 1442 2127 1575 2170; x_wconf 88' lang='lat' dir='ltr'>homo</span> <span class='ocrx_word' id='word_1_253' title='bbox 1603 2140 1692 2169; x_wconf 89' lang='lat' dir='ltr'>non</span> <span class='ocrx_word' id='word_1_254' title='bbox 1726 2138 1769 2168; x_wconf 90' lang='lat' dir='ltr'>se</span> 
     </span>
     <span class='ocr_line' id='line_1_29' title="bbox 386 2196 1770 2264; baseline -0.01 -13"><span class='ocrx_word' id='word_1_255' title='bbox 386 2206 572 2264; x_wconf 83' lang='lat' dir='ltr'>gaudere</span> <span class='ocrx_word' id='word_1_256' title='bbox 598 2205 758 2250; x_wconf 90' lang='lat' dir='ltr'>debere</span> <span class='ocrx_word' id='word_1_257' title='bbox 776 2203 831 2247; x_wconf 89' lang='lat' dir='ltr'>de</span> <span class='ocrx_word' id='word_1_258' title='bbox 859 2201 1067 2261; x_wconf 86' lang='lat' dir='ltr'>sapientia</span> <span class='ocrx_word' id='word_1_259' title='bbox 1088 2215 1162 2243; x_wconf 86' lang='lat' dir='ltr'>sua</span> <span class='ocrx_word' id='word_1_260' title='bbox 1181 2234 1191 2249; x_wconf 74' lang='grc'><em>,</em></span> <span class='ocrx_word' id='word_1_261' title='bbox 1221 2197 1296 2242; x_wconf 89' lang='lat' dir='ltr'>sed</span> <span class='ocrx_word' id='word_1_262' title='bbox 1324 2197 1378 2240; x_wconf 88' lang='lat' dir='ltr'>de</span> <span class='ocrx_word' id='word_1_263' title='bbox 1403 2196 1612 2256; x_wconf 78' lang='lat' dir='ltr'>sapientia</span> <span class='ocrx_word' id='word_1_264' title='bbox 1637 2209 1770 2255; x_wconf 89' lang='lat' dir='ltr'>quam</span> 
     </span>
     <span class='ocr_line' id='line_1_30' title="bbox 387 2265 1771 2338; baseline -0.011 -15"><span class='ocrx_word' id='word_1_265' title='bbox 387 2279 550 2338; x_wconf 81' lang='lat' dir='ltr'>accepit</span> <span class='ocrx_word' id='word_1_266' title='bbox 571 2293 595 2321; x_wconf 88' lang='lat' dir='ltr'>a</span> <span class='ocrx_word' id='word_1_267' title='bbox 615 2280 721 2321; x_wconf 89' lang='lat' dir='ltr'>Deo.</span> <span class='ocrx_word' id='word_1_268' title='bbox 743 2274 860 2320; x_wconf 88' lang='lat' dir='ltr'>Nihil</span> <span class='ocrx_word' id='word_1_269' title='bbox 887 2273 984 2332; x_wconf 88' lang='lat' dir='ltr'>plus</span> <span class='ocrx_word' id='word_1_270' title='bbox 1004 2279 1193 2331; x_wconf 83' lang='lat' dir='ltr'>quaerat,</span> <span class='ocrx_word' id='word_1_271' title='bbox 1214 2279 1257 2313; x_wconf 89' lang='lat' dir='ltr'>et</span> <span class='ocrx_word' id='word_1_272' title='bbox 1274 2284 1363 2312; x_wconf 90' lang='lat' dir='ltr'>non</span> <span class='ocrx_word' id='word_1_273' title='bbox 1387 2267 1545 2311; x_wconf 86' lang='lat' dir='ltr'>amittit</span> <span class='ocrx_word' id='word_1_274' title='bbox 1568 2265 1687 2326; x_wconf 86' lang='lat' dir='ltr'>quod</span> <span class='ocrx_word' id='word_1_275' title='bbox 1705 2267 1771 2308; x_wconf 89' lang='lat' dir='ltr'>in-</span> 
     </span>
     <span class='ocr_line' id='line_1_31' title="bbox 386 2336 1770 2398; baseline -0.009 -7"><span class='ocrx_word' id='word_1_276' title='bbox 386 2348 518 2392; x_wconf 85' lang='lat' dir='ltr'>venit.</span> <span class='ocrx_word' id='word_1_277' title='bbox 548 2347 677 2394; x_wconf 86' lang='lat' dir='ltr'>Multi</span> <span class='ocrx_word' id='word_1_278' title='bbox 698 2347 814 2390; x_wconf 90' lang='lat' dir='ltr'>enim</span> <span class='ocrx_word' id='word_1_279' title='bbox 834 2343 932 2388; x_wconf 89' lang='lat' dir='ltr'>ideo</span> <span class='ocrx_word' id='word_1_280' title='bbox 958 2343 1060 2387; x_wconf 83' lang='lat' dir='ltr'>faeti</span> <span class='ocrx_word' id='word_1_281' title='bbox 1091 2350 1192 2386; x_wconf 90' lang='lat' dir='ltr'>sunt</span> <span class='ocrx_word' id='word_1_282' title='bbox 1214 2339 1464 2398; x_wconf 84' lang='lat' dir='ltr'>insipientes</span> <span class='ocrx_word' id='word_1_283' title='bbox 1479 2374 1494 2393; x_wconf 77' lang='lat'><em>‚</em></span> <span class='ocrx_word' id='word_1_284' title='bbox 1527 2337 1629 2397; x_wconf 89' lang='lat' dir='ltr'>quia</span> <span class='ocrx_word' id='word_1_285' title='bbox 1647 2336 1770 2379; x_wconf 73' lang='lat' dir='ltr'>dixe-</span> 
     </span>
     <span class='ocr_line' id='line_1_32' title="bbox 390 2406 1772 2477; baseline -0.009 -15"><span class='ocrx_word' id='word_1_286' title='bbox 390 2429 494 2463; x_wconf 85' lang='lat' dir='ltr'>runt</span> <span class='ocrx_word' id='word_1_287' title='bbox 508 2435 549 2464; x_wconf 89' lang='lat' dir='ltr'>se</span> <span class='ocrx_word' id='word_1_288' title='bbox 569 2434 659 2464; x_wconf 89' lang='lat' dir='ltr'>esse</span> <span class='ocrx_word' id='word_1_289' title='bbox 681 2418 908 2477; x_wconf 83' lang='lat' dir='ltr'>sapientes.</span> <span class='ocrx_word' id='word_1_290' title='bbox 937 2415 1092 2472; x_wconf 81' lang='lat' dir='ltr'>Arguit</span> <span class='ocrx_word' id='word_1_291' title='bbox 1122 2411 1215 2456; x_wconf 88' lang='lat' dir='ltr'>illos</span> <span class='ocrx_word' id='word_1_292' title='bbox 1245 2409 1497 2469; x_wconf 75' lang='lat' dir='ltr'>Apostolus,</span> <span class='ocrx_word' id='word_1_293' title='bbox 1523 2418 1566 2452; x_wconf 85' lang='lat' dir='ltr'>et</span> <span class='ocrx_word' id='word_1_294' title='bbox 1586 2407 1691 2451; x_wconf 78' lang='lat' dir='ltr'>dicit</span> <span class='ocrx_word' id='word_1_295' title='bbox 1718 2406 1772 2450; x_wconf 90' lang='lat' dir='ltr'>de</span> 
     </span>
     <span class='ocr_line' id='line_1_33' title="bbox 390 2476 1768 2550; baseline -0.009 -18"><span class='ocrx_word' id='word_1_296' title='bbox 390 2489 515 2549; x_wconf 86' lang='lat' dir='ltr'>ipsis:</span> <span class='ocrx_word' id='word_1_297' title='bbox 536 2491 676 2544; x_wconf 85' lang='lat' dir='ltr'>«Quia</span> <span class='ocrx_word' id='word_1_298' title='bbox 689 2486 810 2550; x_wconf 91' lang='lat' dir='ltr'>quod</span> <span class='ocrx_word' id='word_1_299' title='bbox 822 2495 978 2532; x_wconf 88' lang='lat' dir='ltr'>notum</span> <span class='ocrx_word' id='word_1_300' title='bbox 1000 2493 1062 2529; x_wconf 90' lang='lat' dir='ltr'>est</span> <span class='ocrx_word' id='word_1_301' title='bbox 1084 2482 1178 2537; x_wconf 83' lang='lat' dir='ltr'>Dei,</span> <span class='ocrx_word' id='word_1_302' title='bbox 1194 2482 1268 2535; x_wconf 82' lang='lat' dir='ltr'>ait,</span> <span class='ocrx_word' id='word_1_303' title='bbox 1288 2480 1567 2524; x_wconf 81' lang='lat' dir='ltr'>manifestum</span> <span class='ocrx_word' id='word_1_304' title='bbox 1581 2487 1645 2524; x_wconf 87' lang='lat' dir='ltr'>est</span> <span class='ocrx_word' id='word_1_305' title='bbox 1662 2476 1768 2521; x_wconf 87' lang='lat' dir='ltr'>illis:</span> 
     </span>
    </p>
   </div>
   <div class='ocr_carea' id='block_1_3' title="bbox 442 2568 1374 2619">
    <p class='ocr_par' dir='ltr' id='par_1_4' title="bbox 442 2568 1374 2619">
     <span class='ocr_line' id='line_1_34' title="bbox 442 2568 1374 2619; baseline -0.011 -11"><span class='ocrx_word' id='word_1_306' title='bbox 442 2582 450 2598; x_wconf 87' lang='lat'>¹</span> <span class='ocrx_word' id='word_1_307' title='bbox 472 2577 563 2609; x_wconf 86' lang='lat' dir='ltr'>Joan.</span> <span class='ocrx_word' id='word_1_308' title='bbox 584 2587 610 2617; x_wconf 84' lang='lat'>1,</span> <span class='ocrx_word' id='word_1_309' title='bbox 629 2588 663 2619; x_wconf 86' lang='lat'>9.</span> <span class='ocrx_word' id='word_1_310' title='bbox 682 2592 723 2600; x_wconf 93' lang='lat'>—</span> <span class='ocrx_word' id='word_1_311' title='bbox 740 2582 752 2599; x_wconf 81' lang='lat'><em>2</em></span> <span class='ocrx_word' id='word_1_312' title='bbox 772 2573 888 2611; x_wconf 83' lang='lat' dir='ltr'>Matth,</span> <span class='ocrx_word' id='word_1_313' title='bbox 907 2583 954 2613; x_wconf 86' lang='lat' dir='ltr'>x1,</span> <span class='ocrx_word' id='word_1_314' title='bbox 977 2582 1027 2604; x_wconf 89' lang='lat'>11.</span> <span class='ocrx_word' id='word_1_315' title='bbox 1049 2586 1089 2593; x_wconf 89' lang='lat'>-</span> <span class='ocrx_word' id='word_1_316' title='bbox 1110 2568 1123 2593; x_wconf 82' lang='lat'>3</span> <span class='ocrx_word' id='word_1_317' title='bbox 1141 2570 1230 2602; x_wconf 83' lang='lat' dir='ltr'>Joan.</span> <span class='ocrx_word' id='word_1_318' title='bbox 1252 2578 1299 2608; x_wconf 88' lang='grc' dir='ltr'>ιιι,</span> <span class='ocrx_word' id='word_1_319' title='bbox 1319 2575 1374 2607; x_wconf 79' lang='lat'>29.</span> 
     </span>
    </p>
   </div>
  </div>
 </body>
</html>
