1825 3214
258 211 298 236 m*
332 209 504 236 somniis
538 205 847 243 munimini.
885 209 1029 234 Timui.
1069 209 1189 235 xxxv.
1336 200 1418 237 3135

30 277 99 335 jor
131 274 176 317 in
211 275 320 317 uatis
351 274 580 318 mulierum
601 308 611 327 ,
644 272 749 316 dicit
783 272 837 316 dc
873 274 1057 317 Domino
1097 278 1198 318 Jcsu
1221 274 1420 331 Christo,

39 363 60 387 «
98 347 187 402 Ego
208 345 387 403 quidem
412 345 582 404 baptizo
608 359 682 388 vos
706 344 749 386 in
773 358 884 403 aqua
901 379 911 398 ,
936 345 1011 403 qui
1029 354 1171 388 autem
1197 347 1314 389 venit
1338 345 1425 390 for-

39 433 61 457 »
96 416 180 460 tior
202 432 271 460 me
292 426 384 471 est,
411 417 534 476 cujus
557 431 646 459 non
669 429 764 459 sum
788 413 946 474 dignus
969 415 1309 460 calecamentum
1336 417 1426 461 sol-

39 504 61 529 »
95 502 196 532 vere
213 490 241 530 ¹.
265 506 285 528 »
308 486 464 532 Videte
483 484 857 548 quemadmodum
876 500 919 530 sc
942 485 1117 529 lucerna
1136 485 1218 529 dici
1242 489 1428 532 submit-

38 566 116 602 tat.
143 561 384 603 Lucernam
407 573 510 602 vcro
534 559 673 618 ipsum
709 559 921 601 Joanncm
953 555 1083 600 fuisse
1108 558 1315 601 Dominus
1340 559 1429 618 ipse

40 638 222 674 testatur
247 650 255 675 ς
279 650 299 672 «
321 630 399 674 Ille
422 640 539 684 erat,
568 629 737 689 inquit,
760 628 936 673 lucerna
958 628 1112 673 ardens
1132 638 1174 672 et
1195 628 1361 684 lucens,
1388 639 1431 673 ct

42 719 63 742 τ,
80 717 153 746 vos
166 701 360 746 voluistis
374 701 428 745 ad
447 702 597 745 horam
614 699 805 743 exultare
825 701 867 743 in
885 700 1051 744 lumine
1068 701 1200 760 cjus‘2.
1212 719 1230 741 »
1245 700 1432 754 Quando

41 781 184 817 autem
207 771 411 816 dixerunt
428 772 571 816 Judaei
594 770 778 816 Domino
805 790 814 815 ε
845 790 865 812 «
894 770 967 815 Dic
991 771 1116 815 nobis
1135 806 1146 826 ,
1172 771 1218 814 in
1241 788 1326 831 qua
1352 787 1432 831 po-

44 861 64 884 »
100 853 252 887 testate
270 843 349 887 ista
375 841 499 891 facis3
517 862 525 888 :
546 861 565 883 n
584 843 720 886 sciens
740 842 947 886 Dominus
967 842 1068 902 quia
1086 844 1299 887 Joannem
1324 845 1438 902 Bap-

43 913 180 958 tistam
201 929 278 973 pro
294 928 451 972 magno
474 913 704 966 haberent,
723 921 765 956 et
782 912 903 972 quod
923 913 1012 972 ipse
1026 928 1156 973 quem
1173 929 1252 973 pro
1273 929 1435 973 magno

42 984 286 1039 habebant,
313 985 374 1028 eis
399 985 454 1028 de
473 984 658 1028 Domino
681 984 978 1028 testimonium
1010 984 1325 1043 perhibuisset,
1352 1001 1440 1029 res-

44 1053 200 1114 pondit
223 1055 280 1098 eis
296 1089 306 1109 ,
336 1054 621 1113 lutei-rogabo
642 1064 684 1098 et
707 1069 786 1112 ego
804 1069 879 1098 vos
904 1070 1042 1098 unum
1061 1071 1306 1099 sermonem
1335 1075 1343 1100 ;
1370 1056 1442 1100 Di-

42 1126 125 1170 cite
158 1126 287 1180 mihi,
327 1126 565 1183 baptismus
587 1125 765 1169 Joannis
787 1126 906 1168 unde
928 1135 1023 1179 est,
1065 1126 1119 1169 dc
1142 1126 1255 1170 coelo
1297 1142 1352 1170 an
1390 1143 1442 1171 cx

42 1196 327 1241 hominibus?
347 1196 527 1240 Turbati
551 1195 612 1239 illi
636 1195 749 1239 intra
768 1195 1022 1254 semetipsos
1043 1197 1311 1255 cogitabant,
1337 1199 1439 1257 quia

44 1269 78 1313 si
108 1269 303 1313 dicerent
332 1268 387 1312 ab
410 1267 662 1312 hominibus
679 1302 690 1319 ‚
712 1266 894 1326 lapidari
925 1276 1099 1326 possent
1116 1283 1139 1312 a
1164 1269 1311 1324 turba,
1339 1284 1440 1328 quae

43 1342 258 1384 Joanncm
277 1340 536 1399 prophetam
558 1353 649 1382 esse
668 1337 933 1382 credebant:
959 1338 991 1382 si
1010 1338 1206 1383 dicerent
1228 1338 1284 1383 de
1305 1338 1437 1395 coelo,

44 1411 327 1472 responderet
349 1411 406 1454 eis
422 1446 433 1466 ‚
475 1409 555 1454 Ille
582 1424 714 1469 quem
736 1409 1006 1453 confitemini
1028 1408 1082 1453 de
1105 1409 1220 1454 coelo
1238 1410 1442 1455 habuisse

45 1483 318 1542 prophetiam
335 1516 346 1536 ,
377 1480 485 1524 mihi
506 1478 803 1523 testimonium
826 1478 1081 1538 perhibuit,
1108 1488 1151 1522 et
1175 1479 1229 1523 ab
1260 1479 1335 1524 illo
1359 1496 1440 1524 au-

44 1552 164 1597 distis
201 1552 247 1596 in
280 1567 367 1612 qua
400 1566 481 1610 ego
515 1551 594 1594 ista
630 1549 786 1593 faciam
815 1557 1043 1608 potestate.
1071 1548 1288 1593 Viderunt
1311 1566 1436 1609 ergo,

44 1622 276 1684 quodlibet
290 1623 450 1666 horum
466 1621 808 1680 respondissent,
829 1619 873 1662 in
888 1618 1097 1678 laqueum
1112 1635 1155 1663 se
1173 1636 1344 1665 casuros
1362 1643 1373 1679 3
1395 1630 1439 1666 et

45 1692 263 1748 dixerunt,
274 1693 543 1738 «Nescimus.
555 1693 637 1734 »Et
648 1689 855 1733 Dominus
868 1689 944 1743 eis,
955 1708 975 1730 «
988 1691 1076 1734 Nec
1089 1704 1168 1747 ego
1181 1690 1279 1735 dieo
1295 1692 1433 1747 vobis,

48 1782 69 1806 »
105 1765 151 1808 in
172 1781 259 1825 qua
281 1772 494 1823 potestate
515 1762 595 1806 ista
617 1760 744 1805 facio.
767 1779 786 1801 »
808 1763 907 1805 Non
926 1760 1049 1804 vobis
1066 1760 1165 1805 dico
1185 1762 1305 1821 quod
1321 1764 1431 1818 scio,

45 1836 148 1896 quia
185 1851 273 1880 non
300 1835 432 1879 vultis
469 1833 594 1878 fateri
623 1831 743 1892 quod
766 1831 895 1875 scitis.
922 1832 1161 1875 Justissime
1192 1833 1344 1893 utique
1368 1850 1436 1877 rc-

45 1907 174 1968 pulsi,
195 1905 364 1952 confusi
383 1906 680 1950 abscesserunt
697 1923 706 1947 2
723 1912 765 1946 et
782 1902 1009 1961 impletum
1034 1912 1096 1947 est
1118 1905 1236 1963 quod
1256 1905 1298 1947 in
1317 1906 1435 1949 Psal—

46 1995 118 2023 mo
139 1994 215 2038 per
238 1979 497 2037 Prophetam
520 1975 627 2020 dicit
666 1978 777 2019 Deus
801 1977 953 2030 Pater,
983 1994 1003 2016 «
1028 1976 1179 2019 Paravi
1209 1975 1434 2021 lucernam

49 2067 69 2091 »
103 2050 274 2095 Christo
296 2064 418 2103 meo,
442 2066 460 2088 η
486 2047 531 2091 id
549 2056 634 2101 est,
660 2045 802 2104 ipsum
824 2047 1038 2089 Joannem
1058 2065 1066 2089 ε
1090 2046 1323 2092 «Inimicos
1341 2049 1433 2108 ejus

50 2138 70 2162 »
105 2119 285 2164 induam
307 2117 608 2163 confusione4.
636 2134 656 2156 »

104 2193 185 2235 111.
214 2189 414 2233 Habebat
431 2202 531 2245 ergo
551 2185 761 2230 Dominus
779 2187 803 2229 J
807 2200 901 2230 esus
923 2186 1118 2231 Christus
1137 2188 1433 2233 testimonium

49 2261 367 2320 Prophetarum
400 2268 500 2302 ante
526 2272 569 2300 se
600 2255 919 2316 praemissorum
935 2291 946 2311 ,
972 2272 1223 2316 praeconum
1239 2258 1433 2319 judicem

49 2330 420 2392 praecedentium3
447 2328 637 2372 habebat
660 2327 954 2370 testimonium
980 2344 1002 2371 a
1026 2331 1194 2373 Joanne
1216 2348 1225 2374 2
1251 2330 1324 2374 sed
1342 2331 1432 2390 ipse

49 2403 186 2463 majus
207 2400 504 2446 testimonium
518 2407 632 2451 erat,
658 2395 779 2456 quod
795 2397 874 2441 sibi
893 2398 1166 2457 perhibebat.
1194 2399 1262 2443 Illi
1285 2410 1431 2444 autem

112 2507 122 2524 ¹
151 2502 242 2532 Joan.
273 2511 304 2540 ι,
332 2498 386 2530 26.
418 2515 460 2520 —
479 2504 492 2520 ²
523 2497 570 2530 Id.
605 2507 637 2538 v,
659 2495 713 2529 35.
729 2512 771 2518 —
794 2494 806 2518 3
821 2495 938 2528 Matth.
965 2507 1031 2538 xxi,
1051 2497 1103 2529 23.
1126 2514 1167 2519 —
1189 2496 1204 2527 4
1227 2498 1306 2529 Psal.
1323 2510 1427 2540 cxxxi,

54 2567 109 2599 17,
131 2556 182 2589 18.

271 2619 411 2649 cxxu.
1231 2608 1283 2647 25
