1809 3173
369 162 453 200 362
807 173 841 202 s.
877 175 1107 204 AUGUs'rml
1141 177 1319 206 muscum

368 237 499 281 vidua
522 239 788 297 prophetissa
805 242 816 266 ¹
832 261 842 297 3
861 241 1080 298 agnoverit
1101 244 1288 287 Joannes
1305 243 1410 302 ipse,
1429 244 1505 303 qui
1523 259 1621 288 eum
1642 246 1749 305 bap-

367 307 539 351 iizavit‘2
563 326 572 352 ε
593 308 797 367 impletus
824 311 985 369 Spiritu
1003 321 1151 356 sancto
1177 313 1399 357 Zacharias
1427 313 1560 358 multa
1584 314 1714 359 dixit³
1738 335 1747 361 :

369 378 575 436 Spiritum
597 389 795 424 sanctum
829 381 917 441 ipsa
940 383 1073 427 Maria
1091 417 1102 436 ‚
1138 392 1187 426 ut
1208 385 1443 428 Dominum
1471 386 1746 446 conciperet,

367 448 577 508 accepit&
602 450 741 496 Multa
771 468 871 510 ergo
904 453 1061 496 indicia
1098 454 1381 512 praecedentia
1406 456 1587 515 Spiritus
1615 458 1750 501 sancti

366 520 576 564 habemus
593 556 603 575 ‚
625 532 857 582 antequam
878 523 1089 566 Dominus
1104 523 1416 581 glorificaretur
1439 528 1751 571 resurrectione

367 592 505 635 carnis
523 608 626 636 suae.
645 596 741 637 Non
763 594 877 637 enim
897 593 1028 637 alium
1052 594 1251 653 spiritum
1273 597 1402 639 etiam
1421 599 1649 656 Prophetae
1671 599 1751 642 ha-

367 663 559 707 buerunt
579 698 589 718 ‚
617 665 694 723 qui
716 665 935 708 Christum
958 675 1193 710 venturum
1222 669 1640 726 praenuntiaverunt.
1669 669 1752 714 Sed

367 736 523 778 modus
546 736 723 794 quidam
748 736 920 780 futurus
951 747 1042 781 erat
1074 738 1258 782 dationis
1286 740 1435 799 hujus,
1468 741 1545 800 qui
1574 741 1752 785 omnino

367 814 492 849 antea
515 820 604 848 non
627 816 885 865 apparuerat
903 825 911 851 :
930 808 1088 866 deipso
1112 809 1181 852 hic
1203 808 1375 852 dicitur.
1397 813 1620 869 Nusquam
1638 811 1753 854 enim

366 875 546 933 legimus
561 885 685 920 antea
703 887 984 936 congregatos
1002 879 1198 923 homines
1213 890 1389 939 accepto
1405 881 1566 940 Spiritu
1586 891 1750 936 saneto,

366 945 525 1003 linguis
568 947 763 990 omnium
796 948 988 1006 gentium
1032 949 1200 993 locutos
1226 948 1369 994 fuisse.
1399 954 1499 994 Post
1540 966 1755 995 resurrec-

368 1016 530 1059 tionem
569 1026 715 1060 autem
758 1033 903 1073 suam,
935 1019 1123 1077 primum
1169 1020 1346 1079 quando
1388 1022 1587 1080 apparuit
1624 1020 1754 1066 disci-

367 1085 480 1145 pulis
498 1087 606 1142 suis‚
628 1087 734 1132 dixit
755 1088 861 1133 illis:
893 1109 911 1131 «
935 1090 1128 1149 Accipite
1158 1091 1365 1149 Spiritum
1389 1094 1631 1136 sanctum5.
1651 1110 1672 1133 »
1694 1096 1755 1136 De

368 1157 452 1200 hoc
471 1172 572 1214 ergo
592 1157 758 1202 dictum
772 1168 850 1213 est,
874 1179 892 1200 «
913 1162 1009 1203 Non
1032 1169 1123 1203 erat
1139 1160 1320 1219 Spiritus
1342 1161 1490 1216 datus,
1506 1163 1607 1220 quia
1632 1165 1755 1206 Jesus

372 1245 392 1267 »
428 1229 625 1270 nondum
647 1238 735 1272 erat
760 1229 1039 1287 glorificatus
1068 1249 1087 1271 »
1115 1233 1171 1274 Et
1192 1231 1427 1275 insufflavit
1443 1233 1484 1275 in
1508 1231 1662 1276 faciem
1679 1248 1755 1277 eo-

370 1313 464 1340 rum
487 1333 497 1352 ‚
520 1299 595 1357 qui
613 1299 719 1342 flatu
743 1299 929 1357 primum
957 1301 1177 1343 hominem
1204 1301 1458 1356 vivificavit,
1492 1311 1535 1346 et
1565 1302 1621 1346 de
1651 1301 1755 1347 limo

320 1420 326 1424 ι
369 1369 529 1423 erexit,
563 1385 651 1428 quo
686 1370 794 1413 flatu
832 1371 1018 1413 animam
1056 1372 1260 1415 membris
1296 1372 1443 1415 deditG
1476 1392 1483 1417 :
1514 1373 1756 1430 significans

371 1454 469 1482 eum
498 1455 542 1482 se
564 1456 674 1495 esse,
711 1441 785 1500 qui
817 1441 1053 1485 insufflavit
1080 1443 1125 1484 in
1156 1441 1308 1486 faciem
1344 1459 1519 1498 eorum,
1545 1453 1594 1487 ut
1617 1460 1639 1488 a
1662 1443 1755 1488 luto

371 1519 653 1567 exurgerent,
690 1520 732 1554 et
763 1510 889 1554 luteis
922 1512 1125 1571 operibus
1163 1513 1477 1557 renuntiarent.
1517 1516 1638 1558 Tunc
1664 1514 1754 1573 pri-

371 1596 493 1624 mum
527 1591 624 1640 post
656 1584 1014 1628 resurrectionem
1050 1599 1170 1626 suam
1206 1584 1438 1640 Dominus,
1478 1601 1610 1644 quam
1651 1585 1756 1629 dicit

370 1651 640 1709 Evangelista
654 1653 1008 1710 glorificationem
1024 1689 1034 1708 ‚
1056 1653 1177 1698 dedit
1198 1654 1419 1714 discipulis
1437 1657 1523 1699 suis
1547 1656 1753 1715 Spiritum

369 1732 582 1767 sanctum.
609 1724 773 1768 Deinde
800 1736 1091 1770 commoratus
1113 1742 1212 1770 cum
1237 1728 1295 1770 eis
1322 1727 1606 1786 quadraginta
1634 1727 1751 1781 dies,

370 1803 418 1837 ut
440 1793 550 1838 liber
572 1799 763 1840 Actuum
785 1797 1092 1856 Apostolorum
1129 1797 1418 1852 demonstrat,
1445 1798 1544 1856 ipsis
1571 1796 1754 1841 videnti-

372 1863 476 1918 bus,
503 1873 544 1908 et
569 1865 758 1910 videndo
785 1867 1106 1910 deducentibus
1123 1903 1134 1921 ,
1171 1866 1362 1911 ascendit
1387 1868 1432 1910 in
1449 1866 1656 1910 coelum7.
1683 1866 1753 1910 Ibi

371 1936 554 1994 peractis
604 1937 753 1980 decem
794 1938 972 1992 diebus,
1011 1937 1080 1980 die
1113 1947 1383 1996 pentecostes
1424 1938 1538 1981 misit
1571 1937 1754 1996 desuper

373 2005 579 2064 Spiritum
603 2010 844 2052 sanctumss.
870 2011 988 2063 Quo,
1015 2008 1124 2051 sicut
1148 2009 1260 2062 dixi,
1286 2009 1361 2068 qui
1393 2007 1567 2051 fuerant
1593 2008 1637 2050 in
1663 2023 1753 2051 uno

368 2075 466 2120 loco
488 2079 763 2136 congregati,
789 2088 966 2138 accepto
996 2079 1190 2138 impleti,
1220 2079 1412 2122 omnium
1444 2078 1639 2137 gentium
1665 2077 1751 2122 lin-

371 2147 464 2204 guis
486 2146 621 2191 locuti
633 2158 749 2193 sunt.

430 2219 528 2260 VII.
551 2218 666 2270 Quid
686 2235 813 2278 ergo,
838 2218 1016 2274 fratres,
1043 2220 1143 2280 quia
1174 2219 1306 2263 modo
1328 2219 1404 2279 qui
1435 2219 1679 2283 baptizatur
1706 2219 1752 2262 in

371 2287 569 2342 Christo,
609 2298 652 2332 et
687 2290 823 2332 credit
857 2289 899 2333 in
930 2290 1181 2345 Christum,
1222 2305 1310 2333 non
1333 2289 1527 2349 loquitur
1555 2289 1751 2333 omnium

439 2405 446 2421 ¹
482 2401 558 2431 Luc.
595 2412 635 2441 11,
667 2401 707 2433 25
727 2407 760 2434 et
790 2402 842 2434 36.
869 2420 909 2425 —-
938 2409 949 2424 ²
981 2403 1026 2434 Id.
1055 2413 1088 2443 1,
1114 2402 1167 2444 41.
1199 2420 1240 2425 —
1260 2401 1272 2425 3
1292 2402 1372 2435 Ibid.
1403 2402 1458 2444 67.
1482 2419 1521 2424 --
1550 2400 1668 2433 41bid.
1695 2401 1748 2434 35.

372 2471 414 2477 —-
438 2453 453 2476 5
475 2457 567 2488 Joan.
604 2467 666 2498 xx,
703 2466 755 2489 22.
794 2475 835 2481 -
866 2456 881 2480 6
911 2461 990 2491 Gen.
1025 2470 1068 2499 n,
1097 2469 1126 2499 7.
1160 2476 1202 2482 ——
1231 2465 1245 2491 7
1274 2460 1344 2491 Act.
1366 2469 1394 2497 1,
1423 2458 1442 2489 3
1473 2463 1505 2490 et
1531 2468 1563 2500 9.
1590 2475 1632 2481 -
1662 2456 1748 2490 81d.

371 2520 406 2551 11,
433 2515 540 2549 1,etc.
