1809 3173
367 195 419 230 79.
810 201 843 230 s.
881 203 1108 232 Aucus‘mm
1141 205 1318 232 EPISCOPI

362 284 459 314 cere
495 271 665 323 Jesum,
706 269 824 328 quod
859 285 958 314 eum
988 280 1161 330 possent
1188 271 1409 315 concisum
1444 271 1555 315 sicut
1586 284 1744 328 agnum

362 355 573 399 coquere,
604 349 647 383 et
677 340 941 385 manducare
967 361 976 385 :
1016 342 1297 386 abhorrentes
1320 359 1342 385 a
1368 342 1510 385 verbis
1539 343 1655 401 ejus,
1682 357 1745 385 re-

361 419 604 465 cesserunt,
640 418 683 453 et
709 410 894 470 amplius
917 426 1016 455 eum
1037 427 1126 455 non
1148 420 1249 454 sunt
1272 411 1424 455 secuti.
1452 411 1518 455 Sic
1546 414 1746 469 Evange-

360 482 456 526 lista
471 481 689 541 loquitur:
709 484 797 525 «Et
820 483 1028 526 Dominus
1047 483 1135 541 ipse
1151 483 1354 526 remansit
1366 497 1465 526 eum
1490 482 1743 526 duodecim:

359 571 379 594 »
415 561 458 597 et
479 552 538 596 illi
559 551 614 596 ad
636 568 757 596 eum:
781 553 978 606 Domine,
1008 568 1106 597 ecce
1126 551 1188 595 illi
1206 552 1462 595 dimiserunt
1485 561 1527 595 te
1549 573 1559 609 3
1581 561 1623 595 et
1643 552 1716 597 ille
1736 572 1744 597 ε

352 629 381 665 ’»
417 622 640 682 Numquid
662 632 704 667 et
727 638 802 666 vos
835 622 961 666 vultis
979 623 1097 666 abire
1116 625 1195 666 ¹17»
1217 621 1454 665 Ostendere
1472 622 1622 667 volens
1646 624 1747 682 quia

358 695 447 752 ipse
470 692 553 736 illis
580 697 672 736 erat
695 693 957 735 necessarius
976 727 986 746 ,
1014 708 1102 735 non
1126 691 1187 735 illi
1211 700 1333 734 erant
1356 692 1527 736 Christo
1550 708 1748 736 necessa-

359 764 500 808 rii.Ne
518 763 614 822 quis
637 771 794 806 terreat
815 764 1052 815 Christum,
1070 759 1247 821 quando
1269 760 1431 805 dicitur
1455 771 1503 805 ut
1527 763 1580 806 sit
1603 763 1750 807 Chris-

363 836 504 878 tianus
524 855 535 891 3
560 834 681 892 quasi
705 833 872 876 beatior
895 833 977 876 erit
1008 833 1231 886 Christus,
1256 832 1290 876 si
1312 841 1361 876 tu
1383 832 1514 876 fueris
1539 834 1749 878 Christia-

359 920 455 947 nus.
478 906 649 946 Bonum
667 910 729 945 est
747 902 842 956 tibi,
858 912 908 946 ut
928 902 982 945 sis
1005 902 1299 946 Christianus:
1317 918 1416 946 nam
1440 903 1474 946 si
1492 919 1580 947 non
1601 902 1746 959 fueris,

365 973 531 1018 malum
548 973 721 1017 Christo
738 988 827 1016 non
849 973 944 1016 erit.
957 971 1073 1016 Audi
1090 988 1242 1017 vocem
1261 971 1441 1017 Psalmi:
1460 974 1586 1016 «Dixi
1600 974 1750 1018 Domi—

367 1063 386 1085 »
414 1060 472 1088 no
492 1078 502 1097 ,
528 1046 642 1087 Deus
665 1058 786 1086 meus
804 1057 848 1086 es
870 1052 920 1086 tu
936 1077 947 1098 ,
971 1043 1179 1102 quoniam
1202 1043 1419 1087 bonorum
1443 1058 1639 1087 meorum
1662 1059 1751 1088 non

364 1133 385 1155 n
421 1115 564 1172 eges‘2.
594 1132 613 1154 »
641 1112 746 1157 Ideo
776 1132 797 1154 «
830 1116 944 1157 Deus
977 1127 1096 1156 meus
1120 1127 1163 1156 es
1197 1121 1271 1167 tu,
1298 1113 1506 1172 quoniam
1535 1114 1751 1158 bonorum

364 1203 386 1227 »
410 1200 606 1229 meorum
619 1199 708 1228 non
726 1199 836 1242 eges.
853 1202 873 1225 »
889 1184 930 1228 Si
945 1182 1076 1227 fueris
1093 1185 1183 1227 sine
1199 1187 1305 1238 Deo,
1326 1184 1471 1228 minor
1488 1184 1568 1227 eris
1589 1185 1646 1242 ,si
1661 1183 1752 1228 fue-

364 1257 419 1300 ris
439 1271 540 1299 eum
562 1258 653 1299 Deo
670 1290 680 1309 ,
706 1256 842 1314 major
864 1258 977 1298 Deus
999 1270 1089 1298 non
1111 1255 1205 1298 erit.
1238 1257 1334 1300 Non
1353 1269 1405 1298 ex
1427 1264 1468 1299 te
1490 1254 1564 1298 ille
1585 1257 1722 1316 major
1739 1291 1749 1311 ,

362 1325 437 1371 sed
459 1335 508 1370 tu
531 1325 621 1369 sine
638 1324 714 1369 illo
736 1325 893 1368 minor.
919 1327 1073 1369 Cresce
1091 1339 1192 1382 ergo
1213 1325 1255 1367 in
1274 1323 1350 1368 illo
1369 1359 1379 1379 ,
1401 1324 1490 1368 noli
1510 1333 1553 1368 te
1577 1325 1752 1370 subtra-

362 1398 466 1440 here
487 1431 498 1451 ,
523 1405 573 1439 ut
595 1395 718 1455 quasi
745 1395 817 1438 ille
847 1395 1032 1439 deficiat.
1061 1395 1301 1450 Reficieris,
1326 1395 1359 1439 si
1383 1396 1634 1451 accesseris3
1672 1397 1753 1439 de-

362 1467 504 1520 ficies,
535 1466 569 1509 si
598 1465 834 1509 recesseris.
860 1468 1031 1522 Integer
1054 1474 1200 1508 manet
1221 1473 1263 1508 te
1293 1464 1526 1509 accedente
1544 1499 1555 1520 ,
1587 1466 1754 1523 integer

363 1545 511 1580 manet
529 1545 571 1580 et
592 1545 635 1580 te
652 1535 849 1580 cadente.
866 1538 977 1580 Cum
991 1551 1094 1594 ergo
1113 1536 1289 1580 dixisset
1301 1534 1532 1595 Discipulis
1553 1571 1563 1591 ,
1587 1539 1754 1581 «Num-

369 1626 388 1648 »
424 1605 532 1666 quid
566 1615 609 1650 et
639 1621 715 1650 vos
747 1605 878 1649 vultis
907 1606 1089 1648 abiress?
1117 1626 1132 1645 »
1159 1605 1399 1664 Respondit
1431 1609 1605 1660 Petrus,
1631 1616 1754 1665 petra

364 1676 569 1731 illa,voce
588 1676 803 1730 omnium,
824 1695 843 1717 «
860 1677 1058 1731 Domine,
1077 1676 1131 1719 ad
1145 1691 1275 1736 quem
1290 1676 1448 1719 ibimus
1462 1678 1480 1720 P
1493 1677 1635 1720 Verba
1653 1678 1754 1721 vitae

367 1767 388 1789 η
414 1757 589 1791 aeternae
610 1746 762 1790 habes.
779 1764 798 1786 »
818 1749 935 1789 Bene
952 1747 1095 1805 sapuit
1118 1748 1163 1789 in
1188 1762 1262 1790 ore
1284 1747 1417 1805 ipsius
1440 1762 1540 1791 caro
1564 1748 1750 1792 Domini.

365 1819 575 1863 Dominus
598 1826 743 1862 autem
771 1817 968 1876 exposuit
989 1818 1047 1860 eis
1064 1852 1075 1871 ,
1100 1827 1143 1861 et
1165 1817 1271 1861 dixit
1297 1836 1306 1861 :
1343 1837 1362 1860 «
1390 1818 1573 1876 Spiritus
1597 1828 1659 1862 est
1679 1819 1755 1878 qui

369 1907 388 1930 »
425 1888 636 1932 vivificat:
662 1901 764 1932 cum
784 1885 959 1932 dixisset
973 1922 983 1941 ,
1009 1887 1098 1932 Nisi
1120 1887 1217 1946 quis
1232 1885 1562 1931 manducaverit
1576 1903 1753 1932 carnem

369 1979 389 2000 »
426 1975 567 2003 meam
586 1994 596 2014 ,
618 1968 661 2002 et
682 1958 843 2002 biberit
866 1958 1120 2017 sanguinem
1138 1973 1302 2012 meum,
1331 1973 1420 2002 non
1443 1958 1625 2002 habebit
1644 1959 1689 2002 in
1710 1974 1755 2003 se

371 2049 390 2070 »
426 2029 559 2074 vitam
586 2050 596 2085 3
628 2048 647 2070 «
672 2043 726 2072 ne
749 2027 976 2072 carnaliter
996 2027 1307 2086 intelligerent,
1327 2045 1348 2068 »
1368 2028 1550 2087 Spiritus
1574 2037 1658 2083 est,
1683 2029 1755 2072 in-

372 2117 392 2140 »
428 2099 551 2158 quit,
589 2098 665 2157 qui
698 2098 912 2151 vivificat,
946 2106 1224 2153 carosautem
1256 2096 1365 2141 nihil
1387 2098 1563 2157 prodest
1589 2118 1597 2143 ε
1622 2099 1755 2143 verba

375 2188 395 2211 »
430 2185 530 2229 quae
551 2169 724 2213 locutus
741 2183 836 2212 sum
859 2168 1003 2223 vobis,
1030 2169 1204 2227 spiritus
1227 2177 1289 2212 est
1307 2177 1349 2211 et
1364 2169 1493 2212 vita⁴.
1519 2186 1539 2209 »

429 2242 505 2282 VI.
540 2241 668 2283 Hunc
689 2238 889 2297 spiritum
911 2247 954 2282 et
975 2239 1087 2282 hanc
1110 2238 1243 2282 vitam
1261 2253 1349 2282 non
1372 2238 1566 2297 sapiebat
1583 2238 1662 2282 iste
1678 2239 1755 2284 Ni-

371 2308 594 2364 codemus,
611 2309 686 2367 qui
707 2317 835 2352 nocte
851 2317 1028 2353 venerat
1046 2306 1099 2351 ad
1118 2310 1280 2351 Jesum.
1307 2307 1379 2351 Ait
1400 2308 1439 2350 ei
1460 2310 1583 2352 Jesus
1605 2327 1613 2352 ε
1637 2308 1756 2353 «Nisi

374 2397 394 2419 »
429 2379 524 2438 quis
553 2388 679 2423 natus
706 2378 837 2423 fuerit
864 2378 1010 2422 denuo
1028 2413 1039 2433 ,
1067 2393 1156 2422 non
1178 2376 1343 2422 videbit
1365 2392 1548 2436 regnum
1573 2378 1651 2422 Dei
1669 2380 1701 2422 ⁵.
1730 2396 1751 2420 n

420 2479 428 2495 ¹
446 2475 538 2505 Joan.
561 2484 607 2515 vn,
621 2473 677 2505 68.
698 2490 739 2497 —
759 2480 772 2498 2
792 2472 869 2506 Psal.
888 2483 942 2515 xv,
965 2481 995 2508 2.
1016 2489 1056 2496 -
1077 2470 1089 2497 3
1107 2473 1201 2506 Joan.
1227 2483 1273 2513 vi,
1289 2471 1346 2514 68,
1361 2476 1426 2506 etc.
1448 2471 1691 2514 -41b1d.64.
1713 2488 1754 2495 —

380 2527 451 2561 ud.
473 2538 518 2569 in,
542 2528 571 2561 3.
