1809 3173
355 151 437 189 408
779 169 811 197 s.
849 171 1077 202 AUGUSTINI
1112 177 1291 206 Emseoi’r

354 230 565 274 occultus.
597 232 812 278 Vidcbant
833 237 1139 284 indumentum
1156 278 1166 296 ,
1188 252 1231 286 ct
1254 248 1596 292 contemnebant
1615 251 1740 295 indu-

352 310 445 343 tum
475 321 483 345 2
509 305 868 361 contemnebant,
901 311 1001 368 quia
1034 312 1313 358 nesciebant:
1340 317 1613 373 nesciebant,
1637 323 1738 381 quia

351 386 440 414 non
460 371 692 418 videbant:
710 390 798 420 non
821 377 1042 434 videbant,
1067 382 1167 439 quia
1185 385 1286 427 caeci
1306 396 1428 430 erant
1447 407 1455 431 ;
1474 389 1575 432 caeci
1596 402 1734 447 erant,

351 441 452 499 quia
470 457 559 485 non
581 443 832 489 credebant.

408 514 464 554 lt.
488 513 721 558 Videamus
743 532 843 573 ergo
866 527 908 560 ct
935 518 987 560 ad
1012 519 1105 563 haee
1131 523 1336 567 Dominus
1369 527 1476 584 quid
1500 530 1740 588 responde-

348 582 418 625 rit.
447 601 463 621 «
496 583 577 626 Ubi
600 594 688 637 est,
714 586 946 643 inquiunt,
976 592 1101 632 Pater
1125 595 1260 635 tuus?
1292 612 1311 633 »
1338 596 1598 642 Audivimus
1621 602 1736 646 cnim

347 661 389 695 te
412 651 555 696 dicere
577 673 584 697 :
615 673 633 694 «
658 655 781 698 Solus
805 672 893 700 non
923 674 1017 702 sum
1037 695 1047 713 ,
1069 661 1143 704 sed
1162 677 1241 719 ego
1263 673 1303 707 et
1328 666 1403 724 qui
1428 682 1496 710 me
1522 669 1634 713 misit
1658 674 1739 715 Pa-

352 742 369 762 »
406 731 470 765 ter
492 742 499 766 :
533 743 549 763 »
577 739 653 767 nos
676 724 816 768 solum
838 735 879 769 tc
902 729 1115 784 videmus,
1142 735 1312 777 Patrem
1336 743 1460 779 tuum
1484 747 1628 782 tecum
1649 757 1737 785 non

345 791 544 836 videmus
566 813 573 837 :
599 796 822 853 quomodo
846 807 887 841 te
910 800 1015 844 dicis
1034 801 1175 846 solum
1200 820 1288 848 non
1307 821 1412 861 esse,
1439 809 1513 852 sed
1536 826 1636 854 cum
1659 815 1739 856 Pa-

343 874 408 908 tre
426 874 502 909 tuo
524 870 645 911 esse?
668 878 743 912 aut
765 871 945 915 ostende
972 875 1096 919 nobis
1121 885 1265 921 tecum
1288 894 1378 923 esse
1398 884 1565 927 Patrem
1591 893 1733 929 tuum.

341 938 398 979 Et
432 938 668 994 Dominus,
694 941 918 1000 Numquid
943 959 1012 987 me
1034 945 1211 1003 videtis,
1249 958 1296 993 ut
1322 953 1486 995 Patrem
1511 955 1736 999 ostendam

344 1006 499 1050 vobis?
523 1011 615 1052 Hoc
633 1010 748 1053 enim
773 1014 984 1072 sequitur,
1002 1016 1084 1060 hoc
1107 1019 1192 1062 suis
1216 1021 1356 1064 verbis
1380 1022 1470 1080 ipse
1494 1024 1733 1082 respondit,

345 1093 532 1136 quorum
567 1080 800 1124 verborum
837 1085 1149 1142 expositionem
1189 1104 1266 1133 nos
1300 1100 1400 1135 ante
1431 1095 1732 1150 praemisimus.

347 1147 503 1191 Videte
521 1149 634 1191 enim
650 1150 757 1209 quid
774 1151 949 1198 dixerit:
971 1174 988 1195 «
1007 1158 1157 1216 Neque
1174 1175 1243 1202 me
1257 1161 1387 1215 scitis,
1405 1177 1548 1221 neque
1565 1167 1735 1208 Patrem

348 1236 368 1259 ³>
406 1234 567 1263 meum.
600 1222 640 1264 Si
665 1237 734 1265 me
757 1224 917 1268 sciretis
938 1261 948 1279 ,
976 1225 1153 1271 forsitan
1179 1240 1220 1274 et
1243 1235 1412 1275 Patrem
1437 1249 1582 1276 meum
1607 1236 1736 1279 scire—

349 1308 366 1329 »
405 1289 474 1332 tis.
508 1311 523 1329 »
550 1292 697 1334 Dicitis
721 1308 822 1349 ergo
840 1329 849 1347 ‚
881 1316 894 1332 «
927 1297 1010 1340 Ubi
1035 1308 1099 1342 est
1129 1303 1254 1343 Pater
1276 1305 1439 1346 tuus¹P
1467 1323 1483 1344 »
1512 1306 1734 1365 quasijam

344 1374 414 1402 me
440 1360 607 1415 sciatis,
634 1364 755 1420 quasi
781 1373 919 1408 totum
943 1367 1026 1410 hoc
1049 1369 1127 1411 sim
1151 1371 1271 1429 quod
1301 1372 1468 1416 videtis.
1496 1377 1609 1431 Ergo
1633 1377 1735 1434 quia

343 1446 412 1473 me
436 1447 523 1475 non
548 1434 678 1476 nostis
697 1469 707 1487 ,
736 1434 832 1478 ideo
852 1437 973 1479 vobis
994 1441 1162 1482 Patrem
1185 1456 1328 1484 meum
1348 1458 1435 1486 non
1454 1444 1649 1489 ostendo.
1663 1450 1734 1490 Me

342 1502 506 1561 quippe
539 1503 762 1547 hominem
797 1508 982 1565 putatis,
1013 1508 1110 1553 ideo
1147 1515 1317 1555 Patrem
1341 1528 1486 1557 meum
1510 1516 1734 1560 hominem

343 1572 538 1631 quaeritis
556 1609 566 1625 ,
588 1575 689 1633 quia
709 1577 948 1619 secundum
974 1594 1147 1623 carnem
1159 1581 1379 1640 judicatis.
1409 1585 1517 1636 Quia
1539 1601 1643 1629 vero
1665 1602 1733 1630 se-

342 1642 538 1686 cundum
561 1644 681 1703 quod
703 1646 859 1690 vidctis
879 1648 995 1691 aliud
1018 1665 1129 1703 sum,
1153 1661 1194 1694 et
1217 1651 1335 1697 aliud¹
1356 1655 1595 1698 secundum
1614 1656 1735 1716 quod

342 1729 430 1757 non
454 1713 634 1768 videtis3
663 1720 832 1760 Patrem
857 1728 1001 1762 autem
1021 1736 1165 1765 meum
1184 1722 1342 1782 loquor
1363 1725 1558 1769 occultus
1582 1728 1732 1771 occul-

342 1794 435 1828 tum
459 1805 469 1840 ·,
494 1787 612 1844 prius
647 1797 711 1830 est
750 1799 796 1832 ut
833 1805 902 1833 mc.
925 1793 1129 1835 noveritis
1146 1829 1156 1847 ,
1184 1803 1288 1839 tunc
1311 1805 1354 1839 et
1389 1799 1561 1840 Patrem
1586 1814 1733 1842 meum

343 1856 497 1899 scietis.

418 1929 497 1970 ΠΙ.
529 1946 545 1965 «
576 1927 616 1971 Si
655 1929 770 1971 enim
806 1945 874 1972 me
897 1931 1058 1976 sciretis
1077 1968 1086 1985 ,
1116 1942 1158 1976 ct
1181 1937 1351 1978 Patrem
1375 1951 1520 1980 meum
1551 1936 1732 1982 forsitan

350 2020 364 2036 υ
402 1998 579 2042 sciretis.
608 2020 623 2038 »
647 1998 726 2042 Ille
749 2001 824 2059 qui
848 2003 989 2045 omnia
1008 2003 1112 2057 scit,
1134 2006 1312 2063 quando
1331 2005 1434 2050 dicit
1456 2026 1472 2046 κ
1501 2006 1726 2064 forsitam»

342 2084 429 2111 non
450 2067 645 2122 dubitat,
667 2069 741 2112 sed
765 2072 972 2130 increpat.
1002 2076 1189 2117 Attende
1208 2076 1323 2118 enim
1353 2077 1575 2137 quomodo
1597 2079 1731 2123 incre-

342 2140 486 2198 pative
504 2140 673 2192 dicatur
696 2143 836 2199 ipsum
864 2161 880 2181 «
908 2143 1085 2187 forsitan
1109 2182 1118 2198 ,
1146 2168 1161 2185 »
1188 2147 1307 2206 quod
1330 2149 1501 2192 videtur
1523 2165 1611 2193 esse
1631 2166 1731 2194 ver-

341 2210 446 2252 bum
483 2210 781 2255 dubitationis.
811 2212 894 2256 Sed
917 2213 1200 2260 dubitationis
1229 2218 1411 2261 verbum
1450 2228 1513 2262 est
1551 2221 1729 2279 quando

341 2277 500 2322 dicitur
533 2281 586 2323 ab
609 2281 786 2323 homine
803 2317 813 2333 ,
849 2282 946 2326 ideo
970 2285 1199 2328 dubitante
1223 2288 1323 2345 quia
1350 2290 1566 2332 nesciente
1593 2309 1600 2333 :
1628 2306 1727 2333 cum

339 2364 442 2392 vero
466 2349 623 2392 dicitur
646 2367 667 2393 a
694 2354 779 2393 Deo
804 2352 985 2395 verbum
1009 2354 1308 2408 dubitationis,
1335 2373 1434 2401 cum
1460 2361 1597 2401 Deum
1618 2359 1727 2403 nihil

342 2419 494 2479 utiquc
532 2419 684 2473 lateat,
718 2421 788 2465 itta
825 2423 1097 2467 dubitatione
1132 2428 1328 2484 arguitur
1356 2428 1612 2485 infidelitas,
1637 2447 1725 2475 non

395 2510 401 2525 ¹
424 2506 514 2535 Joan.
536 2515 603 2545 viii,
628 2516 677 2546 ις).
