1825 3214
259 173 300 197 ιΝ
334 171 507 198 soumis
541 170 850 206 EVANGRL1UM‚
885 170 1030 197 'rauna
1069 171 1181 196 χιόνι.
1329 162 1412 196 509

37 259 52 275 »
88 238 130 279 in
155 237 352 295 paradiso
371 239 399 278 ¹.
430 255 448 276 υ
475 235 705 288 Quomodo
738 246 881 279 autem
906 238 994 295 ipse
1024 237 1077 279 sit
1107 237 1262 280 ostium
1282 272 1291 287 ,
1325 238 1413 294 ipse

31 317 189 365 pastor,
209 317 254 350 ut
274 322 408 366 perse
425 307 564 364 ipsum
582 304 773 364 quodam
791 306 920 350 modo
938 307 1067 349 etiam
1083 307 1171 365 ipse
1189 307 1355 364 ingredi
1372 316 1415 350 et

30 377 176 435 egredi
200 376 487 435 intelligatur,
517 385 559 419 et
581 376 778 434 quisnam
798 376 850 418 sit
886 377 1108 422 ostiarius.
1142 377 1321 433 longum
1353 385 1415 420 cst

30 447 161 492 hodie
190 462 408 508 quaerere,
451 455 493 490 et
526 445 775 491 disserendo
806 446 919 490 sicut
959 447 1048 504 ipse
1082 446 1310 491 donaverit
1343 463 1416 489 ex-

32 517 207 577 plicare.

31 686 1160 704 mmmmuwmmmtmxmmwwmwmxwvvmvm
1165 687 1230 702 th
1239 687 1307 701 WB!
1314 688 1379 702 ww&
1385 689 1418 702 Νἱ

414 828 820 875 TRACTATUS
858 829 1052 873 XLV12.

63 988 131 1032 Ab
172 1003 223 1032 eo
271 986 392 1047 quod
429 988 636 1047 scriptum
675 997 738 1031 est
781 986 931 1047 :Ego
970 1002 1071 1030 sum
1111 996 1286 1046 paslm-
1339 984 1419 1028 lm-

122 1074 233 1113 tms,
266 1067 353 1101 etc.
382 1057 590 1118 usquead
612 1057 677 1111 id,
708 1057 1044 1101 Illercetmrz'us
1076 1056 1417 1117 (utletnsitgc'l,

124 1128 238 1186 qula
276 1129 602 1172 mercenarius
644 1138 735 1184 est,
769 1138 814 1171 et
850 1144 943 1171 teon
976 1128 1184 1187 pertinet
1216 1125 1286 1170 acl
1315 1142 1422 1170 eum

124 1197 184 1242 cle
205 1196 381 1243 ovibus.

76 1359 110 1399 Ι.
128 1359 330 1408 Loquens
348 1355 559 1399 Dominus
575 1356 699 1398 Jesus
717 1354 871 1398 ovibus
886 1354 988 1407 suis,
1008 1363 1051 1396 et
1063 1354 1366 1412 praesentibus,
1381 1362 1424 1396 et

35 1426 310 1483 futurisquae
335 1436 438 1469 tunc
469 1425 670 1482 aderant,
706 1425 808 1484 quia
844 1433 965 1468 erant
990 1425 1063 1467 ubi
1079 1425 1169 1483 jam
1199 1440 1297 1467 oves
1333 1425 1424 1483 ejus

35 1505 173 1550 erant,
191 1512 290 1556 quae
307 1494 465 1539 futurae
481 1506 605 1540 erant
622 1498 713 1556 ejus
731 1510 832 1539 oves
850 1514 858 1538 ε
877 1495 978 1538 item
1000 1495 1288 1552 praesentibus
1303 1503 1344 1536 et
1357 1494 1424 1537 fu-

37 1567 144 1611 turis
165 1575 209 1609 et
231 1565 314 1609 illis
337 1574 379 1609 et
402 1565 550 1618 nobis,
577 1574 620 1609 et
637 1573 857 1625 quotquot
879 1564 1006 1607 etiam
1034 1574 1129 1621 post
1159 1579 1237 1607 nos
1263 1563 1426 1606 fuerint

37 1652 137 1681 oves
159 1637 276 1695 ejuS,
300 1636 396 1694 quis
421 1633 476 1678 ad
493 1650 562 1678 eas
585 1635 734 1678 missus
756 1643 890 1688 esset,
917 1634 1122 1677 ostendit.
1140 1634 1300 1676 Omnes
1323 1648 1426 1690 ergo

38 1707 225 1751 audiunt
255 1720 403 1749 vocem
444 1705 625 1763 pastoris
658 1705 724 1748 sui
758 1704 962 1757 dicentis,
993 1707 1129 1762 «Ego
1163 1719 1258 1746 sum
1283 1712 1427 1761 pastor

42 1798 61 1819 »
98 1779 283 1822 bonus3.
310 1778 447 1820 »Non
470 1774 650 1819 adderet
679 1796 697 1817 «
720 1776 862 1819 bonus
879 1810 890 1829 ,
922 1793 941 1815 »
968 1775 1046 1818 nisi
1069 1784 1210 1818 essent
1236 1783 1428 1832 pastores

40 1847 157 1892 mali.
187 1846 270 1891 Sed
293 1855 484 1905 pastores
502 1845 627 1900 mali,
652 1845 732 1904 ipsi
763 1854 864 1888 sunt
899 1843 1014 1888 fures
1038 1853 1080 1887 et
1101 1843 1291 1887 latrones
1318 1863 1326 1888 :
1353 1853 1429 1887 aut

41 1928 157 1963 certe
174 1952 185 1971 ,
207 1926 256 1961 ut
274 1916 462 1960 multum
478 1951 489 1970 ,
520 1916 789 1959 mercenarii.
814 1917 975 1958 Omnes
1004 1914 1118 1958 enirn
1137 1914 1206 1957 hic
1227 1930 1434 1972 personas

42 2004 148 2049 quas
194 1987 359 2046 posuit,
412 1986 629 2045 requirere
646 2020 656 2039 ,
702 1985 987 2041 distinguere,
1036 1999 1158 2027 nosse
1200 1983 1433 2028 debemus-

43 2059 227 2117 Aperuit
243 2057 359 2100 enim
377 2056 467 2115 jam
490 2054 596 2098 duas
621 2070 684 2098 res
708 2055 934 2107 Dominus,
960 2069 1066 2113 quas
1087 2054 1280 2113 quodam
1299 2053 1431 2098 modo

45 2128 211 2173 clausas
242 2134 526 2186 proposuerat
557 2144 564 2168 z
586 2126 675 2183 jam
704 2126 863 2168 scimus
886 2126 987 2182 quia
1024 2124 1182 2168 ostium
1214 2125 1303 2182 ipse
1336 2135 1428 2179 est,

46 2200 202 2244 scimus
225 2197 326 2257 quia
350 2205 497 2255 pastor
519 2195 609 2252 ipse
627 2203 704 2238 est.
733 2197 866 2238 Fures
884 2203 927 2237 et
947 2193 1136 2236 latrones
1158 2194 1234 2253 qui
1252 2194 1360 2249 sint,
1387 2195 1431 2238 in

46 2271 244 2313 hesterna
267 2266 453 2310 lectione
478 2264 741 2323 patefactum
760 2274 822 2308 est
844 2284 851 2307 :
871 2263 1000 2307 hodie
1023 2273 1166 2307 autem
1190 2264 1433 2311 audivimus

49 2339 362 2383 mercenarium
383 2371 394 2390 ,
443 2334 686 2378 audivimus
739 2344 781 2377 et
818 2338 966 2393 lupum
1009 2353 1016 2378 :
1053 2335 1143 2377 heri
1183 2335 1432 2380 nominatus

96 2455 105 2469 ¹
137 2450 199 2479 Luc
233 2456 326 2483 xxiii,
342 2443 396 2484 43.
421 2460 461 2464 -
484 2449 495 2462 ⁷
516 2442 648 2473 Habitus
665 2441 715 2472 die
735 2441 877 2482 proximo
895 2445 966 2483 post.
982 2443 1178 2483 superiorein
1195 2445 1377 2475 Tractatum
1396 2454 1435 2475 ex

50 2516 81 2536 nr
114 2515 125 2534 1
147 2503 200 2545 qui
212 2501 394 2534 Dominicus
409 2503 480 2531 erat
494 2523 503 2539 ,
517 2510 556 2531 ex
574 2500 680 2529 Tract.
696 2496 823 2538 subseq.
841 2507 872 2528 n.
896 2507 925 2528 1.
947 2513 987 2519 —
1008 2495 1021 2520 3
1035 2499 1127 2530 Joan.
1149 2509 1182 2538 x,
1206 2509 1255 2529 ιι.
