<?xml version="1.0" encoding="UTF-8"?>
<!DOCTYPE html PUBLIC "-//W3C//DTD XHTML 1.0 Transitional//EN"
    "http://www.w3.org/TR/xhtml1/DTD/xhtml1-transitional.dtd">
<html xmlns="http://www.w3.org/1999/xhtml" xml:lang="en" lang="en">
 <head>
  <title>
</title>
<meta http-equiv="Content-Type" content="text/html;charset=utf-8" />
  <meta name='ocr-system' content='tesseract 3.04.00' />
  <meta name='ocr-capabilities' content='ocr_page ocr_carea ocr_par ocr_line ocrx_word'/>
</head>
<body>
  <div class='ocr_page' id='page_1' title='image "./operaomniaaccura15auguuoft_0348.png"; bbox 0 0 1809 3173; ppageno 0'>
   <div class='ocr_carea' id='block_1_1' title="bbox 390 171 1323 209">
    <p class='ocr_par' dir='ltr' id='par_1_1' title="bbox 390 171 1323 209">
     <span class='ocr_line' id='line_1_1' title="bbox 390 171 1323 209; baseline -0.004 0"><span class='ocrx_word' id='word_1_1' title='bbox 390 171 470 209; x_wconf 80' lang='lat'>336</span> <span class='ocrx_word' id='word_1_2' title='bbox 813 181 845 205; x_wconf 83' lang='lat' dir='ltr'>s.</span> <span class='ocrx_word' id='word_1_3' title='bbox 883 177 906 205; x_wconf 76' lang='grc' dir='ltr'>Α</span> <span class='ocrx_word' id='word_1_4' title='bbox 915 179 1111 206; x_wconf 67' lang='lat' dir='ltr'>uenstrffli</span> <span class='ocrx_word' id='word_1_5' title='bbox 1145 179 1323 206; x_wconf 79' lang='lat' dir='ltr'>EPISCOPI</span> 
     </span>
    </p>
   </div>
   <div class='ocr_carea' id='block_1_2' title="bbox 382 243 1772 1076">
    <p class='ocr_par' dir='ltr' id='par_1_2' title="bbox 382 243 1772 1076">
     <span class='ocr_line' id='line_1_2' title="bbox 389 243 1766 303; baseline 0 -15"><span class='ocrx_word' id='word_1_6' title='bbox 389 244 531 289; x_wconf 84' lang='lat' dir='ltr'>omnia</span> <span class='ocrx_word' id='word_1_7' title='bbox 557 259 655 302; x_wconf 77' lang='lat' dir='ltr'>quae</span> <span class='ocrx_word' id='word_1_8' title='bbox 684 243 980 302; x_wconf 73' lang='lat' dir='ltr'>temporaliter</span> <span class='ocrx_word' id='word_1_9' title='bbox 998 253 1249 298; x_wconf 87' lang='lat' dir='ltr'>transeunt,</span> <span class='ocrx_word' id='word_1_10' title='bbox 1273 243 1450 303; x_wconf 79' lang='lat' dir='ltr'>quando</span> <span class='ocrx_word' id='word_1_11' title='bbox 1477 245 1584 287; x_wconf 89' lang='lat' dir='ltr'>bene</span> <span class='ocrx_word' id='word_1_12' title='bbox 1602 245 1766 302; x_wconf 78' lang='lat' dir='ltr'>signiti-</span> 
     </span>
     <span class='ocr_line' id='line_1_3' title="bbox 387 314 1766 374; baseline 0 -15"><span class='ocrx_word' id='word_1_13' title='bbox 387 325 489 359; x_wconf 85' lang='lat' dir='ltr'>cant</span> <span class='ocrx_word' id='word_1_14' title='bbox 508 350 518 369; x_wconf 91' lang='lat'>,</span> <span class='ocrx_word' id='word_1_15' title='bbox 545 330 624 358; x_wconf 84' lang='lat' dir='ltr'>nee</span> <span class='ocrx_word' id='word_1_16' title='bbox 646 314 912 358; x_wconf 74' lang='lat' dir='ltr'>mendaciter</span> <span class='ocrx_word' id='word_1_17' title='bbox 944 314 1241 373; x_wconf 84' lang='lat' dir='ltr'>proferuntur.</span> <span class='ocrx_word' id='word_1_18' title='bbox 1278 315 1432 358; x_wconf 86' lang='lat' dir='ltr'>Omnia</span> <span class='ocrx_word' id='word_1_19' title='bbox 1455 316 1618 374; x_wconf 84' lang='lat' dir='ltr'>quippe</span> <span class='ocrx_word' id='word_1_20' title='bbox 1647 316 1766 372; x_wconf 84' lang='lat' dir='ltr'>signa</span> 
     </span>
     <span class='ocr_line' id='line_1_4' title="bbox 383 385 1762 445; baseline 0.001 -16"><span class='ocrx_word' id='word_1_21' title='bbox 383 402 483 445; x_wconf 81' lang='lat' dir='ltr'>quae</span> <span class='ocrx_word' id='word_1_22' title='bbox 498 385 756 445; x_wconf 87' lang='lat' dir='ltr'>proferimus</span> <span class='ocrx_word' id='word_1_23' title='bbox 774 386 904 439; x_wconf 81' lang='lat' dir='ltr'>sonis,</span> <span class='ocrx_word' id='word_1_24' title='bbox 922 385 1087 444; x_wconf 78' lang='lat' dir='ltr'>aliquid</span> <span class='ocrx_word' id='word_1_25' title='bbox 1109 385 1352 443; x_wconf 76' lang='lat' dir='ltr'>significant</span> <span class='ocrx_word' id='word_1_26' title='bbox 1367 385 1487 445; x_wconf 81' lang='lat' dir='ltr'>quod</span> <span class='ocrx_word' id='word_1_27' title='bbox 1505 401 1595 430; x_wconf 89' lang='lat' dir='ltr'>non</span> <span class='ocrx_word' id='word_1_28' title='bbox 1617 395 1680 430; x_wconf 91' lang='lat' dir='ltr'>est</span> <span class='ocrx_word' id='word_1_29' title='bbox 1697 401 1762 431; x_wconf 91' lang='lat' dir='ltr'>so-</span> 
     </span>
     <span class='ocr_line' id='line_1_5' title="bbox 384 453 1767 510; baseline -0.001 -10"><span class='ocrx_word' id='word_1_30' title='bbox 384 472 480 501; x_wconf 89' lang='lat' dir='ltr'>nus.</span> <span class='ocrx_word' id='word_1_31' title='bbox 507 459 601 500; x_wconf 91' lang='lat' dir='ltr'>Non</span> <span class='ocrx_word' id='word_1_32' title='bbox 626 456 739 499; x_wconf 91' lang='lat' dir='ltr'>enim</span> <span class='ocrx_word' id='word_1_33' title='bbox 763 455 861 498; x_wconf 83' lang='lat' dir='ltr'>duae</span> <span class='ocrx_word' id='word_1_34' title='bbox 884 456 1034 498; x_wconf 83' lang='lat' dir='ltr'>breves</span> <span class='ocrx_word' id='word_1_35' title='bbox 1049 453 1228 510; x_wconf 77' lang='lat' dir='ltr'>syllabae</span> <span class='ocrx_word' id='word_1_36' title='bbox 1252 459 1362 499; x_wconf 89' lang='lat' dir='ltr'>Deus</span> <span class='ocrx_word' id='word_1_37' title='bbox 1379 464 1463 509; x_wconf 83' lang='lat' dir='ltr'>est,</span> <span class='ocrx_word' id='word_1_38' title='bbox 1485 465 1528 499; x_wconf 83' lang='lat' dir='ltr'>et</span> <span class='ocrx_word' id='word_1_39' title='bbox 1545 454 1650 499; x_wconf 90' lang='lat' dir='ltr'>duas</span> <span class='ocrx_word' id='word_1_40' title='bbox 1673 457 1767 500; x_wconf 89' lang='lat' dir='ltr'>bre-</span> 
     </span>
     <span class='ocr_line' id='line_1_6' title="bbox 383 523 1765 583; baseline -0.001 -12"><span class='ocrx_word' id='word_1_41' title='bbox 383 542 456 571; x_wconf 90' lang='lat' dir='ltr'>ves</span> <span class='ocrx_word' id='word_1_42' title='bbox 480 524 668 583; x_wconf 85' lang='lat' dir='ltr'>syllabas</span> <span class='ocrx_word' id='word_1_43' title='bbox 701 524 883 568; x_wconf 85' lang='lat' dir='ltr'>colimus</span> <span class='ocrx_word' id='word_1_44' title='bbox 900 559 909 576; x_wconf 76' lang='lat'>,</span> <span class='ocrx_word' id='word_1_45' title='bbox 936 533 979 566; x_wconf 84' lang='lat' dir='ltr'>et</span> <span class='ocrx_word' id='word_1_46' title='bbox 1002 523 1107 566; x_wconf 81' lang='lat' dir='ltr'>duas</span> <span class='ocrx_word' id='word_1_47' title='bbox 1130 524 1279 567; x_wconf 83' lang='lat' dir='ltr'>breves</span> <span class='ocrx_word' id='word_1_48' title='bbox 1305 525 1492 581; x_wconf 81' lang='lat' dir='ltr'>syllabas</span> <span class='ocrx_word' id='word_1_49' title='bbox 1513 524 1765 580; x_wconf 85' lang='lat' dir='ltr'>adoramus,</span> 
     </span>
     <span class='ocr_line' id='line_1_7' title="bbox 383 593 1769 656; baseline -0.002 -14"><span class='ocrx_word' id='word_1_50' title='bbox 383 597 501 642; x_wconf 80' lang='lat' dir='ltr'>etad</span> <span class='ocrx_word' id='word_1_51' title='bbox 531 596 637 639; x_wconf 84' lang='lat' dir='ltr'>duas</span> <span class='ocrx_word' id='word_1_52' title='bbox 662 596 813 638; x_wconf 84' lang='lat' dir='ltr'>breves</span> <span class='ocrx_word' id='word_1_53' title='bbox 843 593 1030 651; x_wconf 79' lang='lat' dir='ltr'>syllabas</span> <span class='ocrx_word' id='word_1_54' title='bbox 1066 595 1291 652; x_wconf 85' lang='lat' dir='ltr'>pervenire</span> <span class='ocrx_word' id='word_1_55' title='bbox 1322 594 1644 641; x_wconf 80' lang='lat' dir='ltr'>desideramus:</span> <span class='ocrx_word' id='word_1_56' title='bbox 1671 612 1769 656; x_wconf 82' lang='lat' dir='ltr'>quae</span> 
     </span>
     <span class='ocr_line' id='line_1_8' title="bbox 382 666 1770 728; baseline -0.001 -16"><span class='ocrx_word' id='word_1_57' title='bbox 382 684 493 728; x_wconf 90' lang='lat' dir='ltr'>pene</span> <span class='ocrx_word' id='word_1_58' title='bbox 509 676 609 711; x_wconf 85' lang='lat' dir='ltr'>ante</span> <span class='ocrx_word' id='word_1_59' title='bbox 629 667 834 709; x_wconf 89' lang='lat' dir='ltr'>desinunt</span> <span class='ocrx_word' id='word_1_60' title='bbox 855 680 1028 718; x_wconf 86' lang='lat' dir='ltr'>souare,</span> <span class='ocrx_word' id='word_1_61' title='bbox 1050 681 1181 724; x_wconf 82' lang='lat' dir='ltr'>quam</span> <span class='ocrx_word' id='word_1_62' title='bbox 1204 666 1417 724; x_wconf 80' lang='lat' dir='ltr'>coeperint</span> <span class='ocrx_word' id='word_1_63' title='bbox 1435 687 1446 723; x_wconf 76' lang='lat'>3</span> <span class='ocrx_word' id='word_1_64' title='bbox 1467 683 1546 710; x_wconf 88' lang='lat' dir='ltr'>nee</span> <span class='ocrx_word' id='word_1_65' title='bbox 1565 667 1610 710; x_wconf 90' lang='lat' dir='ltr'>in</span> <span class='ocrx_word' id='word_1_66' title='bbox 1628 668 1688 711; x_wconf 89' lang='lat' dir='ltr'>eis</span> <span class='ocrx_word' id='word_1_67' title='bbox 1710 683 1770 711; x_wconf 89' lang='lat' dir='ltr'>se-</span> 
     </span>
     <span class='ocr_line' id='line_1_9' title="bbox 382 736 1771 798; baseline -0.002 -15"><span class='ocrx_word' id='word_1_68' title='bbox 382 738 538 784; x_wconf 77' lang='lat' dir='ltr'>cundae</span> <span class='ocrx_word' id='word_1_69' title='bbox 555 737 676 781; x_wconf 85' lang='lat' dir='ltr'>locus</span> <span class='ocrx_word' id='word_1_70' title='bbox 698 746 781 780; x_wconf 85' lang='lat' dir='ltr'>est:</span> <span class='ocrx_word' id='word_1_71' title='bbox 801 736 880 778; x_wconf 89' lang='lat' dir='ltr'>nisi</span> <span class='ocrx_word' id='word_1_72' title='bbox 903 736 1038 794; x_wconf 85' lang='lat' dir='ltr'>prima</span> <span class='ocrx_word' id='word_1_73' title='bbox 1058 736 1289 779; x_wconf 84' lang='lat' dir='ltr'>transierit.</span> <span class='ocrx_word' id='word_1_74' title='bbox 1311 739 1459 780; x_wconf 87' lang='lat' dir='ltr'>Manet</span> <span class='ocrx_word' id='word_1_75' title='bbox 1479 752 1582 795; x_wconf 83' lang='lat' dir='ltr'>ergo</span> <span class='ocrx_word' id='word_1_76' title='bbox 1605 737 1771 798; x_wconf 85' lang='lat' dir='ltr'>aliquid</span> 
     </span>
     <span class='ocr_line' id='line_1_10' title="bbox 382 806 1770 866; baseline -0.001 -13"><span class='ocrx_word' id='word_1_77' title='bbox 382 823 589 866; x_wconf 80' lang='lat' dir='ltr'>magnum</span> <span class='ocrx_word' id='word_1_78' title='bbox 627 807 746 866; x_wconf 84' lang='lat' dir='ltr'>quod</span> <span class='ocrx_word' id='word_1_79' title='bbox 769 806 927 850; x_wconf 87' lang='lat' dir='ltr'>dieitur</span> <span class='ocrx_word' id='word_1_80' title='bbox 951 809 1063 849; x_wconf 88' lang='lat' dir='ltr'>Deus</span> <span class='ocrx_word' id='word_1_81' title='bbox 1080 840 1091 860; x_wconf 86' lang='lat'>,</span> <span class='ocrx_word' id='word_1_82' title='bbox 1116 806 1311 864; x_wconf 84' lang='lat' dir='ltr'>quamvis</span> <span class='ocrx_word' id='word_1_83' title='bbox 1336 822 1426 850; x_wconf 89' lang='lat' dir='ltr'>non</span> <span class='ocrx_word' id='word_1_84' title='bbox 1449 816 1619 851; x_wconf 81' lang='lat' dir='ltr'>maneat</span> <span class='ocrx_word' id='word_1_85' title='bbox 1640 823 1770 852; x_wconf 89' lang='lat' dir='ltr'>sonus</span> 
     </span>
     <span class='ocr_line' id='line_1_11' title="bbox 383 876 1772 933; baseline -0.001 -10"><span class='ocrx_word' id='word_1_86' title='bbox 383 896 481 923; x_wconf 85' lang='lat' dir='ltr'>cum</span> <span class='ocrx_word' id='word_1_87' title='bbox 514 878 672 922; x_wconf 83' lang='lat' dir='ltr'>dicitur</span> <span class='ocrx_word' id='word_1_88' title='bbox 707 881 835 921; x_wconf 87' lang='lat' dir='ltr'>Deus.</span> <span class='ocrx_word' id='word_1_89' title='bbox 873 878 940 921; x_wconf 87' lang='lat' dir='ltr'>Sic</span> <span class='ocrx_word' id='word_1_90' title='bbox 976 876 1189 920; x_wconf 81' lang='lat' dir='ltr'>intendite</span> <span class='ocrx_word' id='word_1_91' title='bbox 1221 877 1460 920; x_wconf 80' lang='lat' dir='ltr'>doctrinam</span> <span class='ocrx_word' id='word_1_92' title='bbox 1504 879 1689 933; x_wconf 82' lang='lat' dir='ltr'>Christi,</span> <span class='ocrx_word' id='word_1_93' title='bbox 1728 888 1772 922; x_wconf 90' lang='lat' dir='ltr'>et</span> 
     </span>
     <span class='ocr_line' id='line_1_12' title="bbox 382 947 1770 1009; baseline -0.001 -16"><span class='ocrx_word' id='word_1_94' title='bbox 382 949 638 1009; x_wconf 85' lang='lat' dir='ltr'>pervenietis</span> <span class='ocrx_word' id='word_1_95' title='bbox 658 948 713 991; x_wconf 87' lang='lat' dir='ltr'>ad</span> <span class='ocrx_word' id='word_1_96' title='bbox 735 948 929 990; x_wconf 87' lang='lat' dir='ltr'>Verbum</span> <span class='ocrx_word' id='word_1_97' title='bbox 954 947 1029 990; x_wconf 85' lang='lat' dir='ltr'>Dei</span> <span class='ocrx_word' id='word_1_98' title='bbox 1056 966 1064 990; x_wconf 77' lang='lat'>2</span> <span class='ocrx_word' id='word_1_99' title='bbox 1090 962 1189 989; x_wconf 83' lang='lat' dir='ltr'>eum</span> <span class='ocrx_word' id='word_1_100' title='bbox 1221 956 1364 991; x_wconf 86' lang='lat' dir='ltr'>autem</span> <span class='ocrx_word' id='word_1_101' title='bbox 1394 948 1674 1006; x_wconf 86' lang='lat' dir='ltr'>perveneritis</span> <span class='ocrx_word' id='word_1_102' title='bbox 1716 949 1770 992; x_wconf 85' lang='lat' dir='ltr'>ad</span> 
     </span>
     <span class='ocr_line' id='line_1_13' title="bbox 384 1017 1771 1076; baseline -0.001 -11"><span class='ocrx_word' id='word_1_103' title='bbox 384 1021 580 1065; x_wconf 56' lang='lat' dir='ltr'>&#39;Verbum</span> <span class='ocrx_word' id='word_1_104' title='bbox 603 1020 703 1074; x_wconf 85' lang='lat' dir='ltr'>Dei,</span> <span class='ocrx_word' id='word_1_105' title='bbox 733 1017 945 1062; x_wconf 87' lang='lat' dir='ltr'>intendite</span> <span class='ocrx_word' id='word_1_106' title='bbox 962 1053 972 1071; x_wconf 95' lang='lat'>,</span> <span class='ocrx_word' id='word_1_107' title='bbox 999 1021 1112 1061; x_wconf 89' lang='lat' dir='ltr'>Deus</span> <span class='ocrx_word' id='word_1_108' title='bbox 1139 1027 1230 1061; x_wconf 81' lang='lat' dir='ltr'>erat</span> <span class='ocrx_word' id='word_1_109' title='bbox 1263 1019 1482 1076; x_wconf 77' lang='lat' dir='ltr'>Verbum3</span> <span class='ocrx_word' id='word_1_110' title='bbox 1507 1028 1550 1062; x_wconf 89' lang='lat' dir='ltr'>et</span> <span class='ocrx_word' id='word_1_111' title='bbox 1570 1019 1771 1063; x_wconf 85' lang='lat' dir='ltr'>videbitis</span> 
     </span>
    </p>
   </div>
   <div class='ocr_carea' id='block_1_3' title="bbox 384 1088 1809 1228">
    <p class='ocr_par' dir='ltr' id='par_1_3' title="bbox 384 1088 1809 1228">
     <span class='ocr_line' id='line_1_14' title="bbox 384 1088 1809 1146; baseline -0.002 -11"><span class='ocrx_word' id='word_1_112' title='bbox 384 1107 538 1135; x_wconf 90' lang='lat' dir='ltr'>verum</span> <span class='ocrx_word' id='word_1_113' title='bbox 560 1090 727 1135; x_wconf 87' lang='lat' dir='ltr'>dictum</span> <span class='ocrx_word' id='word_1_114' title='bbox 760 1105 871 1144; x_wconf 89' lang='lat' dir='ltr'>esse,</span> <span class='ocrx_word' id='word_1_115' title='bbox 901 1108 920 1130; x_wconf 91' lang='lat'>«</span> <span class='ocrx_word' id='word_1_116' title='bbox 946 1104 1042 1132; x_wconf 85' lang='lat' dir='ltr'>mea</span> <span class='ocrx_word' id='word_1_117' title='bbox 1064 1088 1261 1132; x_wconf 84' lang='lat' dir='ltr'>doctrina</span> <span class='ocrx_word' id='word_1_118' title='bbox 1290 1107 1299 1132; x_wconf 73' lang='grc' dir='ltr'>ε</span> <span class='ocrx_word' id='word_1_119' title='bbox 1332 1109 1348 1128; x_wconf 82' lang='lat'>»</span> <span class='ocrx_word' id='word_1_120' title='bbox 1381 1088 1594 1132; x_wconf 84' lang='lat' dir='ltr'>intendite</span> <span class='ocrx_word' id='word_1_121' title='bbox 1638 1089 1768 1134; x_wconf 88' lang='lat' dir='ltr'>etiam</span> <span class='ocrx_word' id='word_1_122' title='bbox 1808 1142 1809 1146; x_wconf 10' lang='grc' dir='ltr'><strong>Ἰ</strong></span> 
     </span>
     <span class='ocr_line' id='line_1_15' title="bbox 384 1158 1809 1228; baseline -0.002 -22"><span class='ocrx_word' id='word_1_123' title='bbox 384 1164 507 1223; x_wconf 78' lang='lat' dir='ltr'>eujus</span> <span class='ocrx_word' id='word_1_124' title='bbox 544 1171 608 1205; x_wconf 89' lang='lat' dir='ltr'>est</span> <span class='ocrx_word' id='word_1_125' title='bbox 624 1161 842 1217; x_wconf 70' lang='lat' dir='ltr'>Verbum,</span> <span class='ocrx_word' id='word_1_126' title='bbox 867 1169 910 1204; x_wconf 89' lang='lat' dir='ltr'>et</span> <span class='ocrx_word' id='word_1_127' title='bbox 931 1158 1131 1203; x_wconf 90' lang='lat' dir='ltr'>videbitis</span> <span class='ocrx_word' id='word_1_128' title='bbox 1167 1167 1281 1202; x_wconf 86' lang='lat' dir='ltr'>reete</span> <span class='ocrx_word' id='word_1_129' title='bbox 1303 1159 1466 1202; x_wconf 88' lang='lat' dir='ltr'>dictum</span> <span class='ocrx_word' id='word_1_130' title='bbox 1492 1174 1605 1213; x_wconf 87' lang='lat' dir='ltr'>esse,</span> <span class='ocrx_word' id='word_1_131' title='bbox 1635 1179 1654 1201; x_wconf 86' lang='lat'>«</span> <span class='ocrx_word' id='word_1_132' title='bbox 1681 1175 1770 1204; x_wconf 90' lang='lat' dir='ltr'>non</span> <span class='ocrx_word' id='word_1_133' title='bbox 1808 1206 1809 1228; x_wconf 21' lang='grc' dir='ltr'>ἢ</span> 
     </span>
    </p>
   </div>
   <div class='ocr_carea' id='block_1_4' title="bbox 385 1244 1771 1425">
    <p class='ocr_par' dir='ltr' id='par_1_4' title="bbox 385 1244 1771 1425">
     <span class='ocr_line' id='line_1_16' title="bbox 385 1244 676 1278; baseline -0.007 -2"><span class='ocrx_word' id='word_1_134' title='bbox 385 1254 406 1277; x_wconf 80' lang='grc'>))</span> <span class='ocrx_word' id='word_1_135' title='bbox 432 1244 496 1278; x_wconf 79' lang='lat' dir='ltr'>est</span> <span class='ocrx_word' id='word_1_136' title='bbox 517 1249 627 1277; x_wconf 81' lang='lat' dir='ltr'>mea.</span> <span class='ocrx_word' id='word_1_137' title='bbox 656 1251 676 1274; x_wconf 85' lang='lat'>»</span> 
     </span>
     <span class='ocr_line' id='line_1_17' title="bbox 458 1301 1770 1361; baseline -0.003 -13"><span class='ocrx_word' id='word_1_138' title='bbox 458 1308 510 1348; x_wconf 91' lang='lat' dir='ltr'>V.</span> <span class='ocrx_word' id='word_1_139' title='bbox 544 1305 735 1348; x_wconf 85' lang='lat' dir='ltr'>Breviter</span> <span class='ocrx_word' id='word_1_140' title='bbox 766 1318 868 1361; x_wconf 78' lang='lat' dir='ltr'>ergo</span> <span class='ocrx_word' id='word_1_141' title='bbox 894 1303 992 1345; x_wconf 80' lang='lat' dir='ltr'>dico</span> <span class='ocrx_word' id='word_1_142' title='bbox 1020 1301 1229 1345; x_wconf 78' lang='lat' dir='ltr'>Charitati</span> <span class='ocrx_word' id='word_1_143' title='bbox 1256 1303 1421 1344; x_wconf 80' lang='lat' dir='ltr'>Vestrae</span> <span class='ocrx_word' id='word_1_144' title='bbox 1442 1335 1453 1355; x_wconf 96' lang='lat'>,</span> <span class='ocrx_word' id='word_1_145' title='bbox 1489 1302 1572 1345; x_wconf 87' lang='lat' dir='ltr'>hoe</span> <span class='ocrx_word' id='word_1_146' title='bbox 1595 1301 1770 1345; x_wconf 87' lang='lat' dir='ltr'>videtur</span> 
     </span>
     <span class='ocr_line' id='line_1_18' title="bbox 386 1372 1771 1425; baseline -0.004 -5"><span class='ocrx_word' id='word_1_147' title='bbox 386 1377 492 1421; x_wconf 86' lang='lat' dir='ltr'>mihi</span> <span class='ocrx_word' id='word_1_148' title='bbox 515 1376 670 1419; x_wconf 76' lang='lat' dir='ltr'>dixisse</span> <span class='ocrx_word' id='word_1_149' title='bbox 693 1374 903 1418; x_wconf 90' lang='lat' dir='ltr'>Dominus</span> <span class='ocrx_word' id='word_1_150' title='bbox 925 1376 1047 1416; x_wconf 87' lang='lat' dir='ltr'>Jesus</span> <span class='ocrx_word' id='word_1_151' title='bbox 1071 1372 1289 1425; x_wconf 83' lang='lat' dir='ltr'>Christus,</span> <span class='ocrx_word' id='word_1_152' title='bbox 1319 1391 1338 1413; x_wconf 72' lang='grc' dir='ltr'>ι(</span> <span class='ocrx_word' id='word_1_153' title='bbox 1368 1375 1464 1416; x_wconf 86' lang='lat' dir='ltr'>Mea</span> <span class='ocrx_word' id='word_1_154' title='bbox 1480 1372 1659 1416; x_wconf 84' lang='lat' dir='ltr'>doerina</span> <span class='ocrx_word' id='word_1_155' title='bbox 1681 1388 1771 1416; x_wconf 90' lang='lat' dir='ltr'>non</span> 
     </span>
    </p>
   </div>
   <div class='ocr_carea' id='block_1_5' title="bbox 387 1437 1809 1501">
    <p class='ocr_par' dir='ltr' id='par_1_5' title="bbox 387 1437 1809 1501">
     <span class='ocr_line' id='line_1_19' title="bbox 387 1437 1809 1501; baseline -0.002 -13"><span class='ocrx_word' id='word_1_156' title='bbox 387 1467 406 1488; x_wconf 86' lang='lat'>»</span> <span class='ocrx_word' id='word_1_157' title='bbox 443 1456 506 1491; x_wconf 87' lang='lat' dir='ltr'>est</span> <span class='ocrx_word' id='word_1_158' title='bbox 528 1462 638 1499; x_wconf 86' lang='lat' dir='ltr'>mea,</span> <span class='ocrx_word' id='word_1_159' title='bbox 654 1461 735 1488; x_wconf 82' lang='lat' dir='ltr'>»ae</span> <span class='ocrx_word' id='word_1_160' title='bbox 759 1445 792 1487; x_wconf 89' lang='lat' dir='ltr'>si</span> <span class='ocrx_word' id='word_1_161' title='bbox 811 1444 989 1496; x_wconf 83' lang='lat' dir='ltr'>diceret,</span> <span class='ocrx_word' id='word_1_162' title='bbox 1012 1446 1105 1501; x_wconf 77' lang='lat' dir='ltr'>Ego</span> <span class='ocrx_word' id='word_1_163' title='bbox 1124 1459 1211 1486; x_wconf 90' lang='lat' dir='ltr'>non</span> <span class='ocrx_word' id='word_1_164' title='bbox 1232 1458 1327 1486; x_wconf 88' lang='lat' dir='ltr'>sum</span> <span class='ocrx_word' id='word_1_165' title='bbox 1349 1459 1371 1485; x_wconf 85' lang='lat' dir='ltr'>a</span> <span class='ocrx_word' id='word_1_166' title='bbox 1395 1458 1463 1485; x_wconf 89' lang='lat' dir='ltr'>me</span> <span class='ocrx_word' id='word_1_167' title='bbox 1479 1443 1587 1501; x_wconf 92' lang='lat' dir='ltr'>ipso.</span> <span class='ocrx_word' id='word_1_168' title='bbox 1605 1445 1770 1495; x_wconf 86' lang='lat' dir='ltr'>Quam·</span> <span class='ocrx_word' id='word_1_169' title='bbox 1808 1437 1809 1478; x_wconf 62' lang='lat' dir='ltr'>l</span> 
     </span>
    </p>
   </div>
   <div class='ocr_carea' id='block_1_6' title="bbox 384 1513 1771 1718">
    <p class='ocr_par' dir='ltr' id='par_1_6' title="bbox 384 1513 1771 1718">
     <span class='ocr_line' id='line_1_20' title="bbox 384 1513 1770 1572; baseline -0.004 -10"><span class='ocrx_word' id='word_1_170' title='bbox 384 1519 446 1562; x_wconf 89' lang='lat' dir='ltr'>vis</span> <span class='ocrx_word' id='word_1_171' title='bbox 465 1518 579 1561; x_wconf 90' lang='lat' dir='ltr'>enim</span> <span class='ocrx_word' id='word_1_172' title='bbox 598 1516 759 1560; x_wconf 90' lang='lat' dir='ltr'>Filium</span> <span class='ocrx_word' id='word_1_173' title='bbox 774 1515 890 1558; x_wconf 76' lang='lat' dir='ltr'>Patri</span> <span class='ocrx_word' id='word_1_174' title='bbox 913 1513 1104 1557; x_wconf 67' lang='lat' dir='ltr'>dit-amus</span> <span class='ocrx_word' id='word_1_175' title='bbox 1130 1524 1172 1557; x_wconf 89' lang='lat' dir='ltr'>et</span> <span class='ocrx_word' id='word_1_176' title='bbox 1194 1513 1419 1557; x_wconf 82' lang='lat' dir='ltr'>credamus</span> <span class='ocrx_word' id='word_1_177' title='bbox 1434 1513 1645 1572; x_wconf 79' lang='lat' dir='ltr'>aequalem</span> <span class='ocrx_word' id='word_1_178' title='bbox 1659 1549 1669 1567; x_wconf 90' lang='lat'>,</span> <span class='ocrx_word' id='word_1_179' title='bbox 1691 1529 1770 1556; x_wconf 86' lang='lat' dir='ltr'>nee</span> 
     </span>
     <span class='ocr_line' id='line_1_21' title="bbox 385 1584 1771 1644; baseline -0.005 -11"><span class='ocrx_word' id='word_1_180' title='bbox 385 1589 518 1633; x_wconf 87' lang='lat' dir='ltr'>ullam</span> <span class='ocrx_word' id='word_1_181' title='bbox 543 1590 588 1632; x_wconf 91' lang='lat' dir='ltr'>in</span> <span class='ocrx_word' id='word_1_182' title='bbox 613 1589 672 1631; x_wconf 91' lang='lat' dir='ltr'>eis</span> <span class='ocrx_word' id='word_1_183' title='bbox 694 1597 861 1630; x_wconf 83' lang='lat' dir='ltr'>naturae</span> <span class='ocrx_word' id='word_1_184' title='bbox 884 1585 1223 1644; x_wconf 74' lang='lat' dir='ltr'>substantiaeque</span> <span class='ocrx_word' id='word_1_185' title='bbox 1253 1584 1500 1628; x_wconf 82' lang='lat' dir='ltr'>distantiam</span> <span class='ocrx_word' id='word_1_186' title='bbox 1519 1618 1529 1638; x_wconf 91' lang='lat'>,</span> <span class='ocrx_word' id='word_1_187' title='bbox 1555 1599 1634 1627; x_wconf 89' lang='lat' dir='ltr'>nee</span> <span class='ocrx_word' id='word_1_188' title='bbox 1658 1585 1771 1627; x_wconf 88' lang='lat' dir='ltr'>inter</span> 
     </span>
     <span class='ocr_line' id='line_1_22' title="bbox 385 1653 1771 1718; baseline -0.005 -15"><span class='ocrx_word' id='word_1_189' title='bbox 385 1668 662 1718; x_wconf 75' lang='lat' dir='ltr'>generantem</span> <span class='ocrx_word' id='word_1_190' title='bbox 682 1667 810 1715; x_wconf 86' lang='lat' dir='ltr'>atque</span> <span class='ocrx_word' id='word_1_191' title='bbox 832 1665 1085 1713; x_wconf 79' lang='lat' dir='ltr'>generatum</span> <span class='ocrx_word' id='word_1_192' title='bbox 1104 1654 1282 1714; x_wconf 81' lang='lat' dir='ltr'>aliquod</span> <span class='ocrx_word' id='word_1_193' title='bbox 1297 1653 1542 1697; x_wconf 83' lang='lat' dir='ltr'>interfuisse</span> <span class='ocrx_word' id='word_1_194' title='bbox 1565 1653 1771 1712; x_wconf 85' lang='lat' dir='ltr'>temporis</span> 
     </span>
    </p>
   </div>
   <div class='ocr_carea' id='block_1_7' title="bbox 384 1716 1809 1775">
    <p class='ocr_par' dir='ltr' id='par_1_7' title="bbox 384 1716 1809 1775">
     <span class='ocr_line' id='line_1_23' title="bbox 384 1716 1809 1775; baseline -0.006 -2"><span class='ocrx_word' id='word_1_195' title='bbox 384 1728 659 1773; x_wconf 80' lang='lat' dir='ltr'>intervallum</span> <span class='ocrx_word' id='word_1_196' title='bbox 677 1748 684 1772; x_wconf 79' lang='lat'>2</span> <span class='ocrx_word' id='word_1_197' title='bbox 711 1738 856 1771; x_wconf 87' lang='lat' dir='ltr'>tamen</span> <span class='ocrx_word' id='word_1_198' title='bbox 878 1727 960 1769; x_wconf 87' lang='lat' dir='ltr'>hoe</span> <span class='ocrx_word' id='word_1_199' title='bbox 977 1734 1145 1769; x_wconf 83' lang='lat' dir='ltr'>servato</span> <span class='ocrx_word' id='word_1_200' title='bbox 1167 1734 1209 1766; x_wconf 88' lang='lat' dir='ltr'>et</span> <span class='ocrx_word' id='word_1_201' title='bbox 1226 1723 1443 1766; x_wconf 86' lang='lat' dir='ltr'>custodito</span> <span class='ocrx_word' id='word_1_202' title='bbox 1465 1723 1545 1766; x_wconf 87' lang='lat' dir='ltr'>ista</span> <span class='ocrx_word' id='word_1_203' title='bbox 1568 1722 1767 1775; x_wconf 82' lang='lat' dir='ltr'>dicimus,</span> <span class='ocrx_word' id='word_1_204' title='bbox 1805 1716 1809 1758; x_wconf 65' lang='grc' dir='ltr'>’ἕ</span> 
     </span>
    </p>
   </div>
   <div class='ocr_carea' id='block_1_8' title="bbox 385 1792 1772 2485">
    <p class='ocr_par' dir='ltr' id='par_1_8' title="bbox 385 1792 1772 2343">
     <span class='ocr_line' id='line_1_24' title="bbox 385 1792 1770 1860; baseline -0.006 -17"><span class='ocrx_word' id='word_1_205' title='bbox 385 1801 506 1860; x_wconf 85' lang='lat' dir='ltr'>quod</span> <span class='ocrx_word' id='word_1_206' title='bbox 536 1799 608 1842; x_wconf 88' lang='lat' dir='ltr'>ille</span> <span class='ocrx_word' id='word_1_207' title='bbox 631 1802 756 1841; x_wconf 78' lang='lat' dir='ltr'>Pater</span> <span class='ocrx_word' id='word_1_208' title='bbox 778 1806 839 1840; x_wconf 88' lang='lat' dir='ltr'>est</span> <span class='ocrx_word' id='word_1_209' title='bbox 858 1831 868 1849; x_wconf 92' lang='lat'>,</span> <span class='ocrx_word' id='word_1_210' title='bbox 893 1795 966 1838; x_wconf 89' lang='lat' dir='ltr'>ille</span> <span class='ocrx_word' id='word_1_211' title='bbox 991 1794 1141 1838; x_wconf 87' lang='lat' dir='ltr'>Filius.</span> <span class='ocrx_word' id='word_1_212' title='bbox 1175 1797 1300 1837; x_wconf 87' lang='lat' dir='ltr'>Pater</span> <span class='ocrx_word' id='word_1_213' title='bbox 1323 1803 1469 1836; x_wconf 83' lang='lat' dir='ltr'>autem</span> <span class='ocrx_word' id='word_1_214' title='bbox 1508 1808 1595 1836; x_wconf 91' lang='lat' dir='ltr'>non</span> <span class='ocrx_word' id='word_1_215' title='bbox 1618 1801 1710 1847; x_wconf 84' lang='lat' dir='ltr'>est,</span> <span class='ocrx_word' id='word_1_216' title='bbox 1736 1792 1770 1835; x_wconf 88' lang='lat' dir='ltr'>si</span> 
     </span>
     <span class='ocr_line' id='line_1_25' title="bbox 386 1863 1771 1919; baseline -0.007 -5"><span class='ocrx_word' id='word_1_217' title='bbox 386 1886 474 1915; x_wconf 88' lang='lat' dir='ltr'>non</span> <span class='ocrx_word' id='word_1_218' title='bbox 504 1869 663 1912; x_wconf 84' lang='lat' dir='ltr'>habeat</span> <span class='ocrx_word' id='word_1_219' title='bbox 687 1867 844 1910; x_wconf 86' lang='lat' dir='ltr'>Filium</span> <span class='ocrx_word' id='word_1_220' title='bbox 861 1900 871 1919; x_wconf 86' lang='lat'>,</span> <span class='ocrx_word' id='word_1_221' title='bbox 894 1874 937 1908; x_wconf 89' lang='lat' dir='ltr'>et</span> <span class='ocrx_word' id='word_1_222' title='bbox 959 1863 1093 1907; x_wconf 88' lang='lat' dir='ltr'>Filius</span> <span class='ocrx_word' id='word_1_223' title='bbox 1114 1879 1203 1906; x_wconf 91' lang='lat' dir='ltr'>non</span> <span class='ocrx_word' id='word_1_224' title='bbox 1221 1872 1304 1917; x_wconf 85' lang='lat' dir='ltr'>est,</span> <span class='ocrx_word' id='word_1_225' title='bbox 1334 1863 1365 1906; x_wconf 88' lang='lat' dir='ltr'>si</span> <span class='ocrx_word' id='word_1_226' title='bbox 1389 1878 1478 1906; x_wconf 93' lang='lat' dir='ltr'>non</span> <span class='ocrx_word' id='word_1_227' title='bbox 1505 1863 1665 1905; x_wconf 85' lang='lat' dir='ltr'>habeat</span> <span class='ocrx_word' id='word_1_228' title='bbox 1689 1865 1771 1905; x_wconf 83' lang='lat' dir='ltr'>Pa-</span> 
     </span>
     <span class='ocr_line' id='line_1_26' title="bbox 387 1932 1767 1987; baseline -0.009 -2"><span class='ocrx_word' id='word_1_229' title='bbox 387 1951 518 1984; x_wconf 79' lang='lat' dir='ltr'>trem:</span> <span class='ocrx_word' id='word_1_230' title='bbox 535 1939 609 1983; x_wconf 90' lang='lat' dir='ltr'>sed</span> <span class='ocrx_word' id='word_1_231' title='bbox 630 1948 774 1981; x_wconf 83' lang='lat' dir='ltr'>tamen</span> <span class='ocrx_word' id='word_1_232' title='bbox 795 1935 928 1979; x_wconf 89' lang='lat' dir='ltr'>Filius</span> <span class='ocrx_word' id='word_1_233' title='bbox 950 1937 1062 1978; x_wconf 91' lang='lat' dir='ltr'>Deus</span> <span class='ocrx_word' id='word_1_234' title='bbox 1080 1932 1134 1975; x_wconf 88' lang='lat' dir='ltr'>de</span> <span class='ocrx_word' id='word_1_235' title='bbox 1154 1936 1304 1987; x_wconf 69' lang='lat' dir='ltr'>Patre,</span> <span class='ocrx_word' id='word_1_236' title='bbox 1327 1936 1450 1976; x_wconf 87' lang='lat' dir='ltr'>Pater</span> <span class='ocrx_word' id='word_1_237' title='bbox 1468 1941 1611 1975; x_wconf 80' lang='lat' dir='ltr'>autem</span> <span class='ocrx_word' id='word_1_238' title='bbox 1636 1935 1767 1985; x_wconf 88' lang='lat' dir='ltr'>Deus,</span> 
     </span>
     <span class='ocr_line' id='line_1_27' title="bbox 387 1999 1772 2055; baseline -0.009 -1"><span class='ocrx_word' id='word_1_239' title='bbox 387 2011 461 2054; x_wconf 91' lang='lat' dir='ltr'>sed</span> <span class='ocrx_word' id='word_1_240' title='bbox 484 2025 571 2053; x_wconf 91' lang='lat' dir='ltr'>non</span> <span class='ocrx_word' id='word_1_241' title='bbox 596 2007 649 2051; x_wconf 90' lang='lat' dir='ltr'>de</span> <span class='ocrx_word' id='word_1_242' title='bbox 672 2006 796 2051; x_wconf 87' lang='lat' dir='ltr'>Filio.</span> <span class='ocrx_word' id='word_1_243' title='bbox 824 2009 949 2049; x_wconf 88' lang='lat' dir='ltr'>Pater</span> <span class='ocrx_word' id='word_1_244' title='bbox 968 2003 1087 2055; x_wconf 86' lang='lat' dir='ltr'>Filii,</span> <span class='ocrx_word' id='word_1_245' title='bbox 1114 2018 1203 2045; x_wconf 89' lang='lat' dir='ltr'>non</span> <span class='ocrx_word' id='word_1_246' title='bbox 1227 2006 1338 2045; x_wconf 90' lang='lat' dir='ltr'>Deus</span> <span class='ocrx_word' id='word_1_247' title='bbox 1356 2000 1409 2044; x_wconf 83' lang='lat' dir='ltr'>de</span> <span class='ocrx_word' id='word_1_248' title='bbox 1430 2000 1540 2043; x_wconf 88' lang='lat' dir='ltr'>Filio</span> <span class='ocrx_word' id='word_1_249' title='bbox 1565 2019 1572 2043; x_wconf 92' lang='lat'>:</span> <span class='ocrx_word' id='word_1_250' title='bbox 1598 1999 1669 2043; x_wconf 88' lang='lat' dir='ltr'>ille</span> <span class='ocrx_word' id='word_1_251' title='bbox 1692 2016 1772 2044; x_wconf 82' lang='lat' dir='ltr'>au-</span> 
     </span>
     <span class='ocr_line' id='line_1_28' title="bbox 388 2071 1772 2131; baseline -0.007 -6"><span class='ocrx_word' id='word_1_252' title='bbox 388 2092 475 2125; x_wconf 85' lang='lat' dir='ltr'>tem</span> <span class='ocrx_word' id='word_1_253' title='bbox 495 2080 629 2124; x_wconf 88' lang='lat' dir='ltr'>Filius</span> <span class='ocrx_word' id='word_1_254' title='bbox 655 2078 809 2131; x_wconf 80' lang='lat' dir='ltr'>Patris,</span> <span class='ocrx_word' id='word_1_255' title='bbox 837 2085 879 2119; x_wconf 87' lang='lat' dir='ltr'>et</span> <span class='ocrx_word' id='word_1_256' title='bbox 901 2079 1013 2118; x_wconf 82' lang='lat' dir='ltr'>Deus</span> <span class='ocrx_word' id='word_1_257' title='bbox 1031 2073 1085 2117; x_wconf 89' lang='lat' dir='ltr'>de</span> <span class='ocrx_word' id='word_1_258' title='bbox 1101 2077 1239 2116; x_wconf 86' lang='lat' dir='ltr'>Patre.</span> <span class='ocrx_word' id='word_1_259' title='bbox 1262 2071 1473 2116; x_wconf 88' lang='lat' dir='ltr'>Dominus</span> <span class='ocrx_word' id='word_1_260' title='bbox 1491 2072 1607 2115; x_wconf 90' lang='lat' dir='ltr'>enim</span> <span class='ocrx_word' id='word_1_261' title='bbox 1625 2072 1772 2115; x_wconf 84' lang='lat' dir='ltr'>Chris-</span> 
     </span>
     <span class='ocr_line' id='line_1_29' title="bbox 390 2141 1771 2202; baseline -0.009 -6"><span class='ocrx_word' id='word_1_262' title='bbox 390 2163 460 2196; x_wconf 89' lang='lat' dir='ltr'>tus</span> <span class='ocrx_word' id='word_1_263' title='bbox 489 2152 647 2195; x_wconf 87' lang='lat' dir='ltr'>dieitur</span> <span class='ocrx_word' id='word_1_264' title='bbox 665 2152 834 2193; x_wconf 88' lang='lat' dir='ltr'>Lumen</span> <span class='ocrx_word' id='word_1_265' title='bbox 861 2163 911 2190; x_wconf 87' lang='lat' dir='ltr'>ex</span> <span class='ocrx_word' id='word_1_266' title='bbox 935 2145 1132 2189; x_wconf 88' lang='lat' dir='ltr'>Lumine.</span> <span class='ocrx_word' id='word_1_267' title='bbox 1157 2148 1325 2187; x_wconf 88' lang='lat' dir='ltr'>Lumen</span> <span class='ocrx_word' id='word_1_268' title='bbox 1344 2158 1445 2200; x_wconf 81' lang='lat' dir='ltr'>ergo</span> <span class='ocrx_word' id='word_1_269' title='bbox 1471 2141 1590 2202; x_wconf 88' lang='lat' dir='ltr'>quod</span> <span class='ocrx_word' id='word_1_270' title='bbox 1610 2157 1698 2185; x_wconf 93' lang='lat' dir='ltr'>non</span> <span class='ocrx_word' id='word_1_271' title='bbox 1720 2157 1771 2185; x_wconf 85' lang='lat' dir='ltr'>ex</span> 
     </span>
     <span class='ocr_line' id='line_1_30' title="bbox 390 2211 1770 2275; baseline -0.008 -9"><span class='ocrx_word' id='word_1_272' title='bbox 390 2223 588 2274; x_wconf 85' lang='lat' dir='ltr'>Lumine,</span> <span class='ocrx_word' id='word_1_273' title='bbox 616 2229 658 2263; x_wconf 89' lang='lat' dir='ltr'>et</span> <span class='ocrx_word' id='word_1_274' title='bbox 676 2222 843 2262; x_wconf 85' lang='lat' dir='ltr'>Lumen</span> <span class='ocrx_word' id='word_1_275' title='bbox 864 2216 1029 2275; x_wconf 81' lang='lat' dir='ltr'>aequale</span> <span class='ocrx_word' id='word_1_276' title='bbox 1048 2214 1163 2274; x_wconf 84' lang='lat' dir='ltr'>quod</span> <span class='ocrx_word' id='word_1_277' title='bbox 1189 2232 1238 2257; x_wconf 68' lang='lat' dir='ltr'>cx</span> <span class='ocrx_word' id='word_1_278' title='bbox 1260 2213 1460 2267; x_wconf 85' lang='lat' dir='ltr'>Lumine,</span> <span class='ocrx_word' id='word_1_279' title='bbox 1484 2211 1613 2257; x_wconf 87' lang='lat' dir='ltr'>simul</span> <span class='ocrx_word' id='word_1_280' title='bbox 1632 2227 1770 2255; x_wconf 91' lang='lat' dir='ltr'>unum</span> 
     </span>
     <span class='ocr_line' id='line_1_31' title="bbox 391 2287 1025 2343; baseline -0.013 -7"><span class='ocrx_word' id='word_1_281' title='bbox 391 2296 580 2343; x_wconf 87' lang='lat' dir='ltr'>Lumen,</span> <span class='ocrx_word' id='word_1_282' title='bbox 607 2305 694 2333; x_wconf 87' lang='lat' dir='ltr'>non</span> <span class='ocrx_word' id='word_1_283' title='bbox 718 2288 805 2332; x_wconf 88' lang='lat' dir='ltr'>duo</span> <span class='ocrx_word' id='word_1_284' title='bbox 829 2287 1025 2330; x_wconf 85' lang='lat' dir='ltr'>Lumina.</span> 
     </span>
    </p>

    <p class='ocr_par' dir='ltr' id='par_1_9' title="bbox 392 2354 1771 2485">
     <span class='ocr_line' id='line_1_32' title="bbox 450 2354 1770 2413; baseline -0.008 -8"><span class='ocrx_word' id='word_1_285' title='bbox 450 2365 527 2405; x_wconf 80' lang='lat' dir='ltr'>vl.</span> <span class='ocrx_word' id='word_1_286' title='bbox 559 2362 600 2405; x_wconf 90' lang='lat' dir='ltr'>Si</span> <span class='ocrx_word' id='word_1_287' title='bbox 618 2358 929 2410; x_wconf 84' lang='lat' dir='ltr'>intelleximus,</span> <span class='ocrx_word' id='word_1_288' title='bbox 958 2360 1044 2400; x_wconf 83' lang='lat' dir='ltr'>Deo</span> <span class='ocrx_word' id='word_1_289' title='bbox 1068 2355 1222 2413; x_wconf 75' lang='lat' dir='ltr'>gratias</span> <span class='ocrx_word' id='word_1_290' title='bbox 1246 2373 1254 2397; x_wconf 80' lang='lat' dir='ltr'>z</span> <span class='ocrx_word' id='word_1_291' title='bbox 1281 2354 1311 2397; x_wconf 90' lang='lat' dir='ltr'>si</span> <span class='ocrx_word' id='word_1_292' title='bbox 1336 2354 1431 2413; x_wconf 87' lang='lat' dir='ltr'>quis</span> <span class='ocrx_word' id='word_1_293' title='bbox 1448 2362 1591 2396; x_wconf 87' lang='lat' dir='ltr'>autem</span> <span class='ocrx_word' id='word_1_294' title='bbox 1616 2366 1770 2411; x_wconf 88' lang='lat' dir='ltr'>parum</span> 
     </span>
     <span class='ocr_line' id='line_1_33' title="bbox 392 2422 1771 2485; baseline -0.009 -8"><span class='ocrx_word' id='word_1_295' title='bbox 392 2431 619 2484; x_wconf 78' lang='lat' dir='ltr'>intellexit,</span> <span class='ocrx_word' id='word_1_296' title='bbox 636 2428 738 2472; x_wconf 78' lang='lat' dir='ltr'>fecit</span> <span class='ocrx_word' id='word_1_297' title='bbox 752 2429 883 2472; x_wconf 85' lang='lat' dir='ltr'>homo</span> <span class='ocrx_word' id='word_1_298' title='bbox 902 2441 1129 2485; x_wconf 79' lang='lat' dir='ltr'>quousque</span> <span class='ocrx_word' id='word_1_299' title='bbox 1148 2425 1303 2484; x_wconf 79' lang='lat' dir='ltr'>potuit,</span> <span class='ocrx_word' id='word_1_300' title='bbox 1321 2433 1474 2468; x_wconf 83' lang='lat' dir='ltr'>caetera</span> <span class='ocrx_word' id='word_1_301' title='bbox 1494 2422 1638 2467; x_wconf 81' lang='lat' dir='ltr'>videat</span> <span class='ocrx_word' id='word_1_302' title='bbox 1653 2422 1771 2466; x_wconf 89' lang='lat' dir='ltr'>unde</span> 
     </span>
    </p>
   </div>
   <div class='ocr_carea' id='block_1_9' title="bbox 1804 0 1809 229">
    <p class='ocr_par' dir='ltr' id='par_1_10' title="bbox 1804 0 1809 308">
     <span class='ocr_line' id='line_1_34' title="bbox 1804 0 1809 229; baseline 0 -40"><span class='ocrx_word' id='word_1_303' title='bbox 1804 0 1809 229; x_wconf 65' lang='lat' dir='ltr'>l</span> 
     </span>
    </p>
   </div>
   <div class='ocr_carea' id='block_1_10' title="bbox 1802 733 1809 856">
    <p class='ocr_par' dir='ltr' id='par_1_11' title="bbox 1802 733 1809 856">
     <span class='ocr_line' id='line_1_35' title="bbox 1802 733 1809 856; baseline 0 0"><span class='ocrx_word' id='word_1_304' title='bbox 1802 733 1809 856; x_wconf 81' lang='lat' dir='ltr'>l</span> 
     </span>
    </p>
   </div>
   <div class='ocr_carea' id='block_1_11' title="bbox 1806 1759 1809 1804">
    <p class='ocr_par' dir='ltr' id='par_1_12' title="bbox 1806 1759 1809 1804">
     <span class='ocr_line' id='line_1_36' title="bbox 1806 1759 1809 1804; baseline 0 0"><span class='ocrx_word' id='word_1_305' title='bbox 1806 1759 1809 1804; x_wconf 76' lang='grc' dir='ltr'>ἰ</span> 
     </span>
    </p>
   </div>
   <div class='ocr_carea' id='block_1_12' title="bbox 1802 1921 1809 1982">
    <p class='ocr_par' dir='ltr' id='par_1_13' title="bbox 1802 1921 1809 1982">
     <span class='ocr_line' id='line_1_37' title="bbox 1802 1921 1809 1982; baseline 0 0"><span class='ocrx_word' id='word_1_306' title='bbox 1802 1921 1809 1982; x_wconf 65' lang='lat'>,1</span> 
     </span>
    </p>
   </div>
   <div class='ocr_carea' id='block_1_13' title="bbox 1805 921 1809 2126">
    <p class='ocr_par' dir='ltr' id='par_1_14' title="bbox 1805 921 1809 2126">
     <span class='ocr_line' id='line_1_38' title="bbox 1805 921 1809 2126; baseline 0 0"><span class='ocrx_word' id='word_1_307' title='bbox 1805 921 1809 2126; x_wconf 95' lang='lat' dir='ltr'> </span> 
     </span>
    </p>
   </div>
   <div class='ocr_carea' id='block_1_14' title="bbox 1803 2353 1809 2480">
    <p class='ocr_par' dir='ltr' id='par_1_15' title="bbox 1803 2353 1809 2480">
     <span class='ocr_line' id='line_1_39' title="bbox 1803 2353 1809 2480; baseline 0 -15"><span class='ocrx_word' id='word_1_308' title='bbox 1803 2353 1809 2480; x_wconf 70' lang='lat' dir='ltr'>l</span> 
     </span>
    </p>
   </div>
   <div class='ocr_carea' id='block_1_15' title="bbox 1805 2520 1809 2598">
    <p class='ocr_par' dir='ltr' id='par_1_16' title="bbox 1805 2520 1809 2598">
     <span class='ocr_line' id='line_1_40' title="bbox 1805 2520 1809 2579; baseline 0 0"><span class='ocrx_word' id='word_1_309' title='bbox 1805 2520 1809 2579; x_wconf 69' lang='grc' dir='ltr'>ἔ</span> 
     </span>
     <span class='ocr_line' id='line_1_41' title="bbox 1807 2587 1809 2598; baseline 0 0"><span class='ocrx_word' id='word_1_310' title='bbox 1807 2587 1809 2598; x_wconf 93' lang='grc'>.</span> 
     </span>
    </p>
   </div>
   <div class='ocr_carea' id='block_1_16' title="bbox 1805 2630 1809 2652">
    <p class='ocr_par' dir='ltr' id='par_1_17' title="bbox 1805 2630 1809 2652">
     <span class='ocr_line' id='line_1_42' title="bbox 1805 2630 1809 2652; baseline 0 0"><span class='ocrx_word' id='word_1_311' title='bbox 1805 2630 1809 2652; x_wconf 72' lang='lat'><em>2</em></span> 
     </span>
    </p>
   </div>
  </div>
 </body>
</html>
