1809 3173
350 164 432 203 440
782 174 812 202 S.
853 177 1076 204 AUGUSTUS}
1116 179 1290 203 tarisum-i

346 249 488 284 vestro
507 274 517 293 ‚
552 240 584 282 si
602 240 897 284 intellexistis?
914 243 994 286 Cui
1016 242 1120 286 dicit
1146 243 1337 286 psalmus
1365 263 1372 287 ;
1394 246 1453 286 Da
1476 244 1578 287 milii
1604 245 1728 287 intel-

348 329 367 351 »
402 309 563 354 lectum
587 318 636 353 ut
667 309 829 354 discam
859 311 1061 356 mandata
1091 321 1165 356 tua
1181 315 1210 355 1.
1235 331 1254 353 »
1276 313 1407 355 Verbi
1427 314 1559 371 gratia
1578 348 1587 365 ‚
1614 315 1728 372 epis-

342 396 477 440 copus
500 381 672 425 locutus
695 390 773 425 est.
800 383 916 434 Quid
938 382 1110 427 locutus
1133 393 1195 426 est
1210 419 1220 435 ,
1246 383 1399 443 aliquis
1422 385 1508 427 ait?
1532 387 1729 443 Respon-

343 451 417 496 des
448 450 555 511 quid
576 451 747 496 locutus
765 453 818 496 sit
839 489 848 507 ‚
883 462 926 496 et
956 452 1078 496 addis
1095 488 1105 504 ,
1131 456 1293 496 Verum
1320 454 1441 498 dixit.
1473 458 1593 498 Tunc
1620 455 1728 498 alius

343 523 419 583 qui
437 538 526 566 non
547 522 787 577 intellexit,
809 523 926 575 Quid
948 523 1076 573 dixit,
1101 524 1270 583 inquit,
1297 534 1371 568 aut
1400 526 1506 584 quid
1529 535 1590 568 est
1609 526 1729 584 quod

342 594 525 638 laudas?
542 595 684 638 Ambo
702 610 772 637 me
794 595 1048 650 audierunt⁷
1074 595 1287 640 ambobus
1310 611 1390 654 ego
1413 596 1501 639 dixi
1525 616 1533 640 2
1554 597 1628 640 sed
1653 597 1729 640 uni

341 666 534 725 ipsorum
553 668 663 708 Deus
694 664 815 708 dixit.
841 665 883 708 Si
909 681 1036 723 parva
1058 666 1223 722 magnis
1248 681 1499 725 comparare
1524 666 1728 710 concedi-

342 746 437 790 tur,
474 735 680 794 quoniam
723 750 801 777 nos
836 734 890 778 ad
923 751 1024 778 eum
1057 735 1163 795 quid
1196 738 1375 780 sumus?
1406 745 1554 780 tamen
1586 738 1728 781 nescio

341 805 448 866 quid
470 803 797 863 incorporaliter
813 815 855 848 et
873 805 1120 864 spiritaliter
1135 805 1240 850 facit
1253 807 1298 850 in
1316 807 1439 851 nobis
1462 810 1589 860 Deus,
1609 807 1730 866 quod

342 892 422 920 nec
444 891 573 923 sonus
603 884 666 919 est
693 875 768 934 qui
791 891 939 919 aurem
964 877 1201 935 percutiat,
1233 892 1313 921 nec
1341 877 1460 921 color
1485 878 1560 936 qui
1595 877 1729 921 oculis

342 946 631 997 discernatur,
658 961 738 989 nec
756 945 864 989 odor
887 956 950 990 est
962 947 1036 1006 qui
1060 947 1238 990 naribus
1261 948 1455 1006 capiatur
1471 982 1482 1000 ‚
1500 962 1578 990 nec
1603 962 1729 1005 sapor

339 1019 415 1078 qui
446 1016 645 1061 faucibus
672 1017 919 1076 judicetur,
956 1033 1035 1060 ncc
1058 1018 1218 1061 durum
1252 1027 1295 1061 et
1327 1017 1458 1062 molle
1490 1018 1609 1077 quod
1634 1027 1730 1061 tan-

341 1088 484 1148 gendo
504 1089 714 1132 sentiatur
733 1108 741 1132 ε
762 1098 909 1132 tamen
931 1089 1097 1149 aliquid
1114 1098 1177 1133 est
1199 1091 1318 1148 quod
1336 1090 1494 1132 sentire
1508 1088 1634 1132 facile
1648 1098 1725 1143 est,

340 1160 553 1217 explicare
585 1159 849 1219 impossibile
871 1169 947 1202 est.
973 1161 1015 1205 Si
1039 1176 1141 1218 ergo
1168 1164 1300 1214 fleus,
1329 1169 1376 1203 ut
1409 1159 1550 1203 dicere
1579 1175 1727 1218 coepe-

342 1247 433 1275 ram
454 1267 464 1286 ,
495 1230 693 1289 loquitur
724 1231 771 1273 in
807 1229 1012 1274 cordibus
1042 1232 1197 1274 nostris
1229 1230 1320 1274 sine
1347 1246 1478 1284 sono,
1505 1229 1728 1289 quomodo

341 1301 538 1361 loquitur
555 1300 665 1344 Filio
691 1316 769 1344 suo
787 1303 803 1341 ‘3
829 1301 894 1344 Sic
913 1316 1031 1357 ergo7
1050 1299 1202 1344 fratres
1217 1335 1227 1352 ,
1255 1302 1314 1344 sic
1346 1300 1532 1358 cogitate
1547 1335 1558 1353 ,
1583 1315 1727 1359 quan-

276 1427 283 1433 ,
342 1382 436 1416 tum
460 1371 637 1430 potestis
654 1406 664 1421 ,
694 1380 743 1414 ut
774 1371 885 1423 dixi,
911 1372 945 1414 si
965 1371 1065 1414 licet
1086 1387 1216 1430 parva
1239 1371 1402 1428 magnis
1429 1372 1560 1414 modo
1582 1370 1728 1430 aliquo

342 1457 592 1500 comparare
615 1461 624 1485 2
645 1442 703 1484 sic
729 1442 927 1498 cogitate.
958 1442 1292 1500 Incorporaliter
1316 1445 1441 1485 Pater
1471 1441 1644 1485 locutus
1666 1450 1730 1484 est

342 1513 476 1567 Filio,
502 1514 604 1571 quia
635 1511 961 1571 incorporaliter
985 1516 1110 1556 Pater
1134 1513 1284 1571 genuit
1306 1512 1481 1556 Filium.
1508 1515 1594 1556 Nec
1627 1526 1729 1554 cum

341 1584 400 1627 sic
422 1582 574 1627 docuit
591 1583 711 1642 quasi
730 1582 958 1626 indoctum
982 1584 1179 1640 genuerit
1198 1603 1206 1627 2
1227 1583 1302 1626 sed
1320 1583 1403 1626 hoc
1432 1591 1495 1626 est
1516 1597 1616 1624 cum
1643 1572 1727 1625 do-

339 1654 477 1698 cuisse
492 1688 502 1707 ‚
528 1651 649 1712 quod
669 1661 731 1695 est
753 1652 959 1696 scientem
983 1653 1208 1710 genuisse3
1231 1661 1275 1696 et
1296 1653 1378 1697 hoc
1407 1661 1470 1696 est
1487 1687 1498 1707 ,
1528 1671 1546 1693 ι(
1570 1651 1729 1695 Docuit

341 1744 361 1765 »
398 1739 467 1767 me
491 1727 638 1778 Pater,
678 1741 697 1763 »
730 1722 851 1783 quod
879 1732 963 1777 est,
992 1724 1199 1768 scientem
1229 1740 1297 1768 me
1328 1727 1478 1783 genuit
1511 1727 1653 1767 Pater.
1683 1722 1727 1768 Si

338 1795 476 1849 enim,
502 1793 622 1853 quod
639 1795 765 1852 pauci
787 1794 1063 1852 intelligunt,
1091 1794 1272 1854 simplex
1298 1804 1361 1839 est
1382 1804 1537 1838 natura
1568 1793 1728 1838 verita-

337 1866 417 1922 tis3
438 1865 521 1908 hoc
543 1873 607 1908 est
636 1864 746 1908 Filio
774 1880 862 1907 esse
891 1865 1012 1924 quod
1036 1881 1174 1909 nosse.
1196 1866 1265 1909 Ab
1292 1865 1367 1909 illo
1398 1881 1500 1923 ergo
1528 1865 1659 1908 habet
1678 1873 1727 1909 ut

337 1937 528 1990 noverit,
554 1952 576 1979 a
600 1951 687 1995 quo
707 1936 838 1978 habet
861 1945 910 1978 ut
928 1936 981 1978 sit
1007 1956 1015 1979 ;
1041 1952 1128 1979 non
1154 1945 1202 1979 ut
1219 1937 1336 1993 prius
1355 1937 1408 1979 ab
1428 1936 1504 1979 illo
1522 1944 1630 1978 esset
1645 1970 1656 1989 ‚
1682 1943 1727 1979 et

337 2009 392 2053 ab
430 2007 504 2052 illo
527 2017 676 2066 postea
705 2016 869 2059 nosset,
909 2007 984 2050 sed
1016 2005 1388 2065 quemadmodum
1418 2005 1481 2049 illi
1507 2006 1724 2063 gignendo

337 2079 457 2123 dedit
486 2088 534 2122 ut
554 2087 688 2131 esset,
726 2079 784 2121 sic
808 2077 1024 2136 gignendo
1047 2078 1169 2121 dedit
1199 2087 1247 2121 ut
1283 2087 1455 2121 nosset:
1494 2077 1594 2137 quia
1623 2077 1725 2120 sim-

335 2149 464 2210 plici,
493 2159 540 2193 ut
573 2149 742 2192 dictum
766 2158 848 2202 est,
878 2158 1043 2191 naturfe
1078 2149 1267 2191 veritatis
1309 2163 1397 2191 esse
1419 2157 1462 2191 et
1491 2163 1615 2191 nosse
1635 2163 1724 2191 non

336 2230 398 2264 cst
421 2220 537 2263 aliud
562 2232 692 2280 atqvie
715 2219 834 2263 aliud
849 2255 859 2271 ,
881 2220 956 2262 sed
983 2221 1062 2263 hoc
1085 2221 1245 2277 ipsum.

396 2293 471 2333 Vl.
498 2290 614 2332 Dixit
638 2306 738 2347 ergo
762 2290 839 2332 ista
864 2289 1025 2332 Jssidzeis
1045 2326 1054 2338 ,
1074 2300 1114 2332 4¹1⁴,
1133 2289 1299 2333 addidit
1316 2325 1325 2335 ,
1349 2309 1367 2331 «
1387 2292 1443 2333 Et
1459 2291 1534 2349 qui
1557 2306 1625 2333 me
1643 2291 1725 2334 mi-

342 2380 360 2399 »
397 2361 448 2403 sit
477 2376 646 2403 raecum
671 2362 778 2402 cst2‚
811 2379 828 2398 n
856 2362 951 2401 ,lam
989 2361 1067 2402 hoc
1104 2371 1144 2403 vt
1178 2370 1277 2403 ante
1309 2360 1497 2415 dixerat,
1531 2361 1604 2403 sed
1632 2376 1723 2404 rem

340 2445 537 2487 magnam
561 2430 730 2473 assidue
751 2439 1086 2473 commemorat:
1107 2449 1125 2471 «
1147 2430 1260 2473 misit
1280 2445 1368 2484 me,
1398 2448 1417 2470 »
1445 2439 1488 2474 et
1511 2450 1528 2471 «
1551 2445 1722 2474 mecum

389 2523 395 2537 ¹
420 2515 500 2548 Psal.
526 2526 632 2556 cxviii,
653 2516 704 2556 73.
728 2531 768 2536 —
785 2517 988 2555 ²Joan.v1n‚
1014 2523 1069 2556 29.
