1809 3173
352 174 434 213 466
776 189 807 212 s.
845 185 1072 212 Aucus'nm
1108 187 1286 212 EPISCOPI

340 266 409 294 mo
433 265 522 293 non
544 250 597 294 sit
619 250 701 305 sibi
728 249 892 294 malus:
925 249 999 294 sed
1024 250 1150 309 plane
1181 252 1386 304 Creator,
1424 252 1602 295 Creator
1631 261 1721 308 est3

341 329 538 364 creatura
558 355 567 375 ‚
593 330 789 364 ereatura
814 330 876 364 est
897 341 907 378 3
927 320 1089 380 aequari
1111 329 1306 363 ereatura
1328 335 1415 362 non
1436 329 1574 377 potest
1596 323 1726 364 Crea-

338 390 436 435 tori.
465 391 698 435 Discernite
721 407 823 435 eum
847 391 921 451 qui
942 390 1068 445 fecit,
1103 390 1156 433 ab
1185 406 1235 433 eo
1258 389 1377 450 quod
1399 388 1515 433 feeit.
1543 392 1725 450 AEquari

333 477 423 506 non
447 471 588 520 potest
615 459 740 505 fabro
769 476 993 505 scamnum
1011 495 1020 513 ‚
1067 460 1232 519 aequari
1249 475 1336 503 non
1360 468 1501 519 potest
1519 461 1723 505 columna

335 531 538 577 structori
564 551 572 577 :
599 541 641 576 et
668 541 813 576 tamen
835 530 959 574 faber
980 530 1013 574 si
1036 545 1260 574 scamnum
1291 528 1418 584 fecit,
1445 530 1615 590 lignum
1634 531 1723 591 ipse

335 619 426 648 non
448 603 622 647 creavit.
642 602 850 646 Dominus
865 609 1012 644 autem
1031 603 1143 644 Deus
1166 609 1311 644 noster
1331 601 1431 659 quia
1449 604 1724 660 omnipotens

333 683 423 729 est,
452 683 494 718 et
523 673 667 717 Verbo
689 670 792 716 iecit
822 670 942 731 quod
964 670 1068 715 fecit
1089 690 1097 716 :
1125 671 1270 714 omnia
1293 687 1391 731 quae
1409 670 1512 715 fecit
1534 688 1624 716 non
1644 673 1724 716 ha-

332 743 427 788 buit
444 742 561 787 unde
587 742 778 797 faceret,
803 750 847 785 et
870 750 1016 785 tamen
1039 740 1156 785 fecit.
1193 744 1325 784 Facta
1352 750 1453 785 sunt
1475 743 1592 785 enim
1619 743 1722 803 quia

330 814 489 870 voluit,
517 812 629 858 facta
651 822 756 857 sunt
780 813 882 872 quia
901 810 1009 856 dixit
1037 831 1045 856 :
1071 811 1147 855 sed
1172 810 1285 856 facta
1309 811 1462 856 factori
1480 813 1721 871 comparari

332 902 421 930 non
444 894 638 945 possunt.
665 885 832 938 Quaeris
859 884 980 944 quod
999 899 1220 942 compares
1235 918 1246 937 ,
1269 882 1431 926 Filium
1453 883 1628 927 unicum
1651 899 1721 943 ag-

331 971 474 1001 nosce.
504 955 627 1000 Unde
647 970 747 1013 ergo
765 952 907 998 Judaei
923 953 999 998 filii
1022 952 1219 997 diaboli?
1242 953 1459 997 Imitando
1476 989 1486 1008 ‚
1512 969 1602 997 non
1626 970 1723 998 nas-

333 1026 487 1071 cendo.
503 1025 665 1071 Audite
685 1025 918 1084 Scripturae
932 1034 1091 1068 sanctae
1104 1023 1466 1068 consuetudinem
1482 1044 1490 1068 2
1510 1025 1725 1083 Propheta

334 1097 439 1142 dicit
462 1096 515 1142 ad
540 1098 653 1156 ipsos
679 1099 703 1140 J
709 1095 855 1141 udaeos
883 1115 891 1140 :
923 1114 942 1137 «
971 1099 1095 1139 Pater
1117 1106 1217 1139 tuus
1241 1096 1516 1139 Amorrhceus
1533 1130 1543 1150 ,
1569 1104 1612 1138 et
1634 1110 1727 1139 ma-

337 1188 357 1212 »
392 1179 458 1214 ter
475 1179 548 1213 tua
569 1169 751 1213 Cethaea
766 1170 796 1211 1.
817 1187 835 1208 »
864 1167 1106 1212 Amorrhaei
1126 1182 1228 1225 gens
1251 1177 1341 1211 erat
1365 1168 1582 1227 quaedam,
1609 1165 1726 1209 unde

335 1240 549 1299 originem
581 1238 724 1283 Judaei
761 1254 851 1283 non
883 1238 1105 1282 ducebant
1132 1257 1140 1282 :
1166 1238 1331 1282 Cethaei
1359 1248 1402 1281 et
1436 1238 1515 1296 ipsi
1553 1246 1726 1294 gentem

333 1325 456 1354 suam
484 1308 733 1362 habebant,
769 1308 948 1351 omnino
984 1306 1168 1350 alienam
1201 1324 1224 1350 a
1263 1322 1418 1366 genere
1451 1306 1720 1350 Judaeorum.

281 1412 288 1417 -
335 1379 420 1425 Sed
443 1379 545 1439 quia
568 1388 691 1422 erant
713 1378 833 1437 impii
857 1379 1099 1422 Amorrhaei
1129 1388 1172 1422 et
1201 1379 1364 1423 Cethaei
1384 1413 1394 1432 ‚
1416 1377 1558 1422 Judaei
1579 1387 1726 1421 autem

331 1450 487 1495 imitati
510 1459 612 1493 sunt
634 1449 878 1508 impietates
896 1448 1070 1492 illorum
1097 1468 1105 1492 :
1132 1449 1392 1492 invenerunt
1412 1449 1490 1492 sibi
1510 1458 1722 1507 parentes,

335 1536 425 1565 non
449 1519 503 1563 de
529 1520 689 1579 quibus
711 1528 1017 1572 nascerentur,
1045 1517 1120 1561 sed
1140 1530 1327 1577 quorum
1352 1535 1487 1562 mores
1521 1517 1726 1562 sectando

336 1591 496 1651 pariter
517 1588 846 1632 damnarentur.
876 1588 1076 1641 Quaeritis
1098 1597 1245 1631 autent
1266 1588 1448 1632 sortasse
1466 1623 1476 1642 ‚
1504 1588 1619 1632 unde
1638 1588 1727 1647 ipse

336 1659 569 1705 diabolus?
593 1658 699 1703 Inde
723 1659 873 1718 utique
898 1659 1014 1702 unde
1047 1668 1090 1702 et
1112 1659 1255 1702 caeteri
1277 1657 1453 1717 Angeli.
1479 1658 1561 1703 Sed
1584 1657 1729 1702 caeteri

337 1729 493 1790 Angeli
510 1730 554 1772 in
576 1745 652 1772 sua
671 1728 920 1772 obedientia
936 1729 1218 1786 perstiterunt
1247 1747 1255 1772 :
1277 1728 1349 1771 ille
1372 1728 1662 1772 inobediendo
1685 1737 1725 1773 e*
1764 1729 1771 1742 ³

342 1799 634 1861 superbiendo
655 1799 800 1858 lapsus
828 1807 892 1841 est
913 1796 1091 1856 angelus
1107 1832 1117 1852 ,
1143 1808 1186 1841 et
1207 1796 1346 1840 factus
1370 1807 1432 1841 est
1455 1798 1668 1842 diabolus.

401 1873 480 1916 XI.
505 1869 588 1915 Sed
610 1870 740 1913 modo
762 1867 909 1911 audite
933 1867 1040 1927 quid
1061 1867 1177 1911 dicat
1200 1868 1410 1911 Dominus
1431 1887 1440 1912 2
1471 1888 1490 1910 «
1524 1870 1608 1912 Vos
1625 1903 1635 1922 ,
1658 1869 1719 1911 in-

350 1963 369 1986 »
404 1943 524 2004 quit,
547 1958 571 1986 a
605 1950 724 2000 patre
756 1939 930 1983 diabolo
959 1940 1085 1992 estis,
1125 1947 1167 1982 et
1191 1939 1400 1982 desideria
1434 1940 1562 1998 patris
1598 1940 1726 1983 vestri

350 2033 369 2056 »
404 2013 534 2059 vultis
552 2010 736 2056 [acere‘2.
765 2029 783 2050 υ
807 2013 918 2053 Ecce
936 2008 1052 2052 unde
1071 2007 1145 2051 filii
1169 2009 1258 2067 ejus
1278 2027 1287 2053 2
1309 2010 1411 2068 quia
1437 2009 1537 2053 talia
1563 2008 1726 2053 deside·

350 2086 466 2140 ratis,
485 2100 573 2128 non
596 2082 697 2143 quia
714 2081 768 2125 de
785 2080 859 2125 iilo
878 2080 967 2124 nati
984 2079 1096 2123 estis.
1110 2082 1216 2132 Quae
1240 2089 1340 2123 sunt
1356 2079 1471 2123 illius
1493 2079 1731 2125 desideria?

356 2177 377 2200 (ι
410 2157 488 2202 Ille
511 2154 729 2200 homicida
750 2162 841 2197 erat
862 2152 915 2196 ab
933 2152 1072 2196 initio.
1101 2170 1119 2193 »
1148 2154 1259 2195 Eece
1282 2151 1402 2211 quod
1424 2161 1508 2207 est,
1535 2172 1553 2193 «
1570 2151 1733 2196 deside-

357 2248 377 2270 »
414 2230 473 2271 ria
500 2226 630 2286 patris
660 2223 787 2268 vestri
816 2221 954 2266 ,iacere
986 2221 1115 2265 vultis
1140 2241 1149 2266 ι
1177 2222 1383 2275 Quaeretis
1406 2237 1474 2265 me
1506 2222 1702 2266 occidere
1719 2256 1731 2278 ‚

360 2317 380 2341 »
414 2298 635 2342 hominem
653 2295 728 2355 qui
748 2293 970 2338 veritatem
992 2293 1115 2336 vohis
1133 2291 1245 2336 dico.
1275 2311 1294 2333 »
1317 2296 1371 2336 Et
1393 2291 1464 2336 ille
1481 2292 1634 2337 invidit
1657 2294 1736 2337 ho-

359 2370 493 2424 mini,
526 2377 568 2411 et
590 2365 747 2411 occidit
772 2365 1008 2408 hominem.
1034 2363 1239 2407 Diabolus
1261 2363 1374 2406 enim
1397 2379 1497 2407 cum
1525 2363 1738 2408 invideret

357 2439 540 2493 homini,
564 2444 807 2496 serpentem
829 2433 1008 2478 indutus
1028 2433 1199 2478 locutus
1218 2442 1279 2478 est
1297 2433 1484 2488 mulieri,
1511 2442 1552 2477 et
1569 2433 1621 2477 de
1639 2450 1738 2477 mu-

408 2533 417 2549 ¹
441 2525 557 2558 Ezeeh.
577 2535 645 2564 xw,
663 2522 739 2554 3.-
756 2530 767 2543 ²
786 2524 876 2552 Joan.
903 2531 968 2561 vin,
984 2519 1038 2562 44.
