1825 3214
295 180 335 204 m·
371 176 549 204 JoANMS
584 175 893 211 manentium,
930 174 1076 203 'rimer
1117 177 1210 203 viii.
1396 166 1452 203 29

62 253 206 287 uterus
231 240 409 301 virginis
440 242 588 287 Mariae
612 240 826 285 thalamus
849 242 940 300 ejus
956 276 966 295 ,
997 241 1099 285 inde
1124 242 1328 300 processit
1353 250 1451 285 tan-

59 328 190 374 quam
210 327 391 372 sponsus
410 311 464 356 dc
491 311 682 356 thalamo
704 326 783 355 suo
799 345 810 365 ,
833 310 945 354 sicut
976 311 1195 370 Scriptura
1223 310 1419 371 przcdixit
1442 331 1449 356 :

65 405 84 427 α
121 387 176 429 Et
200 385 288 444 ipsc
318 393 524 444 tanquam
555 398 738 444 sponsus
772 381 1012 442 procedens
1043 380 1098 426 de
1129 382 1317 427 thalamo
1343 399 1450 438 suo,

63 475 83 498 n
118 455 327 501 exultavit
345 465 395 501 ut
417 457 532 515 gigas
571 454 626 500 ad
652 453 912 500 currendam
937 454 1048 498 viam
1070 455 1113 498 Ῥ
1139 472 1158 495 »
1182 454 1237 497 dc
1264 454 1454 499 thalamo

57 528 268 589 processit
289 528 410 572 velut
427 543 609 587 sponsus
629 563 640 583 ,
665 536 708 572 et
724 526 930 572 invitatus
952 525 1073 571 venit
1091 524 1146 570 ad
1165 526 1353 586 nuptias.

117 602 170 644 V.
213 599 332 645 Certi
369 599 623 644 sacramenti
658 598 814 657 gratia,
853 597 1028 642 videtur
1056 605 1240 641 matrem
1275 595 1331 641 de
1369 612 1456 656 qua

57 686 240 732 sponsus
266 671 502 730 processit,
528 685 617 715 non
641 684 874 729 agnoscere
892 704 902 724 ,
928 677 972 713 et
993 668 1138 713 dicere
1158 667 1221 711 illi
1247 687 1256 712 :
1287 686 1306 709 «
1338 666 1456 721 Quid

61 762 81 785 »
117 742 222 786 mihi
240 751 283 786 et
301 742 380 787 tibi
397 752 460 787 est
476 741 873 794 mulierPnondum
891 740 1010 785 venit
1028 740 1133 785 liora
1150 754 1260 783 mea.
1290 756 1311 780 »
1335 739 1453 792 Quid

58 823 122 858 est
140 814 248 859 hoc?
264 813 451 859 Ideo—ne
467 813 586 857 venit
604 811 659 856 ad
677 812 849 871 nuptias
861 847 872 866 ,
897 820 947 855 ut
968 810 1144 855 doceret
1167 819 1325 855 matres
1342 825 1452 855 con-

59 885 225 930 temni?
248 885 407 945 Utique
441 885 496 928 ad
524 885 647 944 cujus
676 883 848 944 nuptias
885 891 1092 938 venerat,
1124 880 1223 926 ideo
1259 881 1452 926 ducebat

59 970 259 1010 uxorem,
285 964 335 1000 ut
356 954 467 1000 filios
499 963 772 1015 procrearet,
798 963 841 998 et
862 954 916 997 ab
942 953 1001 998 eis
1034 968 1144 1013 quos
1174 961 1224 996 ut
1248 968 1453 1012 procrea-

58 1036 124 1072 ret
150 1026 358 1087 optabat,
383 1026 536 1086 utique
557 1026 763 1071 honorari
786 1025 988 1085 cupiebat
1013 1044 1022 1070 :
1051 1024 1124 1068 ille
1151 1039 1254 1083 ergo
1276 1033 1455 1068 venerat

59 1098 113 1144 ad
135 1099 308 1159 nuptias
326 1134 337 1151 ,
362 1108 412 1143 ut
446 1099 732 1144 exhonoraret
763 1106 945 1141 matrem
963 1132 973 1152 ,
1013 1112 1112 1141 cum
1142 1105 1320 1156 propter
1344 1095 1454 1140 filios

59 1169 309 1225 habendos,
341 1170 500 1230 quibus
535 1168 714 1214 reddere
747 1169 957 1214 honorem
990 1168 1241 1227 parentibus
1272 1167 1455 1227 imperat

59 1245 189 1296 Deus,
214 1241 318 1301 ipsae
341 1241 507 1300 nuptiae
529 1240 821 1295 celebrentur,
841 1249 883 1283 et
907 1238 1126 1283 ducantur
1143 1240 1331 1283 uxores?
1354 1242 1455 1282 Pro-

60 1311 130 1356 cul
151 1311 317 1367 dubio,
345 1309 498 1356 fratres
513 1346 523 1366 ,
544 1311 648 1355 latet
672 1311 731 1354 ibi
747 1310 929 1370 aliquid.
950 1312 1058 1355 Nam
1078 1319 1198 1354 tanta
1220 1324 1286 1354 res
1309 1318 1387 1363 est,
1407 1319 1455 1354 ut

59 1382 239 1443 quidam
258 1397 367 1443 quos
385 1382 600 1427 cavendos
629 1381 897 1441 praemonuit
917 1380 1172 1441 Apostolus,
1193 1381 1303 1425 sicut
1324 1396 1455 1440 supra

60 1453 514 1507 commemoravimus,
531 1452 679 1497 dicens
694 1472 702 1497 :
719 1452 900 1497 «Timeo
923 1468 978 1496 ne
999 1453 1110 1497 sicut
1127 1467 1302 1511 serpens
1318 1454 1454 1495 Evam

63 1543 83 1567 n
118 1525 290 1570 seduxit
314 1525 471 1569 astutia
494 1539 586 1579 sua,
604 1525 664 1569 sic
686 1533 729 1569 et
749 1533 903 1569 vestrae
925 1533 1091 1568 mentes
1114 1532 1454 1583 corrumpantur

64 1615 84 1639 »
121 1612 144 1641 a
172 1596 448 1656 simplicitate
472 1605 516 1641 et
537 1596 760 1652 castitate,
787 1612 886 1657 quae
913 1596 1033 1641 estin
1055 1596 1257 1650 Christo,
1278 1613 1298 1636 »
1325 1593 1455 1638 dero-

64 1676 212 1727 gantes
234 1667 473 1726 Evangelio
491 1676 535 1711 et
551 1666 760 1721 dicentes,
783 1665 904 1727 quod
925 1669 1048 1711 Jesus
1070 1682 1159 1711 non
1181 1666 1234 1711 sit
1251 1674 1378 1710 natus
1399 1664 1455 1710 de

63 1738 198 1783 Maria
221 1738 426 1796 Virgine,
450 1738 552 1782 hinc
575 1747 883 1797 argumentum
908 1752 1079 1782 sumere
1100 1746 1363 1783 conarentur
1385 1752 1455 1780 er-

65 1808 171 1853 roris
187 1808 268 1862 sui,
287 1817 337 1852 ut
352 1807 567 1853 dicerent:
589 1808 823 1861 Quomodo
845 1817 936 1853 erat
954 1817 1092 1853 mater
1114 1809 1205 1869 ejus
1227 1809 1296 1853 cui
1321 1807 1452 1853 dixit:

70 1898 89 1921 «
123 1879 240 1933 Quid
254 1879 360 1923 mihi
385 1888 428 1924 et
447 1879 527 1923 tibi
549 1888 612 1923 est
629 1878 816 1923 mulier?
832 1898 851 1921 »
873 1878 1248 1939 Respondendum
1265 1894 1368 1938 ergo
1392 1887 1456 1923 est

66 1950 148 2005 eis,
179 1958 223 1994 et
250 1949 547 1994 disserendum
575 1965 710 2010 quare
730 1950 814 1994 hoc
837 1948 994 1994 dixerit
1016 1951 1227 1995 Dominus
1254 1969 1263 1995 ε
1301 1965 1355 1994 ne
1377 1949 1457 1994 sibi

69 2019 235 2080 aliquid
245 2019 449 2065 adversus
466 2036 612 2064 sanam
630 2021 762 2065 fidem
781 2021 1042 2065 insanientes
1059 2021 1272 2066 invenisse
1283 2020 1460 2065 videan-

30 2125 45 2140 .
69 2100 167 2146 tur,
191 2090 310 2135 unde
339 2106 507 2150 sponsae
541 2091 717 2148 virginis
750 2091 922 2136 castitas
945 2101 1272 2152 corrumpatur,
1298 2090 1344 2135 id
1364 2100 1455 2146 est,

71 2160 190 2205 unde
221 2161 329 2206 fides
357 2162 561 2206 Ecclesiae
587 2161 789 2206 violetur.
813 2165 980 2207 Revera
1003 2163 1117 2206 enim
1133 2198 1143 2217 ,
1166 2161 1338 2218 fratres,
1360 2177 1458 2207 cor--

73 2232 230 2292 rumpit
243 2247 291 2276 ur
303 2232 410 2276 fides
433 2247 583 2277 eorum
602 2233 678 2292 qui
699 2242 959 2292 praeponunt
972 2232 1247 2278 mendacium
1268 2233 1456 2279 veritati.

74 2305 182 2347 Nam
207 2302 276 2346 isti
300 2303 376 2362 qui
395 2302 601 2347 videntur
623 2303 682 2347 sic
715 2303 929 2346 honorare
951 2302 1200 2359 Christum,
1228 2312 1278 2347 ut
1299 2312 1462 2363 negent

77 2388 174 2417 eum
195 2388 368 2416 carnem
391 2373 593 2417 habuisse
609 2408 619 2426 ,
653 2373 760 2416 nihil
784 2373 901 2417 aliud
924 2389 1023 2417 eum
1048 2389 1178 2434 quam
1206 2376 1462 2419 mendacem

77 2443 331 2503 praedicant.
359 2444 440 2497 Qui
457 2459 559 2502 ergo
581 2443 855 2488 mendacium
880 2444 1098 2489 aedificant
1115 2446 1159 2489 in
1180 2446 1431 2491 hominibus
1449 2479 1460 2500 ‚

130 2535 136 2551 ¹
164 2529 241 2561 Psat.
261 2539 352 2569 xviii,
368 2527 400 2570 4.
