1825 3214
269 190 308 214 in
345 187 518 214 sommis
553 185 855 222 ΕνΛικυΕιιυΜ,
892 187 1036 212 ἰἠΛε’1·.
1075 186 1214 212 xxxiv.
1348 175 1424 211 381

53 251 237 295 audiunt
257 270 267 296 ε
297 271 315 292 «
341 255 429 309 Ego
444 264 538 294 sum
557 249 705 292 lumen
724 250 874 292 mundi
899 270 906 293 :
928 251 1001 310 qui
1022 266 1088 293 me
1108 250 1324 309 sequitur,
1345 264 1433 293 non

56 340 75 363 »
111 322 353 366 ambulabit
383 324 427 364 in
452 320 675 364 tenebris?
701 339 720 360 »
751 320 852 380 quia
880 322 1082 364 Dominus
1105 320 1322 363 illuminat
1349 336 1434 363 cae-

51 408 137 437 eos.
168 393 468 436 llluminamur
486 407 586 449 ergo
608 390 754 445 modo,
777 391 949 445 fratres,
977 392 1183 434 habentes
1202 389 1433 448 collyrium

52 463 168 507 fidei.
196 463 415 507 Praecessit
451 462 566 506 enim
594 463 684 522 ejus
712 461 844 505 saliva
874 477 974 505 cum
1000 470 1136 515 terra,
1162 461 1279 504 unde
1303 461 1435 504 inun-

53 543 257 593 gueretur
279 534 356 593 qui
373 549 510 577 caecus
529 542 592 576 est
617 534 783 576 natus¹.
811 534 866 576 Et
889 547 967 576 nos
985 530 1039 575 de
1061 530 1199 575 Adam
1221 532 1322 575 caeci
1347 532 1436 575 nati

51 620 216 658 sumus,
236 614 279 648 et
301 603 375 648 illo
394 603 667 647 illuminante
690 618 798 662 opus
821 603 1048 647 habemus.
1068 602 1242 646 Miscuit
1258 601 1436 645 sativam

52 691 152 720 cum
184 685 293 719 terra
306 678 350 719 ²:
380 694 399 716 «
426 675 617 718 Verbum
647 690 746 718 caro
774 673 935 718 factum
969 682 1057 728 est,
1083 681 1126 716 et
1161 672 1372 716 habitavit
1393 671 1437 715 in

55 765 74 788 »
111 746 251 791 nobis.
285 764 304 787 »
335 746 509 790 Miscuit
537 744 712 789 salivam
744 760 844 789 cum
873 754 1010 802 terra3
1043 743 1140 788 ideo
1178 742 1437 803 praedictum

51 825 140 872 est,
170 836 190 859 «
216 817 383 861 Veritas
405 816 460 860 de
478 826 589 860 terra
609 826 702 860 orta
721 817 807 860 cst³
829 835 836 860 :
853 834 871 856 »
888 816 978 874 ipse
994 824 1140 858 autem
1159 813 1265 858 dixit
1282 832 1291 858 ε
1312 815 1437 871 «Ego

55 906 75 928 »
110 903 205 932 sum
233 888 320 941 via,
345 887 500 931 veritas
519 896 562 930 et
584 887 669 930 vita
689 887 720 930 ⁴.
751 905 769 927 »
801 886 988 930 Veritate
1010 884 1303 945 perfruemur,
1336 899 1438 928 cum

51 958 286 1003 viderimus
304 957 412 1002 facie
436 957 490 1002 ad
513 958 665 1002 faciem
684 978 691 1002 :
710 958 811 1018 quia
831 967 873 1001 ct
896 958 977 1001 hoc
1001 956 1270 1016 promittitur
1292 955 1433 999 nobis.

51 1033 158 1075 Nam
182 1031 279 1090 quis
298 1030 476 1074 auderet
493 1045 687 1089 sperare,
713 1029 835 1089 quod
861 1032 971 1072 Deus
995 1044 1082 1072 non
1107 1027 1311 1086 dignatus
1329 1035 1439 1070 esset

52 1101 120 1146 vel
141 1100 333 1160 polliceri
351 1100 419 1143 vel
437 1100 569 1145 dare?
597 1099 848 1144 Videbimus
872 1098 978 1143 facie
1001 1099 1055 1142 ad
1073 1098 1227 1142 facem.
1250 1101 1437 1157 Aposto-

51 1171 119 1216 lus
141 1171 246 1216 dicit
271 1191 279 1216 :
309 1190 329 1213 «
355 1174 480 1217 Nune
502 1171 588 1214 scio
609 1186 659 1214 ex
698 1181 818 1230 parte
836 1205 846 1225 ,
885 1185 1002 1214 nunc
1030 1170 1074 1212 in
1109 1169 1340 1227 aenigmate
1362 1183 1438 1227 pet·

55 1261 76 1284 »
112 1242 362 1303 speculum,
390 1252 494 1286 tunc.
517 1251 663 1286 autem
686 1240 795 1286 facie
818 1241 871 1285 ad
894 1240 1093 1285 l'aciem5.
1126 1259 1145 1281 n
1172 1243 1228 1284 Et
1249 1243 1439 1284 Joannes

53 1313 272 1374 apostolus
303 1315 347 1357 in
385 1313 564 1373 epistola
593 1329 668 1357 sua
697 1333 704 1357 :
743 1333 762 1355 «
791 1312 1061 1357 Dilectissimi
1079 1348 1090 1367 ‚
1116 1327 1233 1357 nunc
1264 1311 1341 1356 filii
1364 1311 1440 1355 Dei

56 1404 76 1427 »
114 1401 284 1440 sumus,
311 1394 354 1429 et
375 1384 573 1429 nondum
593 1384 792 1443 apparuit
817 1382 924 1443 quid
942 1383 1102 1427 erimus
1123 1402 1130 1427 :
1157 1383 1314 1427 scimus
1336 1382 1439 1442 quia

56 1476 75 1498 »
111 1472 211 1501 cum
231 1456 500 1515 apparuerit,
521 1454 679 1499 similes
699 1455 736 1498 ei
753 1455 911 1498 erimus
930 1474 940 1510 3
964 1453 1171 1513 quoniam
1195 1453 1439 1497 videbimus

56 1546 75 1568 »
112 1541 212 1571 eum
229 1526 355 1571 sicuti
379 1527 486 1570 estfi.
518 1544 536 1566 »
565 1527 668 1569 Haec
691 1534 754 1569 est
776 1540 930 1582 magna
963 1524 1187 1584 promissio
1209 1543 1217 1568 :
1243 1524 1276 1567 si
1300 1539 1435 1577 amas,

52 1613 248 1658 sequere.
287 1601 420 1652 Amo,
452 1597 596 1657 inquis
627 1615 634 1641 :
660 1595 735 1640 sed
756 1612 841 1656 qua
875 1597 1061 1655 sequor?
1085 1595 1127 1639 Si
1162 1594 1338 1638 dixisset
1360 1594 1439 1638 tibi

54 1670 262 1714 Dominus
280 1672 395 1713 Deus
418 1678 519 1712 tuus
534 1703 545 1722 ‚
571 1687 590 1710 «
612 1671 706 1727 Ego
723 1683 819 1711 sum
841 1667 997 1711 veritas
1014 1675 1057 1710 et
1078 1667 1165 1710 vita
1186 1685 1194 1710 ε
1221 1685 1240 1707 »
1266 1665 1438 1710 deside-

53 1756 150 1785 rans
183 1741 432 1793 veritatem,
465 1739 775 1798 concupiscens
808 1738 967 1792 vitam,
998 1737 1111 1781 viam
1144 1753 1231 1797 qua
1255 1736 1310 1781 ad
1345 1737 1439 1781 haec

53 1812 278 1871 pervenire
294 1826 437 1870 posses
457 1809 654 1870 profecto
671 1825 902 1869 quaereres,
920 1818 963 1853 et
985 1809 1148 1853 diceres
1164 1808 1260 1863 tibi,
1281 1811 1440 1867 Magna

53 1898 118 1927 res
136 1883 312 1938 veritas,
340 1897 495 1941 magna
513 1896 578 1926 res
595 1882 705 1936 vita,
726 1881 760 1925 si
777 1890 886 1925 esset
913 1880 1136 1941 quomodo
1157 1879 1261 1924 illuc
1284 1896 1440 1940 perve-

52 1954 166 1998 niret
188 1954 330 1998 anima
352 1968 463 1996 mea.
486 1952 648 2006 Quaeris
664 1954 781 2012 qua?
799 1952 903 1996 audi
928 1967 1029 1995 eum
1046 1951 1262 1995 dicentem
1279 1951 1436 2010 primo,

57 2043 77 2066 «
102 2027 194 2082 Ego
231 2039 324 2068 sum
348 2024 431 2068 via.
461 2042 481 2064 »
513 2026 762 2082 Antequam
791 2021 952 2066 diceret
974 2023 1054 2066 tibi
1086 2038 1198 2082 quo,
1234 2022 1441 2081 praemisit

53 2111 140 2155 qua
161 2115 169 2139 :
200 2112 221 2137 ι(
252 2097 344 2152 Ego
371 2109 466 2138 sum
482 2129 493 2149 ,
518 2095 682 2154 inquit,
704 2093 788 2138 via.
817 2112 836 2135 »
863 2098 957 2146 Quo
979 2094 1074 2137 via?
1102 2112 1119 2132 «
1149 2096 1204 2137 Et
1226 2095 1380 2137 veritas
1398 2102 1441 2137 et

57 2186 76 2208 n
111 2168 215 2211 vita.
245 2184 265 2207 »
288 2166 432 2210 Primo
454 2165 563 2209 dixit
579 2181 665 2225 qua
682 2165 848 2221 venias,
875 2174 1022 2224 postea
1041 2164 1148 2209 dixit
1171 2180 1260 2225 quo
1276 2164 1437 2209 venias.

55 2240 149 2296 Ego
171 2253 266 2282 sum
286 2237 371 2291 via,
391 2251 472 2295 ego
494 2251 587 2279 sum
603 2236 774 2290 veritas,
796 2251 877 2295 ego
894 2236 1000 2280 vita,
1024 2238 1204 2279 Manens
1227 2234 1344 2295 apud
1362 2238 1440 2279 Pa-

54 2316 186 2362 trem,
214 2307 370 2351 veritas
388 2317 432 2363 et
453 2307 540 2351 vita
560 2323 570 2350 .-
595 2305 778 2349 induens
802 2321 845 2349 se
867 2321 1038 2350 earnem
1058 2341 1068 2360 ‚
1102 2304 1240 2350 factus
1269 2315 1333 2350 est
1353 2307 1436 2350 via.

53 2381 152 2424 Non
174 2379 252 2423 tibi
275 2378 452 2433 dicitur,
476 2377 627 2422 labora
650 2376 888 2438 quaerendo
908 2378 1045 2433 viam,
1072 2386 1121 2422 ut
1144 2378 1366 2437 pervenias
1386 2375 1441 2420 ad

104 2481 112 2498 ¹
134 2477 226 2507 Joan.
249 2485 296 2515 xx,
315 2478 347 2507 6.
365 2491 406 2497 —
425 2481 438 2497 ²
461 2475 508 2507 ld.
525 2485 548 2515 1,
570 2473 619 2516 ¹4·
641 2490 683 2496 —
705 2471 717 2496 3
736 2473 818 2506 psal.
834 2484 964 2517 mxxxiv,
986 2483 1035 2508 12.
1054 2491 1095 2498 -
1112 2473 1128 2500 6
1146 2477 1238 2507 Joan.
1254 2485 1323 2515 xiv,
1340 2472 1372 2505 6.
1400 2489 1441 2496 -

55 2529 71 2554 ⁵
89 2543 102 2564 1
115 2533 187 2565 Cor.
211 2542 280 2573 xm,
299 2539 350 2564 12.
371 2547 412 2554 —
425 2528 442 2554 ⁶
464 2541 476 2563 1
497 2533 587 2563 Joan.
607 2541 655 2571 ui,
674 2539 705 2563 2.
