1825 3214
312 199 354 225 m
388 179 561 226 :mimis
594 198 900 237 szNGnLluu,
937 200 1081 227 mmm.
1124 204 1161 227 x>
1370 191 1423 226 (551

0 282 4 306 ι
45 262 233 305 numeris
255 262 443 320 ipsorum
469 271 657 322 quatuor
683 282 690 306 :
717 271 760 306 ct
791 263 850 306 sic
882 278 956 321 per
978 279 1126 308 omncs
1152 264 1312 307 litu—ms
1343 281 1425 308 nu—

0 336 5 378 ζ
45 348 183 377 meros
204 332 393 387 habent,
420 333 492 387 M,
524 335 645 394 quod
669 349 747 379 nos
779 334 985 389 dicimus,
1010 344 1053 378 et
1089 334 1149 377 illi
1179 335 1330 380 dicunt
1354 352 1425 393 my

46 421 92 459 μ,
116 402 401 464 quadraginta
432 404 644 461 significat
669 424 677 448 ;
704 403 858 447 dicunt
892 405 1005 448 enim
1031 419 1102 461 my
1130 423 1155 456 μ
1176 412 1423 456 ampla-cz.

43 477 138 520 Jam
177 474 319 518 videte
340 475 432 519 istae
454 475 610 520 litterae
646 490 777 535 quern
800 490 1031 519 numerum
1060 475 1275 533 habeant,
1308 486 1350 520 ct
1370 477 1428 520 ibi

43 546 270 590 invenictis
307 546 594 606 quadraginta
623 562 696 591 sex
731 546 853 590 annis
895 545 1159 591 aedificatum
1196 546 1426 606 templum.

46 615 186 661 Habet
214 617 330 660 enim
352 616 493 662 Adam
515 617 643 678 alpha
662 639 682 660 α
697 653 707 672 ,
734 616 855 677 quod
878 627 943 661 est
967 633 1105 661 unum
1132 637 1139 662 :
1165 619 1296 662 habet
1314 618 1432 662 delta

44 690 85 741 δ,
122 686 243 746 quod
277 696 378 731 sunt
413 698 630 748 quatuor,
670 688 804 732 habes
837 689 1068 749 quinque:
1107 689 1239 733 habet
1272 689 1431 733 iterum

44 755 172 816 alpha
187 776 223 811 α,
245 757 365 818 quod
382 768 444 802 est
463 774 624 815 unum,
645 759 778 803 habes
798 774 870 803 sex
895 776 905 803 :
932 760 1065 804 habet
1082 769 1126 804 et
1150 775 1223 818 my
1245 787 1292 821 μ,
1312 760 1432 820 quod

0 885 1 891 1
44 836 108 872 est
147 828 456 888 quadraginta3
494 831 627 874 habes
662 831 950 891 quadraginta
979 846 1068 875 sex.
1113 833 1243 887 Haec,
1280 832 1435 876 fratres

45 899 147 954 mci,
165 900 293 943 etiam
317 900 370 943 ab
387 901 675 945 anterioribus
694 902 927 961 majoribus
946 903 1099 947 nostris
1116 902 1230 946 dicta
1248 912 1366 956 sunt,
1391 912 1436 947 ct

45 969 247 1013 inventus
269 979 333 1014 est
351 969 430 1014 iste
452 986 658 1016 numerus
683 973 727 1015 in
748 971 902 1016 litteris
920 973 1287 1031 quadragenarius
1309 989 1435 1017 sena-

47 1041 148 1086 rius.
161 1043 217 1084 Et
239 1041 340 1101 quia
363 1042 570 1086 Dominus
586 1052 731 1087 noster
749 1045 872 1087 Jesus
892 1044 1089 1088 Christus
1112 1044 1166 1087 de
1184 1044 1323 1088 Adam
1339 1060 1436 1088 cor-

47 1126 127 1171 pus
163 1112 329 1172 accepit
344 1148 355 1167 ,
393 1128 481 1157 non
514 1112 569 1156 de
603 1114 741 1158 Adam
768 1123 995 1173 peccatum
1034 1115 1164 1158 traxit
1182 1136 1192 1171 3
1224 1115 1436 1173 templum

0 1239 1 1243 Ἰ
46 1199 302 1244 corporeum
322 1185 424 1229 inde
441 1186 640 1244 sumpsit,
665 1200 755 1230 non
779 1185 1055 1246 iniquitatem
1073 1202 1172 1246 quae
1193 1185 1247 1230 de
1267 1185 1436 1247 templo

47 1254 247 1314 pellenda
270 1265 352 1300 est:
379 1256 514 1315 ipsam
538 1265 684 1300 autem
707 1271 881 1300 carnem
905 1272 1036 1317 quam
1066 1257 1197 1301 traxit
1225 1256 1278 1301 de
1298 1257 1434 1301 Adam

0 1333 2 1382 ᾗ
47 1325 209 1384 (Maria
231 1326 346 1369 enim
370 1327 424 1370 de
446 1326 603 1381 Adam,
628 1336 671 1371 et
695 1327 865 1372 Domini
896 1342 994 1371 caro
1017 1326 1071 1371 de
1088 1328 1238 1381 Maria,
1260 1336 1271 1382 )
1293 1327 1437 1372 Judaei

0 1395 3 1410 '
47 1397 352 1442 crucifixerunt
370 1418 381 1454 3
400 1407 442 1441 et
465 1397 537 1441 ille
568 1398 898 1442 resuscitaturus
920 1407 1011 1442 erat
1033 1398 1166 1457 ipsam
1192 1413 1367 1442 carnem
1393 1398 1437 1443 in

50 1467 221 1525 triduo,
253 1483 384 1527 quam
408 1468 470 1512 illi
496 1468 541 1512 in
562 1483 691 1513 cruce
718 1478 841 1513 erant
875 1469 1056 1513 occisuri
1093 1488 1102 1513 ι
1127 1469 1190 1512 illi
1212 1469 1436 1514 solverunt

50 1537 263 1598 templum
280 1539 567 1599 quadraginta
589 1555 660 1584 sex
683 1540 806 1585 annis
827 1540 1118 1596 aedificatum,
1144 1550 1186 1585 et
1204 1541 1276 1584 ille
1295 1541 1339 1584 in
1366 1541 1437 1584 tri-

40 1609 138 1655 -duo
160 1610 427 1654 resuscitavit
448 1609 577 1654 illud.

105 1682 230 1725 XIII.
246 1679 546 1746 Benedicimus
563 1680 749 1725 Domino
767 1683 857 1725 Deo
874 1690 1038 1736 nostro,
1064 1682 1141 1742 qui
1164 1680 1219 1725 ad
1239 1682 1437 1726 laetitiam

47 1749 314 1811 spiritualem
346 1750 625 1809 congregavit
652 1765 744 1794 nos.
774 1751 914 1795 Simus
946 1751 992 1795 in
1020 1751 1434 1797 humilitate-cordis

47 1837 217 1881 semper
249 1830 292 1864 et
318 1819 527 1880 gaudium
565 1829 763 1865 nostrum
796 1836 927 1880 penes
959 1823 1101 1881 ipsum
1145 1823 1212 1867 sit.
1253 1826 1350 1868 Non
1379 1824 1434 1868 de

48 1887 331 1952 prosperitate
352 1890 496 1951 aliqua
515 1891 645 1951 hujus
666 1890 816 1936 saeculi
838 1892 1041 1936 inflemur
1055 1927 1066 1948 ,
1091 1892 1168 1937 sed
1185 1895 1433 1939 noverimus

48 1961 298 2007 felicitatem
311 1970 502 2006 nostram
520 1976 609 2006 non
622 1976 710 2006 esse
723 1961 804 2006 nisi
816 1977 917 2006 cum
930 1963 1008 2008 ista
1025 1964 1285 2009 transierint.
1300 1965 1433 2010 Modo

50 2033 256 2093 gaudium
279 2041 474 2076 nostrum
488 2066 503 2086 ,
527 2030 679 2076 fratres
700 2032 813 2087 mei,
838 2032 883 2076 in
899 2047 975 2092 spe
990 2033 1044 2078 sit
1064 2052 1072 2078 ;
1094 2050 1223 2079 nemo
1246 2036 1434 2094 gaudeat

48 2104 170 2164 quasi
187 2104 233 2146 in
250 2118 295 2146 re
312 2102 528 2161 praesenti,
546 2117 600 2145 ne
617 2102 780 2146 haereat
801 2102 846 2146 in
867 2103 949 2147 via.
973 2107 1130 2148 Totum
1154 2105 1362 2164 gaudium
1379 2106 1433 2151 de

49 2189 124 2234 spe
149 2172 296 2218 futura
326 2173 405 2228 sit,
431 2181 572 2217 totum
594 2172 857 2217 desiderium
879 2173 980 2218 vitae
998 2184 1171 2219 aeternae
1189 2177 1257 2220 sit.
1277 2178 1433 2222 Omnia

50 2244 229 2304 suspiria
246 2243 420 2289 Christo
441 2242 649 2287 anhelent
675 2262 684 2288 :
705 2242 778 2287 ille
799 2259 913 2288 unus
930 2244 1247 2304 pulcherrimus
1263 2283 1273 2303 ,
1292 2249 1368 2308 qui
1390 2259 1434 2293 et

51 2313 192 2361 foedos
227 2314 378 2360 dilexit
401 2324 449 2359 ut
471 2313 678 2374 pulchros
702 2313 878 2371 faceret,
904 2314 1198 2375 desideretur,
1232 2318 1287 2362 ad
1308 2318 1433 2364 illum

52 2402 189 2432 unum
221 2394 444 2438 curratur,
482 2384 543 2428 illi
576 2384 916 2444 ingemiscatur,
947 2405 967 2428 «
993 2396 1037 2430 et
1059 2386 1207 2432 dicant
1245 2405 1428 2449 semper,

56 2476 76 2500 »
109 2457 411 2517 Magnificetur
428 2455 652 2510 Dominus,
667 2456 743 2516 qui
766 2455 923 2501 volunt
944 2471 1096 2516 pacem
1119 2460 1228 2503 servi
1246 2461 1376 2519 ejus'.
1409 2480 1428 2501 »

101 2550 110 2567 ¹
132 2542 210 2576 PsaI.
226 2553 314 2582 xxiv,
334 2552 386 2583 27.

214 2605 352 2636 cxxii.
1222 2598 1246 2636 5
