1825 3214
283 227 323 252 ιΝ
357 222 529 253 somnis
562 223 869 261 armentium,
905 225 1049 252 'titileia
1090 229 1210 253 mni.
1344 219 1417 253 173¹

46 291 161 334 enim
190 291 312 335 istam
346 292 405 335 sic
433 290 652 349 intelligo,
681 300 727 334 ut
759 290 816 333 ibi
846 290 1084 348 intelligam
1118 295 1242 336 ctiam
1272 293 1426 339 indivi-

45 362 176 406 duam
199 355 476 407 charitatem:
498 371 539 405 et
562 363 594 405 si
614 362 880 406 individuam
901 363 1170 415 charitatem,
1194 365 1425 422 perlit-ctam

47 432 272 476 unitatem.
306 433 347 476 Si
371 432 483 475 enim
507 432 691 475 ebaritas
719 447 848 491 quain
874 433 987 475 misit
1010 433 1259 476 bominibus
1288 439 1396 479 Deus
1415 472 1425 487 ,

47 501 100 546 de
132 502 280 546 multis
301 503 526 547 bominum
555 502 758 546 cordibus
790 502 894 545 l‘acit
920 517 994 546 cor
1016 518 1152 546 unum
1174 539 1184 556 ,
1210 514 1252 547 et
1273 506 1429 549 multas

47 572 274 616 hominum
299 573 461 617 animas
486 572 588 616 l'acit
610 573 794 616 animam
819 587 948 616 unam
973 592 980 616 :
1006 573 1117 616 sicut
1140 574 1194 616 de
1214 574 1431 618 credenti-

47 642 128 686 bus
148 658 325 702 seseque
352 644 536 687 invicem
561 642 841 700 diligentibus
863 644 1070 702 scriptum
1096 652 1159 687 est
1182 645 1224 687 in
1252 645 1431 689 Actibus

48 713 356 772 Apostolorum
384 733 392 758 :
424 733 442 755 «
471 717 573 758 Erat
604 712 686 757 illis
714 714 854 757 anima
886 729 994 767 una,
1031 723 1074 757 et
1109 730 1184 758 cor
1214 731 1351 758 unum
1387 716 1431 759 in

51 802 71 825 »
109 787 275 828 Deum¹
304 804 312 828 ;
346 803 365 826 »
392 786 426 828 si
445 800 547 843 ergo
569 785 710 828 anima
733 799 828 828 mea
849 794 892 828 et
914 784 1057 829 anima
1078 794 1172 838 tua,
1198 802 1296 829 cum
1316 786 1431 830 idem

48 855 237 914 sapimus
265 870 430 915 nosque
454 854 699 912 diligimus,
726 855 774 898 fit
800 855 942 898 anima
969 871 1054 899 una
1074 876 1085 911 3
1106 868 1272 916 quanto
1298 858 1431 915 magis

50 929 176 971 Pater
219 929 331 970 Deus
373 935 416 970 et
452 925 587 970 Filius
631 930 744 969 Deus
785 927 830 970 in
871 926 993 971 fonte
1035 926 1276 973 dilectionis
1322 933 1434 974 Deus

49 1011 163 1041 unus
184 998 279 1040 est?

109 1070 161 1111 V.
188 1070 351 1111 Verum
386 1066 440 1111 ad
471 1068 564 1111 haec
596 1067 751 1121 verba,
775 1068 936 1127 quibus
974 1079 1243 1114 commotum
1277 1081 1340 1114 est
1362 1087 1436 1116 cor

50 1147 192 1192 tuum,
210 1136 403 1191 intende,
419 1146 461 1181 et
478 1137 620 1182 recole
636 1152 804 1181 mecum
818 1137 935 1196 quod
955 1137 1009 1181 de
1022 1140 1167 1183 Verbo
1182 1141 1434 1199 requireba-

49 1224 160 1253 mus.
187 1211 282 1252 Jam
304 1218 513 1263 tenemus,
536 1228 554 1249 κ
574 1212 686 1252 Deus
704 1208 1001 1252 eratVerbum
1020 1228 1028 1253 z
1044 1228 1062 1250 »
1082 1211 1274 1271 adjungo
1297 1212 1433 1268 aliud,

49 1280 151 1339 quia
169 1295 268 1323 cum
286 1279 458 1322 dixisset
478 1314 488 1333 ‚
513 1298 532 1321 «
560 1282 653 1323 Hoc
675 1288 766 1322 erat
787 1279 832 1322 in
851 1280 1063 1338 principio
1086 1280 1203 1340 apud
1223 1285 1358 1326 Deum
1376 1319 1386 1337 ‚
1413 1302 1432 1324 »

49 1351 259 1395 continuo
281 1349 465 1410 subjecit
491 1349 766 1408 Evangelista
783 1385 794 1404 ‚
821 1369 840 1392 «
866 1350 1023 1394 Omnia
1051 1367 1128 1410 per
1158 1353 1297 1412 ipsum
1324 1353 1437 1398 facta

51 1438 72 1462 »
107 1430 223 1465 sunt.
250 1439 269 1462 »
294 1423 420 1465 Nunc
446 1430 487 1465 te
514 1420 751 1481 quaerendo
774 1422 944 1480 exagito
965 1456 975 1476 ‚
1002 1438 1120 1467 nunc
1152 1433 1194 1467 te
1218 1434 1369 1470 contra
1394 1435 1435 1469 tc

48 1506 203 1536 moveo
219 1526 230 1543 ‚
264 1500 307 1535 et
325 1500 476 1535 contra
508 1500 550 1535 te
574 1490 804 1550 interpello
831 1510 839 1535 ι
867 1501 967 1535 tene
990 1501 1161 1536 tantum
1185 1497 1435 1539 memoriter

47 1563 126 1607 ista
149 1562 204 1606 de
231 1563 377 1606 Verbo
393 1597 404 1617 ‚
439 1581 458 1603 «
484 1563 594 1616 Quia
622 1565 736 1606 Deus
768 1571 859 1606 erat
881 1563 1074 1606 Verbum
1089 1599 1099 1618 ‚
1126 1573 1169 1607 et
1191 1566 1335 1609 omnia
1358 1582 1434 1625 per

51 1650 71 1673 »
105 1633 245 1692 ipsum
268 1631 379 1676 facta
413 1641 530 1676 sunt.
551 1650 570 1673 »
600 1631 716 1676 Audi
736 1633 826 1692 jam
856 1633 988 1676 verba
1007 1633 1168 1692 quibus
1192 1646 1435 1681 commotus

48 1718 91 1747 es
107 1737 118 1757 ,
141 1712 189 1746 ut
206 1702 416 1746 minorem
439 1701 602 1745 diceres
621 1701 780 1744 Filium
797 1736 808 1755 ‚
828 1717 984 1760 nempe
1007 1703 1109 1762 quia
1132 1703 1239 1747 dixit
1259 1724 1266 1748 :
1290 1725 1310 1748 «
1337 1709 1434 1750 Non

50 1791 69 1813 »
104 1781 247 1832 potest
274 1771 409 1815 Filius
437 1788 458 1815 a
481 1787 525 1815 se
554 1771 696 1815 facere
720 1771 963 1831 quidquam
981 1807 992 1826 ,
1019 1774 1099 1816 nisi
1130 1775 1249 1834 quod
1279 1776 1433 1821 viderit

49 1861 68 1884 »
106 1846 274 1886 Patrem
290 1841 536 1886 facientem.
562 1860 580 1882 »
604 1843 691 1895 Ita,
713 1841 872 1900 inquit.
896 1844 1073 1900 Expone
1091 1844 1174 1888 hoc
1200 1846 1304 1888 mihi
1322 1862 1432 1906 pau-

45 1911 185 1957 lulum
209 1932 217 1957 :
242 1913 300 1956 sic
325 1920 536 1972 quantum
559 1911 714 1970 opinor
738 1910 940 1968 intelligis
958 1946 968 1966 ‚
994 1913 1200 1972 quoniam
1227 1917 1431 1975 quaedam

46 1983 149 2028 facit
180 1987 332 2037 Pater,
370 1981 504 2025 Filius
527 1991 672 2025 autem
693 1980 879 2025 attendit
900 1982 1270 2041 quemadmodum
1300 1985 1429 2032 faciat

47 2056 193 2107 Pater,
218 2061 269 2096 ut
289 2052 422 2111 possit
445 2060 488 2095 et
510 2052 599 2109 ipsc
629 2065 677 2094 ea
700 2050 841 2094 lacere
867 2067 965 2110 quae
988 2053 1141 2097 viderit
1173 2058 1344 2100 Patrem
1363 2057 1427 2101 fa-

44 2125 245 2169 cientem.
268 2127 384 2167 Duos
401 2122 522 2182 quasi
548 2120 691 2165 fabros
712 2122 971 2166 constituisti
990 2142 998 2168 :
1019 2123 1077 2166 ita
1102 2127 1269 2169 Patrem
1294 2136 1336 2171 et
1359 2129 1426 2172 Fi·

43 2194 168 2249 lium,
184 2202 234 2238 ut
253 2194 381 2237 etiam
403 2192 657 2250 magistrum
679 2200 722 2235 et
744 2191 1023 2251 discipulum,
1046 2195 1268 2254 quomodo
1285 2198 1425 2243 solent

43 2275 184 2324 patres
201 2263 314 2308 fabri
331 2262 486 2307 docere
508 2261 616 2306 filios
635 2277 734 2305 suos
756 2271 891 2306 artem
913 2279 1049 2308 suam.
1077 2268 1189 2309 Ecce
1207 2267 1423 2314 descendo

43 2335 98 2380 ad
119 2333 336 2380 carnalem
358 2347 528 2376 sensum
551 2340 677 2375 tuum
698 2366 709 2385 ,
740 2331 798 2375 ita
821 2332 994 2376 interim
1018 2335 1159 2392 cogito
1182 2346 1229 2380 ut
1258 2346 1302 2381 tu
1329 2358 1337 2382 :
1364 2340 1423 2383 vi-

42 2406 219 2450 deamus
235 2405 268 2448 si
285 2403 486 2460 cogitatio
504 2402 598 2445 haec
622 2410 767 2445 nostra
788 2402 980 2446 inveniat
1002 2404 1162 2448 exitum
1181 2409 1421 2452 secundum

22 2503 24 2507 >
42 2475 115 2520 illa
132 2475 329 2536 quaejam
342 2472 396 2517 de
411 2472 556 2516 Verbo
571 2471 732 2530 pariter
753 2470 889 2516 locuti
906 2487 1053 2517 sumus
1069 2476 1313 2536 pau-iterque
1327 2495 1420 2522 sen-

89 2567 98 2584 ¹
119 2562 192 2594 Act.
210 2570 254 2600 iv,
269 2560 322 2591 32.

201 2623 337 2654 cxxn.
1183 2613 1230 2651 12
