1809 3173
349 186 434 226 474
779 201 812 228 s.
849 198 1079 229 Anaus'nm
1111 202 1291 231 131’1scor1

347 263 522 307 cutione
555 263 661 308 solvi
689 273 844 324 potest.
889 266 1104 325 Scriptum
1134 268 1266 312 habes
1294 286 1303 313 :
1333 286 1353 311 «
1378 271 1490 312 Deus
1508 271 1724 316 neminem

352 352 371 376 »
408 337 574 378 tentat¹
603 354 611 379 :
635 354 654 377 »
677 345 719 380 et
739 336 896 380 iterum
917 338 1125 396 scriptum
1140 339 1271 383 habes
1299 358 1308 383 :
1333 359 1352 381 «
1379 342 1534 384 Tentat
1555 357 1630 385 vos
1648 346 1727 386 Do-

350 423 370 447 »
407 406 548 450 minus
571 410 684 451 Deus
712 417 873 462 vester,
901 418 949 452 ut
972 409 1075 452 sciat
1097 409 1129 451 si
1152 408 1325 466 diligitis
1340 425 1440 453 eum
1457 412 1488 454 ².
1520 430 1539 451 »
1564 414 1727 471 Nempe

346 478 530 535 quaestio
563 487 653 532 est,
679 478 845 523 videtis.
871 478 1101 531 Quomodo
1122 478 1236 522 enim
1261 483 1374 524 Deus
1392 482 1609 526 neminem
1632 493 1729 526 ten-

348 557 425 603 tat,
451 558 494 592 et
511 549 733 608 quomodo
756 558 894 593 tentat
916 565 990 593 vos
1013 551 1222 594 Dominus
1246 554 1357 594 Deus
1379 562 1533 607 vester,
1559 562 1608 596 ut
1625 554 1729 598 sciat

349 620 382 663 si
402 619 576 678 diligitis
598 636 696 664 eum
712 622 729 661 ’Β
753 624 860 663 Item
885 621 1092 680 scriptum
1115 630 1177 664 est
1204 641 1212 666 2
1257 641 1276 663 «
1303 624 1448 666 Timor
1484 639 1573 667 non
1601 634 1663 668 est
1684 625 1730 668 in

351 708 372 732 >›
407 691 631 744 charitate,
652 689 929 749 sedperfecta
945 691 1130 735 charitas
1148 690 1259 735 foras
1280 693 1413 736 mittit
1436 694 1633 737 timorem
1647 696 1686 739 3:
1706 713 1726 736 »

348 771 391 805 et
419 761 502 805 alio
527 762 622 805 loco
645 761 852 820 scriptum
885 771 947 805 est
970 781 977 806 :
1004 781 1023 804 «
1046 763 1191 806 Timor
1214 763 1385 807 Domini
1407 774 1547 808 castus
1566 781 1731 824 perma—

352 851 371 874 »
408 847 513 876 nens
535 833 580 876 in
602 832 810 876 saeculum
839 833 1024 877 saeculi-4.
1056 852 1075 874 »
1109 836 1164 877 Et
1192 834 1281 892 ipsa
1304 835 1485 894 queestio
1507 845 1584 879 cst.
1612 839 1731 889 Quo-

349 904 482 948 modo
497 904 610 948 enim
634 903 822 963 perfecta
839 904 1021 948 charitas
1040 903 1152 949 foras
1169 906 1301 949 mittit
1320 907 1536 961 timorem,
1555 908 1589 951 si
1604 909 1732 952 timor

350 974 521 1019 Domini
539 984 680 1018 castus
702 984 927 1033 permanet
945 975 987 1018 in
1007 974 1214 1018 saeculum
1233 976 1379 1020 saeculi
1394 978 1412 1016 ⁴?

411 1046 485 1087 VI.
512 1044 800 1103 Intelligimus
823 1061 925 1103 ergo
941 1046 1048 1089 duas
1071 1061 1160 1089 esse
1185 1046 1458 1101 tentationes,
1484 1062 1617 1090 unam
1635 1063 1734 1106 quae

351 1114 537 1174 decipit,
572 1114 750 1159 alteram
773 1132 871 1176 quae
896 1116 1077 1175 probat:
1104 1116 1346 1160 secundum
1369 1132 1462 1161 eam
1493 1133 1592 1177 quae
1614 1117 1733 1161 deci-

351 1188 416 1247 pit
438 1224 448 1243 ,
475 1191 587 1232 Deus
610 1189 826 1231 neminem
853 1198 1021 1246 tentat3
1046 1190 1287 1233 secundum
1313 1205 1405 1234 eam
1429 1207 1527 1249 quae
1550 1191 1731 1248 probat,

352 1267 492 1303 tentat
513 1274 587 1302 vos
610 1259 820 1303 Dominus
849 1260 961 1303 Deus
981 1269 1139 1313 Vester,
1165 1270 1214 1304 ut
1236 1261 1340 1304 sciat
1362 1262 1395 1303 si
1418 1260 1593 1317 diligitis
1615 1276 1731 1304 eum.

356 1328 439 1373 Sed
460 1329 618 1371 iterum
644 1338 686 1372 et
708 1329 779 1372 hic
804 1329 883 1372 alia
915 1330 1104 1372 nascitur
1126 1331 1309 1389 quaestio
1326 1365 1336 1384 ,
1357 1330 1579 1390 quomodo
1600 1340 1737 1375 tentat

296 1397 302 1402 ’
353 1408 404 1443 ut
440 1398 545 1443 sciat
577 1414 708 1458 quem
732 1398 865 1442 latere
888 1400 992 1443 nihil
1019 1409 1158 1458 potest
1181 1410 1415 1460 antequam
1444 1410 1599 1445 tentet.
1639 1404 1736 1446 Non

354 1484 457 1528 ergo
480 1473 593 1515 Deus
617 1470 753 1514 nescit
778 1489 786 1515 ε
819 1469 893 1513 sed
915 1471 1082 1514 dictum
1119 1480 1211 1525 est,
1240 1480 1289 1515 ut
1305 1471 1409 1515 sciat
1425 1507 1435 1525 ,
1461 1471 1581 1531 quod
1604 1481 1666 1515 θεῖ
1687 1481 1737 1516 ut

355 1541 462 1584 scire
483 1556 558 1584 vos
580 1540 723 1584 faciat.
753 1540 1010 1584 Locutiones
1031 1540 1135 1583 tales
1159 1550 1202 1584 et
1223 1541 1265 1583 in
1290 1542 1560 1585 sermonibus
1583 1542 1736 1586 nostris

356 1621 484 1667 sunt,
520 1622 563 1655 et
596 1612 641 1655 in
672 1612 921 1656 auctoribus
944 1612 1206 1671 eloquentiae
1228 1613 1517 1671 reperiuntur.
1554 1617 1615 1657 De
1648 1629 1738 1657 ser-

355 1698 486 1726 mone
503 1691 651 1726 nostro
673 1681 838 1741 aliquid
860 1682 1016 1725 dicam.
1039 1686 1168 1726 Fossa
1186 1699 1299 1727 caeca
1321 1684 1504 1737 dicitur,
1529 1699 1616 1727 non
1636 1685 1738 1743 quia

354 1754 444 1812 ipsa
465 1753 612 1796 oculos
636 1752 846 1811 perdidit,
870 1752 945 1795 sed
967 1754 1068 1811 quia
1086 1753 1264 1796 latendo
1287 1769 1375 1796 non
1397 1753 1592 1797 videntes
1615 1754 1734 1798 facit.

356 1822 534 1881 Aliquid
567 1832 608 1865 et
645 1823 699 1865 de
722 1822 804 1865 iltis
843 1823 1093 1866 auctoribus
1123 1823 1279 1869 dicam.
1309 1824 1463 1867 Tristes
1485 1823 1657 1882 lupinos
1680 1825 1738 1868 ait

357 1894 534 1954 quidam
552 1928 562 1947 ‚
588 1894 670 1937 hoc
693 1903 755 1937 est
777 1909 942 1936 amaros
961 1896 974 1918 ⁵
1000 1913 1008 1938 ε
1040 1910 1128 1937 non
1146 1895 1245 1953 quia
1268 1895 1345 1952 ipsi
1368 1904 1469 1938 sunt
1491 1895 1646 1949 tristes,
1663 1894 1737 1938 sed

358 1966 459 2024 quia
483 1965 637 2022 gustati
661 1965 932 2018 contristant,
949 1965 1031 2008 hoc
1050 1974 1113 2007 est
1134 1965 1273 2008 tristes
1295 1964 1475 2008 faciunt.
1505 1967 1614 2009 Sunt
1636 1980 1736 2023 ergo

358 2035 459 2079 etin
483 2036 710 2094 Scripturis
731 2033 973 2078 locutiones
997 2033 1222 2094 ejusmodi.
1248 2034 1331 2086 Qui
1348 2035 1392 2077 in
1416 2034 1575 2078 talibus
1600 2051 1738 2094 quaes-

356 2106 548 2151 tionibus
570 2104 878 2163 cognoscendis
899 2104 1114 2159 laborant,
1134 2104 1179 2147 in
1194 2104 1409 2149 solvendis
1426 2104 1585 2149 talibus
1600 2121 1739 2164 quaes«

356 2177 548 2222 tionibus
581 2193 670 2220 non
705 2176 919 2220 laborant.
955 2178 1069 2233 Ergo
1104 2184 1241 2219 tentat
1274 2190 1347 2218 vos
1381 2175 1590 2219 Dominus
1620 2179 1734 2220 Deus

356 2257 497 2293 vester
518 2256 568 2290 ut
592 2247 697 2291 sciat
721 2266 730 2291 ι
755 2245 862 2306 quid
879 2255 943 2290 est
961 2280 972 2300 ,
998 2255 1048 2290 ut
1066 2246 1203 2289 sciat?
1224 2247 1280 2289 Ut
1301 2245 1406 2289 scire
1429 2261 1502 2290 vos
1522 2245 1675 2301 faciat,
1695 2247 1729 2290 si

358 2317 533 2375 diligitis
548 2331 664 2360 eum.
685 2319 709 2360 J
713 2316 770 2361 ob
783 2315 946 2360 latebat
963 2330 1007 2359 se
1018 2351 1028 2370 ,
1044 2315 1120 2360 sed
1133 2319 1268 2360 Deum
1281 2331 1369 2360 non
1380 2316 1544 2360 latebat
1562 2335 1570 2361 ;
1586 2315 1726 2360 admi-

358 2389 412 2433 sit
431 2396 695 2432 tentatorem
713 2421 724 2441 ,
745 2396 788 2431 et
810 2386 911 2430 fecit
931 2402 1031 2431 eum
1055 2387 1121 2430 sui
1138 2387 1420 2445 cognitorem.

405 2490 413 2506 ¹
435 2485 503 2515 Jac.
522 2494 546 2524 1,
568 2483 618 2514 13.
638 2498 677 2505 —
699 2488 712 2504 2
737 2484 830 2515 Deut.
851 2493 914 2523 xm,
935 2482 963 2514 3.
987 2480 1059 2505 ..3
1087 2494 1099 2513 1
1125 2484 1217 2514 Joan.
1238 2493 1288 2521 iv,
1310 2482 1361 2514 18.
1380 2480 1546 2515 —4Psat
1573 2492 1733 2523 xv111,10.

359 2538 429 2565 -5
450 2539 725 2582 Virg.1,Georgic.

1803 21 1806 128 ³

1805 205 1809 299 t
