1809 3173
352 181 438 222 442
792 193 824 220 s.
861 193 1089 223 Aueus‘rxm
1122 197 1303 224 muscom

408 261 527 303 VIII.
559 277 578 301 «
603 260 782 303 Dicebat
815 274 918 319 ergo
941 262 1150 306 Dominus
1180 261 1235 306 ad
1257 275 1328 305 eos
1357 261 1433 320 qui
1461 261 1737 307 crediderant

354 348 371 369 »
407 329 452 372 in
475 318 574 373 eiam
605 330 782 374 Judaeos
806 349 814 373 ε
842 330 884 375 Si
912 347 987 376 vos
1018 333 1259 376 manseritis
1300 333 1345 375 in
1372 331 1508 376 verbo
1536 347 1633 376 meo
1651 334 1682 376 ¹.
1712 350 1731 373 n

350 397 456 442 Ideo
482 418 501 440 «
539 401 807 454 manseritis,
831 419 849 441 »
880 402 982 460 quia
1014 401 1169 445 initiati
1204 403 1303 445 estis
1320 437 1331 456 ,
1356 402 1457 461 quia
1491 410 1534 445 et
1559 401 1620 444 ibi
1648 416 1736 446 esse

347 469 552 528 coepistis.
576 488 596 511 «
620 471 661 514 Si
684 471 948 523 manseritis,
971 489 990 511 »
1013 471 1096 514 hoc
1121 479 1184 514 est
1215 471 1261 514 in
1295 472 1381 514 fide
1413 487 1512 530 quae
1539 472 1585 514 in
1613 472 1736 516 vobis

348 554 437 582 esse
459 540 736 583 credentibus
754 541 889 599 coepit
915 559 923 584 :
951 556 1040 599 quo
1063 541 1352 599 pervenietis?
1375 540 1512 594 Quale
1533 541 1706 584 initium
1721 575 1733 596 ,

348 625 436 669 quo
462 609 676 669 perducit.
703 611 865 653 Amasti
889 609 1226 654 fundamentum
1242 645 1252 665 ,
1278 609 1453 654 culmen
1469 610 1668 665 attende,
1694 619 1737 656 et

345 696 395 724 ex
420 681 499 724 ista
522 681 768 724 humilitate
796 681 924 724 aliam
947 681 1252 725 celsitudinem
1274 696 1438 740 quaere.
1459 682 1587 725 Fides
1618 682 1735 725 enim

344 752 634 795 humilitatem
661 752 793 795 habet
818 771 826 796 :
852 753 1041 809 cognitio
1065 763 1107 796 et
1135 752 1437 796 immortalitas
1455 762 1499 796 et
1520 753 1736 796 aeternitas

344 839 434 866 non
472 823 603 866 habet
628 823 920 867 humilitatem
937 859 948 877 ,
982 823 1056 867 sed
1083 823 1384 868 celsitudinem
1405 844 1415 879 3
1440 824 1701 868 erectionem
1721 857 1733 879 ,

343 894 508 937 nullam
548 892 863 951 defectionem,
896 904 1104 938 aeternam
1142 895 1447 948 stabilitatem,
1479 894 1647 939 nullam
1680 895 1735 939 ab

343 963 518 1007 inimico
536 965 900 1022 expugnationem
916 985 925 1021 3
942 964 1112 1008 nullum
1128 964 1359 1008 deficiendi
1376 964 1588 1008 timorem.
1608 967 1735 1024 Mag-

343 1049 450 1078 num
473 1043 536 1077 est
557 1033 676 1093 quod
699 1035 850 1093 incipit
871 1034 1011 1088 afide,
1034 1035 1107 1078 sed
1121 1035 1430 1079 contemnitur.
1451 1036 1735 1078 Fundamen-

342 1113 436 1149 tum
461 1103 571 1147 solet
593 1106 722 1148 etiam
761 1106 804 1147 in
827 1104 1011 1148 aedificio
1035 1105 1088 1148 ab
1112 1105 1320 1164 imperitis
1342 1105 1578 1149 contemni.
1607 1109 1735 1149 Fossa

342 1176 391 1219 fit
415 1176 610 1233 grandis,
632 1174 797 1234 lapides
813 1191 993 1235 quoquo
1013 1176 1143 1220 modo
1161 1177 1315 1235 passim
1334 1176 1591 1230 mittuntur,
1613 1176 1734 1221 nulla

342 1247 403 1290 ibi
435 1247 663 1305 expolitio,
705 1247 825 1291 nulla
849 1247 1131 1306 pulchritudo
1168 1256 1345 1306 apparet
1371 1267 1380 1291 :
1408 1248 1631 1307 quomodo
1653 1263 1734 1292 nec

340 1317 387 1360 in
410 1318 573 1361 arboris
591 1317 734 1361 radice
752 1353 763 1371 ,
790 1334 876 1360 non
898 1327 1076 1376 apparet
1093 1318 1237 1377 aliqua
1255 1317 1538 1376 pulchritudo
1561 1336 1570 1362 :
1592 1327 1734 1362 totum

342 1396 488 1431 tamen
506 1388 723 1447 quidquid
739 1398 781 1432 te
804 1388 991 1432 delectat
1014 1389 1059 1431 in
1082 1389 1236 1432 arbore
1252 1423 1262 1443 ,
1289 1389 1343 1431 de
1367 1388 1508 1431 radice
1531 1389 1729 1433 surrexit.

344 1457 426 1502 Sed
450 1458 569 1501 vides
596 1460 780 1502 radicem
800 1493 810 1511 ,
847 1469 890 1502 et
922 1475 1012 1502 non
1041 1458 1289 1513 delectaris,
1315 1458 1436 1503 vides
1469 1459 1667 1502 arborem
1690 1468 1733 1504 et
1780 1502 1789 1513 Χ

342 1529 524 1572 miraris.
558 1529 718 1582 Stulte,
745 1529 865 1588 quod
889 1530 1055 1573 miraris
1077 1529 1178 1573 inde
1206 1530 1388 1573 surrexit
1417 1546 1506 1589 quo
1537 1545 1626 1573 non
1654 1529 1733 1573 de-

338 1598 523 1643 lectaris.
547 1594 705 1642 Parum
724 1600 889 1659 aliquid
908 1600 1080 1643 videtur
1102 1601 1208 1643 fides
1223 1600 1493 1644 credentium
1508 1635 1518 1654 ,
1545 1615 1635 1642 non
1656 1599 1732 1643 ha-

339 1670 415 1715 bes
442 1681 642 1714 stateram
671 1671 790 1715 unde
820 1671 1055 1730 appendas.
1083 1672 1197 1715 Audi
1228 1687 1330 1729 ergo
1352 1687 1439 1730 quo
1474 1671 1725 1729 perveniat,

340 1751 383 1785 et
404 1741 503 1785 vide
526 1752 686 1801 quanta
709 1744 761 1786 sit
787 1761 795 1786 :
820 1744 931 1786 sicut
949 1752 989 1786 et
1012 1743 1103 1801 ipse
1127 1743 1336 1786 Dominus
1359 1742 1443 1785 alio
1471 1742 1567 1786 loco
1590 1741 1696 1785 dicit
1716 1760 1726 1787 :

343 1831 363 1854 «
401 1813 443 1856 Si
468 1813 704 1856 habueritis
734 1813 863 1856 fidem
888 1814 997 1857 sicut
1020 1829 1201 1870 granum
1225 1813 1427 1872 sinapi52.
1457 1831 1476 1853 »
1503 1812 1619 1865 Quid
1643 1813 1728 1856 hu-

339 1881 504 1936 milius,
538 1883 644 1941 quid
666 1884 997 1927 vehementius?
1020 1883 1136 1936 Quid
1159 1884 1390 1936 minutius,
1416 1882 1524 1942 quid
1550 1881 1727 1926 ferven-

338 1954 457 1996 tius?
481 1956 593 2010 Ergo
617 1962 659 1996 et
686 1973 704 1994 «
725 1968 816 2007 vos,
841 1971 859 1992 »
879 1953 959 2007 ait,
979 1972 998 1994 «
1023 1954 1055 1995 si
1073 1954 1310 1995 manseritis
1326 1953 1371 1994 in
1388 1953 1522 1995 verbo
1545 1953 1683 2007 meo3,
1704 1971 1724 1994 »

337 2023 383 2066 in
417 2039 506 2082 quo
543 2023 810 2078 credidistis,
852 2039 940 2082 quo
980 2021 1311 2081 perducemini?
1338 2041 1357 2063 «
1384 2024 1494 2064 Vere
1525 2021 1727 2081 discipuli

342 2113 362 2136 »
397 2095 483 2138 mei
509 2095 640 2138 eritis.
670 2113 689 2136 »
727 2097 782 2138 Et
805 2093 911 2154 quid
936 2094 1062 2138 nobis
1091 2092 1300 2152 prodest?
1326 2111 1346 2135 ι(
1371 2095 1428 2136 Et
1458 2094 1726 2151 cognoscetis

341 2181 362 2205 ³>
395 2165 621 2208 veritatem
640 2165 671 2207 ⁴.
702 2182 722 2204 »

399 2238 475 2278 IX.
501 2236 617 2287 Quid
639 2235 852 2293 promittit
876 2233 1179 2287 credentibus,
1212 2232 1392 2276 fratres?
1413 2252 1432 2274 «
1458 2235 1513 2276 Et
1536 2247 1725 2291 cognos-

341 2323 361 2345 »
397 2306 499 2348 cetis
522 2305 762 2348 veritatem.
788 2322 807 2344 »
834 2302 945 2355 Quid
964 2304 1077 2346 enim
1094 2306 1110 2343 ⁵?
1132 2305 1227 2347 Non
1255 2302 1376 2345 illam
1399 2312 1693 2359 cognoverant
1709 2337 1720 2357 ‚

337 2375 514 2435 quando
539 2376 742 2418 Dominus
774 2374 1064 2433 loquebatur?
1091 2374 1133 2418 Si
1156 2389 1245 2417 non
1267 2382 1586 2431 cognoverant,
1613 2388 1725 2432 quo-

339 2445 471 2490 modo
504 2445 816 2489 crediderunt?
838 2447 933 2489 Non
952 2445 1053 2504 quia
1075 2452 1374 2502 cognoverunt
1413 2442 1693 2488 crediderunt
1708 2478 1720 2499 ,

391 2536 398 2552 ¹
420 2533 514 2562 Joan.
535 2541 602 2570 vm,
622 2530 674 2562 31.
698 2547 738 2552 —-
761 2536 774 2552 ²
793 2529 904 2561 Matth.
926 2540 1003 2570 xvu,
1030 2539 1083 2570 ¹9·
1099 2546 1141 2552 —
1156 2527 1168 2551 3
1186 2530 1277 2561 Joan.
1295 2539 1365 2570 vm,
1386 2528 1439 2561 31.
1460 2544 1496 2552 -
1520 2527 1628 2560 41bid.
1645 2528 1700 2561 32.
