1809 3173
351 194 435 233 45¹6
810 201 843 230 s.
879 201 1105 231 Auouswmi
1136 204 1316 232 EPISCom

350 270 422 314 1113
443 268 605 312 faciatis
626 270 655 311 ¹.
674 270 736 312 Ex
756 277 877 328 parte
898 268 1088 323 libertaS,
1109 283 1157 313 ex
1171 277 1293 327 parte
1309 268 1511 314 servitus:
1531 269 1728 313 nondum

350 350 465 395 tota,
498 339 693 383 nondum
721 355 828 398 pura
847 374 858 394 ,
885 338 1081 383 nondum
1113 339 1241 397 plena
1267 339 1467 395 libertas,
1493 340 1593 399 quia
1615 355 1729 384 non-

348 410 454 454 dum
477 410 706 453 aeternitas.
735 410 955 454 Habemus
982 409 1097 452 enim
1126 424 1176 452 ex
1193 418 1314 469 parte
1332 410 1627 454 infirmitatem
1644 445 1655 465 ,
1680 425 1730 453 ex

348 491 468 542 parte
490 481 732 540 accepimus
755 481 1015 524 libertatem.
1034 479 1255 539 Quidquid
1275 490 1504 540 peccatum
1527 490 1591 525 est
1613 498 1636 525 a
1654 497 1733 525 no-

348 553 435 607 his,
458 562 582 595 antea
605 551 796 595 deletum
819 551 944 594 estin
969 549 1199 608 baptismo.
1228 552 1453 610 Numquid
1472 552 1573 611 quia
1592 550 1733 595 deleta

347 632 410 667 est
437 632 525 667 tota
556 621 758 681 iniquitas
776 655 786 675 ‚
815 618 934 663 nulla
969 621 1175 663 remansit
1202 619 1457 665 infirmitas?
1488 622 1529 665 Si
1552 636 1641 665 non
1663 636 1733 664 re-

347 694 585 746 mansisset,
603 694 693 735 sine
717 699 895 750 peccato
910 690 980 734 1110
1000 691 1258 735 viveremus.
1281 692 1386 744 Quis
1407 701 1553 735 autem
1576 691 1734 736 audeat

349 766 432 809 11οο
450 764 592 807 dicere
610 762 690 806 nisi
711 761 924 821 superbus
938 796 949 815 ‚
981 761 1061 805 nisi
1083 761 1373 806 misericordia
1402 762 1644 807 liberatoris
1666 763 1735 806 in-

348 835 503 892 dignus
522 869 530 884 ,
552 833 631 876 nisi
648 832 723 892 qui
747 847 790 876 se
816 832 957 890 ipsum
980 830 1074 875 vult
1092 831 1292 890 decipere
1308 867 1319 887 ‚
1340 841 1383 876 et
1402 833 1446 875 in
1469 848 1557 892 quo
1579 833 1734 877 veritas

350 920 438 949 non
469 906 560 948 est?
585 906 701 961 Ergo
729 918 779 946 ex
803 917 853 946 eo
882 902 1003 961 quod
1032 902 1235 946 remansit
1259 901 1426 962 aliquid
1447 902 1734 957 infirmitatis,

352 975 492 1019 audeo
514 975 657 1019 dicere
671 1009 682 1029 ‚
716 989 765 1017 ex
789 988 875 1032 qua
896 981 1018 1032 parte
1037 972 1246 1016 servimus
1269 975 1359 1016 Deo
1377 1007 1388 1026 ,
1408 972 1534 1016 liberi
1558 988 1705 1017 sumus
1727 993 1735 1017 ε

351 1061 400 1089 ex
426 1060 510 1104 qua
543 1053 664 1103 parte
698 1043 906 1087 servimus
933 1042 1018 1100 legi
1040 1044 1205 1101 peccati
1223 1078 1233 1097 ,
1275 1043 1418 1087 adhuc
1440 1043 1550 1087 servi
1573 1058 1736 1087 sumus.

350 1116 475 1161 Unde
499 1115 606 1160 dicit
630 1115 864 1174 Apostolus
888 1113 1007 1173 quod
1028 1113 1170 1157 dicere
1193 1128 1461 1173 coeperamus
1489 1133 1497 1159 ε
1528 1133 1546 1155 ‹<
1573 1115 1740 1158 Conde-

353 1206 373 1229 »
409 1187 546 1231 lector
569 1186 652 1245 legi
670 1187 745 1229 Dei
767 1184 1008 1229 secundum
1031 1185 1281 1229 interiorem
1299 1186 1563 1230 hominem2.
1589 1203 1608 1225 »
1630 1188 1742 1229 Ecce

349 1257 469 1301 unde
493 1257 642 1307 liberi,
672 1255 788 1300 unde
812 1255 1164 1300 condelectamur
1185 1256 1269 1314 legi
1290 1257 1380 1299 Dei.
1410 1255 1603 1299 Libertas
1626 1255 1742 1298 enim

352 1328 557 1372 delectat.
576 1330 684 1371 Nam
708 1327 905 1387 quandiu
928 1327 1082 1370 timore
1105 1326 1208 1369 facis
1231 1325 1529 1385 quodjustum
1554 1335 1633 1379 051,
1654 1341 1743 1369 non

354 1402 468 1442 Deus
492 1406 533 1441 te
558 1396 760 1440 delectat.
783 1396 988 1449 Quandiu
1008 1395 1151 1439 adhuc
1173 1411 1319 1440 servus
1343 1393 1469 1451 facis,
1491 1405 1533 1439 te
1556 1410 1645 1439 non
1668 1396 1744 1438 de-

356 1468 487 1511 lectat
514 1486 522 1512 :
550 1466 738 1510 delectet
760 1475 802 1509 10
820 1501 831 1521 ,
859 1475 901 1509 01
928 1465 1038 1509 liber
1060 1480 1118 1509 es.
1146 1465 1244 1510 Noli
1271 1466 1422 1509 timere
1449 1481 1649 1525 poenam,
1670 1465 1744 1509 sed

358 1554 452 1583 ama
481 1537 709 1598 justitiam.
741 1535 947 1582 Nondum
969 1545 1089 1595 potes
1113 1551 1257 1580 amare
1283 1537 1525 1595 justitiam?
1550 1537 1653 1581 time
1675 1535 1744 1580 vel

359 1623 534 1669 poenam
550 1643 561 1663 ,
587 1617 637 1652 ut
659 1607 882 1667 pervenias
906 1605 961 1650 ad
983 1606 1211 1650 amandam
1224 1607 1450 1666 justitiam.

398 1681 475 1723 XI.
495 1681 608 1734 Ergo
622 1680 709 1737 jam
731 1677 803 1721 1110
823 1694 872 1721 ex
890 1686 1010 1735 parte
1032 1678 1252 1735 superiore
1274 1677 1462 1722 liberum
1484 1692 1528 1721 se
1550 1691 1638 1720 esse
1656 1691 1747 1720 sen-

361 1750 521 1803 tiebat,
542 1748 661 1791 unde
681 1746 855 1790 dicebat
876 1765 884 1790 z
915 1766 934 1787 «
961 1747 1252 1791 Condelector
1269 1748 1354 1804 legi
1377 1748 1453 1790 Dei
1475 1781 1486 1801 ,
1508 1746 1748 1790 secundum

364 1840 383 1862 »
421 1819 671 1863 interiorem
686 1817 922 1860 hominem.
942 1815 1135 1860 Delectat
1156 1831 1224 1860 me
1241 1816 1324 1870 lex,
1343 1816 1528 1860 delectat
1546 1832 1614 1860 me
1629 1817 1749 1876 quod

367 1909 386 1931 »
418 1890 545 1950 jubet
567 1888 633 1931 lex
651 1922 661 1941 ,
687 1886 874 1930 delectat
896 1902 964 1929 me
984 1887 1073 1945 ipsa
1090 1887 1270 1945 justitia.
1296 1886 1434 1930 Video
1455 1896 1599 1930 autem
1622 1886 1748 1930 aliam

367 1980 386 2003 »
423 1961 564 2018 legem
597 1959 641 2002 in
664 1957 868 2000 membris
892 1957 996 2001 meis
1018 1976 1026 2000 ε
1063 1958 1155 2000 haec
1185 1966 1247 2000 est
1282 1972 1381 2016 quae
1404 1958 1609 2001 remansit
1630 1958 1752 2001 infir-

370 2050 390 2072 »
426 2032 580 2074 mitas:
611 2036 924 2087 repugnantem
950 2026 1033 2084 legi
1056 2027 1212 2070 mentis
1241 2042 1372 2081 meae,
1399 2036 1441 2070 01
1458 2029 1751 2086 captivantem

373 2120 392 2141 »
428 2115 497 2145 me
519 2100 562 2142 in
584 2098 677 2156 lege
696 2098 879 2157 peccati,
902 2113 999 2156 quae
1022 2097 1147 2140 estin
1168 2097 1373 2139 membris
1396 2097 1500 2141 meis
1515 2098 1545 2140 3.
1562 2116 1580 2137 »
1595 2100 1656 2141 Ex
1671 2098 1752 2141 hac

371 2179 492 2230 parte
530 2169 660 2212 sentit
696 2167 1012 2226 captivitatem,
1049 2166 1125 2210 ubi
1162 2181 1249 2209 non
1271 2175 1335 2209 est
1356 2165 1531 2225 impleta
1548 2167 1714 2225 justitia
1739 2176 1749 2211 ὲ

374 2256 473 2284 nam
499 2239 573 2282 ubi
605 2238 929 2282 condelectatur
950 2237 1035 2295 legi
1060 2237 1161 2290 Dei,
1194 2252 1284 2280 non
1311 2238 1527 2296 captivus,
1552 2237 1627 2280 sed
1647 2236 1752 2296 legis

374 2311 536 2355 amicus
556 2318 617 2353 est
636 2330 647 2366 3
670 2318 712 2352 et
734 2308 831 2352 ideo
858 2307 992 2362 liber,
1017 2306 1137 2366 quod
1158 2307 1333 2350 amicus.
1366 2306 1481 2359 Quid
1508 2322 1610 2364 ergo
1632 2322 1682 2350 ex
1702 2322 1753 2351 eo

374 2380 494 2442 quod
511 2381 670 2424 restat?
688 2379 819 2433 Quid,
837 2378 915 2422 nisi
934 2378 1206 2437 respiciamus
1221 2375 1274 2420 ad
1292 2376 1415 2421 illum
1433 2377 1509 2438 qui
1532 2377 1659 2421 dixit.-
1675 2395 1694 2418 «
1711 2376 1753 2422 Si

377 2471 398 2494 »
433 2467 507 2497 vos
530 2450 662 2495 Filius
694 2450 970 2505 liberaverit,
1002 2459 1107 2494 tunc
1131 2464 1229 2493 vere
1252 2447 1376 2492 liberi
1403 2448 1550 2493 eritis?
1571 2467 1590 2490 »
1618 2449 1751 2493 Deni-

424 2544 433 2559 ¹
451 2536 553 2569 Galat.
573 2547 607 2578 v,
635 2546 685 2577 ¹7·
703 2551 746 2559 —
762 2541 774 2557 ²
798 2536 887 2568 Rom.
909 2545 967 2576 vu,
986 2542 1039 2567 22.
1060 2550 1101 2556 —
1121 2531 1135 2557 3
1154 2533 1236 2567 lbid.
1255 2533 1307 2566 23.
