1809 3173
356 175 438 215 344
768 184 800 212 s.
840 183 1067 212 AUGUSTINI
1101 186 1280 213 Enseom

350 253 555 314 quoniam
580 267 656 311 per
677 251 788 295 illud
810 252 1054 296 membrum
1081 262 1328 312 procreatur
1353 262 1547 298 creatura
1570 264 1735 299 morta·-
1797 260 1801 274 ‘

348 326 470 368 lium.
498 327 553 367 Et
575 338 652 382 per
674 339 812 367 unum
833 323 1055 367 hominem
1078 339 1193 367 mors
1209 359 1219 378 ‚
1253 324 1363 368 sicut
1387 339 1463 382 per
1495 341 1632 368 unum
1658 327 1735 371 ho-
1798 337 1800 384 ξ

348 395 511 439 minem
535 394 791 438 resurrectio
812 403 1086 438 mortuorum
1101 395 1113 419 ¹
1149 412 1156 437 :
1183 403 1226 437 et
1247 409 1322 453 per
1345 410 1483 438 unum
1514 396 1734 440 hominem
1798 395 1801 402 ’

347 474 573 526 peccatum
609 464 786 509 intravit
812 464 857 508 in
888 462 1130 517 mundum,
1163 472 1205 507 et
1223 479 1300 522 per
1327 474 1555 523 peccatum
1578 470 1731 510 mors'2.

347 536 452 581 Ideo
485 535 670 596 quisque
704 551 805 579 cum
840 533 1056 593 praeputio
1086 534 1293 589 nascitur⁷
1319 534 1420 594 quia
1445 537 1735 581 omnishomo
1800 526 1801 561 3

344 623 446 653 cum
486 607 591 651 vitio
629 605 875 666 propaginis
923 604 1114 648 nascitur
1146 623 1156 649 2
1193 613 1235 648 et
1273 620 1362 648 non
1400 606 1584 650 mundat
1623 610 1735 651 Deus

346 679 434 723 sive
456 695 478 722 a
498 678 602 722 vitio
623 692 722 720 cum
742 691 830 735 quo
848 675 1065 718 nascimur
1085 711 1095 730 ‚
1128 675 1216 719 sive
1243 691 1265 719 a
1283 676 1395 720 vitiis
1413 693 1512 737 quae
1532 678 1643 721 male
1667 678 1734 722 vi-

345 749 488 795 vendo
518 747 740 801 addimus,
768 746 849 790 nisi
872 761 947 805 per
968 745 1196 790 cultellum
1219 747 1438 805 petrinum
1454 783 1469 802 ,
1502 748 1734 792 Dominum

345 820 579 865 Christum.
610 837 630 859 «
656 820 783 861 Petra
806 816 923 859 enim
953 824 1043 860 erat
1075 816 1316 861 Christus³.
1345 835 1366 858 >›
1393 816 1591 862 Cultellis
1620 819 1735 862 enim

343 891 524 951 petrinis
549 888 923 933 circumcidebant
937 923 948 943 ‚
975 897 1017 931 et
1033 898 1168 947 petrae
1187 889 1363 932 nomine
1384 889 1606 933 Christum
1623 891 1736 948 figu-

344 963 501 1007 rabant
529 981 538 1007 :
559 970 602 1005 et
615 968 874 1020 praesentem
898 975 987 1003 non
1010 959 1323 1018 agnoscebant,
1349 961 1424 1003 sed
1441 961 1617 1019 insuper
1635 976 1735 1004 eum

345 1032 542 1079 occidere
576 1031 824 1091 cupiebant.
865 1033 1008 1084 Quare
1045 1039 1191 1075 autem
1215 1039 1368 1074 octavo
1391 1029 1490 1086 die,
1533 1031 1611 1074 nisi
1634 1032 1735 1090 quia

341 1115 440 1166 post
467 1104 700 1164 septimum
719 1102 887 1147 sabbati
912 1101 1122 1146 Dominus
1145 1101 1215 1146 die
1233 1102 1455 1146 dominico
1478 1104 1736 1147 resurrexit?

344 1181 461 1236 Ergo
484 1174 741 1220 resurrectio
765 1173 950 1228 Christi,
969 1189 1068 1233 quae
1086 1172 1199 1217 facta
1219 1182 1281 1217 est
1310 1173 1436 1217 tertio
1465 1173 1644 1232 quidem
1667 1174 1736 1217 die

344 1247 576 1308 passionis,
607 1246 683 1290 sed
708 1253 862 1289 octavo
885 1243 955 1287 die
977 1244 1022 1287 in
1040 1243 1195 1288 diebus
1216 1243 1499 1288 hebdomadis
1517 1280 1527 1298 ,
1549 1245 1638 1303 ipsa
1658 1260 1736 1289 nos

347 1318 636 1364 circumcidit.
664 1316 779 1361 Audi
801 1316 1075 1360 circumcisos
1102 1331 1200 1359 vera
1234 1325 1356 1375 petra
1377 1351 1388 1371 ‚
1417 1316 1624 1375 Apostolo
1658 1316 1736 1360 ad-

348 1398 576 1443 monente,
607 1407 623 1427 «
656 1388 697 1432 Si
720 1402 822 1445 ergo
852 1386 1139 1431 resurrexistis
1162 1401 1262 1430 cum
1285 1386 1458 1430 Christo
1475 1421 1485 1441 ,
1513 1403 1611 1446 quae
1640 1403 1737 1431 sur-

308 1460 312 1466 ’
350 1481 369 1503 η
407 1476 503 1505 sum
532 1469 634 1504 sunt
655 1460 837 1520 quaerite
855 1493 865 1513 ,
897 1458 971 1502 ubi
996 1458 1192 1502 Christus
1215 1466 1279 1501 est
1308 1457 1353 1501 in
1375 1458 1549 1502 dextera
1573 1459 1650 1502 Dei
1672 1475 1739 1503 se-

352 1551 372 1574 »
409 1531 537 1588 dens3
553 1546 653 1591 quae
669 1545 839 1574 sursum
856 1538 958 1573 sunt
975 1528 1125 1587 sapite,
1140 1544 1229 1573 non
1245 1544 1345 1588 quae
1360 1544 1488 1588 super
1502 1538 1658 1573 terram
1674 1532 1734 1574 4.»

349 1602 622 1648 Circumcisis
645 1602 840 1661 loquitur
866 1620 875 1646 :
901 1600 1152 1644 Resurrexit
1173 1600 1391 1655 Christus,
1418 1600 1597 1645 abstulit
1618 1601 1739 1646 vobis

351 1674 562 1718 desideria
590 1672 793 1727 carnalia,
820 1671 1000 1716 abstulit
1021 1671 1392 1729 concupiscentias
1415 1670 1569 1726 malas,
1595 1671 1741 1716 abstu-

352 1746 402 1789 lit
420 1745 691 1804 superssuurn
715 1759 814 1788 cum
834 1760 922 1803 quo
954 1744 1045 1786 nati
1067 1743 1194 1787 eratis
1210 1778 1220 1797 ,
1247 1752 1289 1787 et
1313 1742 1453 1787 multo
1470 1745 1598 1802 ‘pejus
1621 1743 1742 1803 quod

352 1816 464 1861 male
498 1815 688 1860 vivendo
721 1814 982 1858 addideratis
1005 1833 1014 1857 ;
1038 1813 1279 1858 circumcisi
1303 1829 1378 1873 per
1405 1823 1574 1873 petram
1607 1830 1741 1873 quare

353 1888 499 1932 adhuc
522 1885 668 1945 sapitis
690 1893 847 1928 terram
866 1885 884 1927 Ρ
906 1887 962 1927 Et
984 1882 1038 1926 ad
1062 1893 1303 1926 extremum
1322 1885 1424 1944 quia
1443 1888 1604 1942 Legem
1622 1884 1742 1929 dedit
1766 1890 1777 1893 s

353 1962 540 2016 Moyses,
559 1966 602 2001 et
624 1954 930 2001 circumciditis
952 1954 1174 1997 hominem
1197 1954 1394 2009 sabbato,
1414 1954 1642 2013 intelligite
1659 1956 1742 2000 hoc

354 2028 586 2087 significari
619 2044 727 2087 opus
759 2027 924 2070 bonum
943 2060 953 2080 ‚
989 2024 1109 2084 quod
1142 2040 1220 2082 ego
1242 2023 1323 2068 feci
1354 2033 1497 2068 totum
1519 2026 1742 2070 hominem

356 2100 523 2144 salvum
541 2099 723 2144 sabbato
740 2118 748 2142 :
765 2097 866 2157 quia
885 2105 928 2139 et
949 2104 1123 2139 curatus
1147 2105 1209 2138 est
1232 2104 1280 2138 ut
1302 2111 1430 2139 sanus
1453 2105 1563 2140 esset
1585 2097 1630 2140 in
1648 2112 1742 2141 cor-

359 2188 486 2232 pore,
507 2181 549 2216 et
569 2170 752 2215 credidit
769 2178 817 2212 ut
834 2183 961 2211 sanus
984 2176 1092 2211 esset
1113 2167 1156 2210 in
1181 2167 1338 2210 anima.

423 2245 493 2286 VI.
521 2261 539 2283 «
562 2241 703 2286 Nolite
719 2238 913 2300 judicare
931 2237 1228 2297 personaliter,
1249 2237 1321 2280 sed
1344 2246 1511 2281 rectum
1526 2237 1742 2297 judicium

363 2332 382 2355 »
415 2311 606 2372 judicate
622 2314 651 2355 ⁵.
675 2330 694 2351 »
722 2309 837 2363 Quid
860 2319 922 2353 cst
941 2310 1055 2353 hoc‘?
1075 2308 1207 2352 Modo
1230 2308 1305 2367 qui
1328 2323 1403 2366 per
1426 2311 1582 2366 Legem
1602 2309 1743 2365 Moysi

359 2383 666 2428 circumciditis
689 2382 869 2426 sabbato
885 2417 895 2437 ‚
923 2397 1010 2426 non
1034 2380 1264 2425 irascimini
1284 2380 1424 2444 Moysi
1443 2400 1454 2438 3
1479 2388 1521 2423 et
1539 2379 1638 2439 quia
1661 2394 1742 2438 ego

410 2489 420 2502 1
447 2493 457 2512 1
480 2483 552 2513 Cor.
568 2491 622 2522 xv,
641 2490 695 2512 21.
714 2498 752 2503 —--
776 2487 788 2503 ²
804 2482 894 2512 Rom.
908 2491 953 2521 vn,
977 2488 1027 2512 12.
1049 2477 1119 2502 -3
1141 2490 1151 2509 ι
1172 2480 1243 2510 Cor.
1263 2487 1296 2518 x,
1313 2475 1343 2517 4.
1364 2493 1404 2500 --
1418 2475 1435 2507 li
1451 2475 1568 2510 Coloss.
1585 2487 1633 2517 m,
1658 2487 1688 2517 1,
1703 2485 1734 2508 2.

365 2554 404 2558 --
424 2534 437 2557 Γ·
455 2538 545 2568 Joan.
567 2547 621 2576 vn,
638 2535 690 2576 24.
