1825 3214
317 265 360 291 lN
394 262 567 290 ioannis
601 259 911 297 nuncianum,
944 257 1092 286 TnAcT.
1129 259 1207 286 vii.
1430 247 1456 284 9

71 346 157 375 sus,
184 330 371 375 Mittitur
405 339 613 389 tanquam
644 327 820 385 augelus
851 325 987 370 malus
1024 339 1046 367 a
1082 331 1292 383 potestate
1315 322 1458 368 domi-

71 411 203 446 nante
229 422 237 446 :
269 401 563 461 permittitur,
596 399 774 459 quando
796 396 960 458 aliquid
989 396 1127 455 petit:
1160 406 1196 438 et
1232 396 1340 450 hoc,
1373 394 1458 439 sra-

72 483 154 518 trcs
174 508 185 527 ,
212 488 299 518 non
326 473 399 526 sit,
426 472 506 515 nisi
529 481 578 515 ut
599 471 841 531 probentur
870 467 1002 528 justi,
1032 467 1270 526 puniantur
1291 467 1454 525 injusti.

70 544 185 598 Quid
208 559 310 603 crgo
350 544 472 588 times
486 545 504 584 ‘2
527 541 715 587 Ambula
755 541 798 584 in
832 540 1018 584 Domino
1058 542 1147 582 Deo
1172 546 1276 592 tuo,
1317 547 1459 581 certus

70 624 160 659 esto
188 635 196 659 :
222 615 344 675 quod
367 623 409 658 te
438 629 528 658 non
549 612 643 657 vult
666 612 784 672 pati,
811 627 899 656 non
929 610 1085 670 pateris
1111 628 1120 653 ε
1159 607 1279 669 quod
1299 617 1339 652 te
1361 623 1460 668 per-

71 685 232 729 miserit
256 686 344 745 pati
365 720 375 739 ,
417 683 637 742 flagellum
669 683 922 741 corrigentis
947 690 1011 726 est
1031 717 1040 735 ,
1071 696 1159 725 non
1182 693 1314 739 poena
1338 680 1462 724 dam-

70 757 227 800 nantis.
256 756 321 800 Ad
346 756 644 800 haereditatem
665 755 973 815 sempiternam
987 752 1229 804 erudimur,
1249 761 1292 796 et
1310 751 1459 810 flagei„

71 827 147 871 lari
169 826 458 886 dedignamur
478 828 485 870 l
512 830 680 871 Fratres
698 827 797 882 mei,
813 827 846 870 si
870 834 1086 870 recusaret
1107 824 1336 886 quisquam
1354 839 1462 883 puer

71 897 264 958 colaphis
287 907 362 942 aut
385 897 564 956 tlagellis
588 897 694 942 caedi
719 915 741 942 a
768 907 889 957 patre
911 913 989 942 suo
1008 933 1018 952 ,
1053 896 1275 957 quomodo
1293 895 1460 940 dicere-

73 978 142 1012 tur
172 969 414 1028 superbus,
450 967 724 1028 desperatus,
752 969 946 1027 ingratus
976 977 1169 1028 paternse
1193 966 1462 1026 disciplinae?

73 1043 128 1084 Et
149 1049 199 1084 ut
225 1038 334 1099 quid
356 1038 499 1083 erudit
524 1047 645 1099 pater
667 1040 800 1083 homo
824 1039 962 1083 filium
981 1040 1233 1083 hominem?
1256 1047 1304 1081 ut
1330 1038 1463 1096 possit

72 1126 160 1155 non
182 1110 363 1170 perdere
383 1109 634 1169 temporalia
654 1125 753 1170 quae
773 1109 835 1153 illi
857 1109 1085 1170 acquisivit
1099 1144 1109 1163 ,
1134 1124 1234 1169 quae
1253 1107 1312 1151 illi
1336 1107 1462 1152 colle-

73 1182 134 1242 git
151 1217 161 1237 ,
179 1197 279 1242 quae
302 1198 390 1227 non
413 1181 508 1226 vult
530 1197 630 1225 eum
660 1183 864 1241 perdere,
890 1197 988 1242 quae
1013 1182 1103 1240 ipse
1125 1181 1200 1240 qui
1224 1179 1429 1239 relinquit
1449 1214 1459 1234 ,

72 1269 161 1299 non
182 1255 325 1313 potuit
350 1254 394 1296 in
416 1254 728 1312 sempiternum
747 1261 909 1297 tenere.
937 1255 1033 1297 Non
1051 1251 1179 1296 docet
1202 1251 1339 1294 filium
1362 1265 1462 1294 cum

72 1340 161 1385 quo
187 1324 430 1384 possideat,
456 1325 531 1368 sed
553 1324 627 1384 qui
655 1332 753 1383 post
775 1339 875 1367 eum
898 1322 1129 1384 possideat.
1162 1325 1333 1366 Fratres
1352 1322 1433 1364 mei
1450 1357 1460 1375 ,

72 1396 106 1440 si
128 1395 264 1439 fitium
281 1395 411 1439 docet
433 1404 556 1454 pater
571 1409 875 1449 successorem,
898 1404 940 1439 ct
962 1409 1092 1454 quem
1117 1392 1245 1437 docet
1262 1402 1305 1437 et
1322 1393 1464 1451 ipsum

73 1465 268 1510 similiter
288 1481 365 1525 per
382 1466 454 1510 illa
477 1466 623 1510 omnia
640 1466 923 1509 transiturum
937 1500 947 1519 ,
966 1481 1050 1525 qua
1070 1473 1112 1508 et
1130 1462 1202 1508 ille
1219 1464 1295 1523 qui
1318 1465 1466 1506 moness

76 1538 149 1581 bat
178 1538 436 1593 transiturus
465 1545 529 1581 est
554 1557 564 1593 3
592 1536 815 1597 quomodo
856 1534 986 1579 vultis
1023 1534 1194 1579 erudiat
1228 1549 1305 1577 nos
1340 1537 1466 1577 Pater

74 1616 241 1662 noster,
267 1607 337 1651 cui
357 1623 445 1652 non
465 1606 719 1660 successuri,
742 1605 816 1651 sed
833 1605 887 1650 ad
909 1620 1041 1666 quem
1065 1605 1275 1650 accessuri
1296 1619 1461 1658 sumus,

75 1687 117 1722 et
140 1693 240 1722 cum
264 1694 353 1739 quo
377 1678 423 1722 in
446 1686 660 1722 aeternum
679 1679 870 1720 mansuri
891 1676 935 1719 in
953 1676 1207 1719 liaereditate
1223 1710 1233 1729 ,
1255 1690 1354 1734 quse
1376 1689 1464 1718 uon

75 1749 326 1804 marcescit,
353 1763 432 1793 nec
465 1748 648 1792 moritur
666 1783 677 1803 ,
711 1763 791 1791 nec
822 1746 1075 1807 grandinem
1100 1746 1254 1790 novit?
1282 1749 1339 1789 Et
1375 1746 1465 1804 ipse

76 1820 305 1865 haereditas
328 1829 371 1865 et
398 1820 636 1880 lpse0Pater
658 1828 736 1863 est.
776 1820 905 1862 Hunc
927 1816 1242 1877 possidebimus
1259 1852 1269 1871 ,
1295 1826 1337 1861 et
1363 1832 1465 1860 eru-

76 1890 157 1935 diri
187 1907 277 1936 non
299 1891 544 1936 debemus?
575 1890 843 1936 Sufferamus
871 1905 974 1949 ergo
998 1887 1286 1933 eruditionem
1311 1889 1461 1933 Patris.

75 1964 173 2007 Non
186 1962 364 2023 quando
384 1962 509 2006 nobis
530 1961 649 2006 dolet
674 1970 822 2021 caput,
842 1976 1067 2006 curramus
1091 1959 1145 2003 ad
1174 1968 1465 2018 praecantato-

77 2047 142 2076 res
162 2068 173 2088 ,
202 2033 257 2077 ad
282 2033 506 2091 sortilegos
532 2043 575 2078 et
594 2032 783 2077 remedia
808 2032 1025 2076 vanitatis.
1053 2034 1224 2075 Fratres
1243 2031 1354 2085 mei,
1376 2046 1465 2075 non

76 2119 150 2147 vos
168 2103 404 2163 plangam?
420 2103 626 2157 Quotidie
648 2103 822 2147 invenio
845 2103 922 2153 ista
939 2122 947 2147 :
968 2112 1010 2146 et
1027 2101 1135 2162 quid
1154 2100 1334 2146 faciam?
1350 2104 1466 2146 Non-

76 2174 183 2217 dum
207 2172 445 2233 persuadeo
465 2174 719 2219 Christianis
755 2174 798 2218 in
821 2175 994 2218 Christo
1032 2188 1153 2232 spem
1185 2188 1274 2217 esse
1298 2187 1468 2232 ponen-

77 2245 210 2289 dam?
227 2247 357 2299 Ecce,
371 2244 405 2288 si
427 2245 497 2288 cui
522 2243 685 2288 factum
707 2252 771 2288 est
788 2244 1047 2299 remedium,
1066 2244 1289 2298 moriatur,
1309 2246 1465 2304 (quam

77 2314 204 2359 multi
225 2316 341 2359 enim
359 2330 459 2359 cum
482 2314 682 2360 remediis
704 2316 866 2360 mortui
887 2324 1003 2370 sunt,
1023 2325 1066 2359 et
1085 2330 1215 2375 quam
1235 2314 1360 2358 multi
1377 2316 1468 2358 sine

77 2385 275 2431 remediis
296 2387 551 2445 vixerunt?)
567 2402 651 2447 qua
669 2386 813 2431 fronte
836 2387 937 2430 exiit
953 2386 1095 2430 anima
1114 2386 1167 2429 ad
1186 2387 1350 2429 Deum?
1364 2389 1467 2429 Per-

77 2455 189 2500 didit
221 2457 392 2516 signum
427 2457 614 2512 Christi,
650 2458 816 2517 accepit
848 2449 1022 2517 signum
1055 2456 1234 2502 diaboli.
1261 2460 1328 2501 An
1353 2457 1466 2501 forte

77 2528 193 2572 dicat
215 2547 224 2573 z
248 2530 346 2574 Non
371 2527 541 2588 perdidi
563 2528 736 2588 signum
757 2529 951 2574 Christi?
972 2531 1090 2587 Ergo
1111 2528 1283 2587 signum
1307 2526 1464 2571 Christi

79 2613 178 2642 cum
201 2599 324 2658 signo
346 2599 508 2645 diaboli
532 2599 736 2644 habuisti.
753 2602 851 2647 Non
869 2600 1174 2647 vultChristus
1189 2597 1464 2643 communio-
