1825 3214
272 238 312 263 ιΝ
346 238 518 264 JOANNIS
553 235 861 273 ΕνΛΝοΕωυΜ,
897 239 1042 264 Timor.
1084 242 1230 266 xxxix.
1351 228 1431 267 47³3

49 302 164 346 tulit.
187 304 302 355 Quid
327 305 427 347 item
448 303 629 362 pulcher
646 314 689 347 ct
706 304 1022 363 pulchritudo?
1044 306 1141 349 Plus
1161 316 1223 349 ost
1249 306 1434 365 pulchri-

50 373 158 417 tudo
171 390 300 434 quam
318 374 500 433 pulcher
514 394 521 418 z
535 374 819 433 pulchritudo
833 376 946 419 enim
967 375 1066 420 facit
1081 377 1330 435 pulchrum,
1349 393 1438 421 non

48 444 229 504 pulcher
254 445 353 489 facit
377 445 768 504 pulchritudinem.
794 448 1007 491 Castus'ct
1031 449 1200 491 castitas
1219 451 1236 492 P
1254 451 1436 493 uastitas

47 515 176 575 plane
198 516 295 575 plus
330 526 393 561 est
416 533 548 577 quam
581 526 738 562 castus.
764 518 816 562 Si·
839 519 954 562 enim
991 519 1162 563 castitas
1199 536 1287 564 non
1310 530 1435 574 essct,

47 585 167 629 undo
191 598 300 632 esset
325 588 404 632 iste
444 598 587 632 castus
605 625 615 644 ‚
634 604 721 633 non
770 590 950 634 haberet
976 609 984 634 :
1011 591 1043 635 si
1067 600 1212 635 autem
1254 590 1440 636 nolucrit

48 672 138 701 esse
160 668 301 702 castus
316 694 326 709 ‚
358 659 529 702 castitas
551 660 718 718 integra
740 670 1001 719 perseverat.
1031 660 1072 706 Si
1106 676 1209 720 ergo
1232 661 1328 720 plus
1348 663 1440 720 pie-

48 736 112 771 tas
135 744 265 787 quam
304 728 399 787 pius
416 765 426 782 ‚
454 727 551 788 plus
592 729 874 789 pulchritudo
916 746 1048 790 quam
1092 730 1273 788 pulcher
1290 767 1300 785 ‚
1344 731 1441 791 plus

48 799 217 843 castitas
240 815 370 858 quam
387 809 554 857 castus3
583 800 800 860 numquid
822 800 982 845 dicturi
999 817 1146 845 sumus
1169 801 1265 861 plus
1285 803 1440 846 veritas

48 886 180 930 quam
203 874 363 915 verax?
388 872 427 916 Si
451 872 534 915 hoc
557 871 814 926 dixerimus,
837 872 992 916 Filium
1018 874 1274 933 incipiemus
1296 873 1441 919 dicere

50 944 176 985 Patre
194 942 416 1001 majorem.
438 943 511 985 Ait
529 943 641 986 enim
663 943 1031 1003 apertissimcipse
1046 945 1281 990 Dominus:
1304 965 1323 987 «
1346 949 1440 1004 Ego

51 1030 72 1053 n
108 1027 203 1056 sum
227 1012 316 1066 via,
342 1021 385 1056 et
406 1013 588 1068 veritas,
616 1023 658 1057 et
679 1014 768 1058 vita
785 1017 815 1057 ¹.
846 1033 865 1055 »
894 1017 1009 1072 Ergo
1031 1016 1063 1059 si
1088 1016 1220 1060 Filius
1243 1018 1400 1061 veritas
1428 1036 1437 1061 :

50 1085 176 1126 Pater
212 1082 318 1142 quid
337 1118 347 1135 ‚
376 1083 453 1126 nisi
477 1083 598 1142 quod
621 1084 678 1127 ait
714 1084 802 1143 ipsa
841 1085 1019 1140 veritas,
1049 1104 1068 1126 «
1095 1087 1178 1138 Qui
1203 1102 1272 1129 me
1296 1087 1438 1142 misit,

52 1170 72 1193 »
108 1167 237 1196 verax
259 1154 357 1196 est?
381 1171 400 1193 »
429 1152 563 1196 Filius
584 1154 762 1207 veritas,
785 1157 911 1198 Pater
932 1170 1059 1199 verax
1086 1175 1094 1200 :
1123 1156 1230 1215 quid
1254 1158 1351 1216 plus
1389 1157 1443 1201 sit

50 1239 222 1283 quaero,
249 1222 324 1267 sed
346 1223 641 1283 aequalitatem
664 1225 853 1268 invenio.
882 1227 1020 1269 verax
1053 1227 1168 1270 enim
1194 1231 1320 1271 Pater
1354 1244 1443 1272 non

50 1293 106 1337 ab
138 1309 187 1337 ea
218 1294 398 1337 veritate
434 1309 565 1338 verax
602 1303 665 1339 est
690 1295 813 1355 cujus
845 1306 1014 1355 partem
1049 1297 1184 1356 cepit,
1210 1297 1286 1342 sed
1308 1313 1442 1358 quam

49 1372 184 1408 totam
213 1363 377 1422 genuit.

108 1436 230 1478 VIII.
256 1434 394 1478 Video
416 1433 587 1493 planius
609 1450 699 1478 esse
718 1435 970 1480 dicendum.
993 1439 1049 1481 Et
1067 1447 1183 1482 certe
1202 1454 1258 1483 ne
1269 1453 1345 1483 vos
1362 1438 1441 1482 diu

49 1512 240 1558 teneam,
258 1503 389 1548 hodie
403 1505 490 1549 huc
506 1520 640 1565 usque
659 1515 892 1550 tractetur:
916 1522 1016 1551 cum
1036 1508 1189 1553 finiero
1204 1507 1325 1569 quod
1338 1509 1440 1553 volo

50 1574 218 1628 dicere,
238 1573 476 1635 adjuvante
499 1578 605 1630 Deo,
631 1591 772 1620 sermo
799 1576 1043 1622 claudatur.
1072 1581 1165 1623 Hoc
1202 1579 1300 1624 ideo
1323 1579 1438 1633 dixi,

50 1654 100 1689 ut
131 1646 322 1689 intentos
355 1661 428 1690 vos
461 1644 665 1690 facerem.
692 1648 844 1691 Omnis
875 1648 1018 1692 anima
1048 1650 1256 1708 quoniam
1285 1667 1349 1694 res
1378 1662 1441 1695 est

51 1715 290 1770 mutabilis,
317 1725 360 1759 et
379 1717 577 1775 quamvis
606 1732 761 1776 magna
791 1727 1006 1774 creatura,
1037 1728 1183 1764 tamen
1214 1731 1438 1778 creatura3

53 1787 252 1846 quamvis
272 1802 453 1846 corpore
470 1786 646 1841 melior,
676 1798 818 1831 tamen
835 1787 945 1832 facta
968 1809 975 1833 :
1008 1791 1148 1834 omnis
1166 1806 1267 1849 ergo
1300 1792 1443 1836 anima

51 1857 259 1916 quoniam
278 1856 499 1900 mutabilis
513 1867 584 1902 *est
602 1893 612 1911 ‚
638 1858 722 1902 hoc
744 1868 807 1902 est
830 1858 962 1902 modo
984 1860 1150 1914 credit,
1191 1860 1323 1905 modo
1352 1877 1442 1905 non

52 1926 215 1981 credit,
242 1928 372 1971 modo
397 1927 506 1981 vult,
542 1927 673 1971 modo
694 1943 785 1972 non
816 1929 938 1985 vult3
974 1929 1105 1974 modo
1130 1929 1326 1975 adultera
1350 1941 1439 1987 est,

53 1996 185 2041 modo
207 2007 318 2040 easta
334 2018 345 2053 3
363 1996 495 2040 modo
520 1997 650 2050 bona,
668 1997 800 2042 modo
819 1998 953 2055 niala3
975 2000 1195 2043 mutabilis
1217 2010 1278 2044 est
1296 2021 1304 2046 :
1329 2005 1442 2046 Deus

54 2077 197 2113 autem
215 2068 298 2111 hoc
314 2076 377 2111 est
394 2067 513 2127 quod
532 2077 595 2111 est
612 2088 620 2111 z
640 2067 738 2112 ideo
762 2070 983 2128 proprium
1001 2086 1162 2114 nomen
1181 2072 1260 2115 sibi
1282 2074 1438 2128 tenuit,

59 2160 79 2182 «
113 2142 207 2197 Ego
234 2154 329 2183 sum
355 2139 429 2198 qui
458 2143 598 2183 sum‘2.
637 2158 657 2180 n
692 2142 785 2184 Hoc
808 2149 851 2184 et
874 2140 1031 2195 Filius,
1068 2141 1281 2198 dicendo,
1312 2145 1441 2188 «Nisi

57 2229 78 2251 η
113 2208 381 2254 credideritis
401 2209 503 2269 quia
530 2223 608 2266 ego
632 2211 768 2253 sum3.
794 2228 813 2250 »
839 2211 906 2254 Ad
931 2211 1012 2255 hoc
1030 2212 1242 2271 pertinet,
1269 2222 1312 2257 et
1338 2234 1356 2255 «
1377 2217 1443 2258 Tu

59 2298 79 2321 n
114 2280 210 2340 quis
243 2280 317 2323 es?
351 2279 665 2338 Principium⁴.
696 2297 717 2321 »
750 2282 864 2324 Deus
901 2281 1035 2340 igitur
1074 2282 1443 2330 incommutabilis

57 2359 141 2405 est,
175 2350 316 2393 anima
338 2348 575 2392 mutabilis.
599 2349 783 2401 Quando
818 2350 934 2410 capit
973 2352 1115 2396 anima
1137 2368 1187 2397 ex
1211 2357 1301 2399 Deo
1327 2357 1443 2399 unde

57 2420 112 2464 sit
141 2419 259 2463 bona
277 2455 288 2475 ,
330 2418 632 2479 participando
656 2420 704 2463 fit
741 2419 857 2464 bona
884 2423 1135 2482 :quomodo
1171 2435 1270 2468 tuus
1293 2425 1444 2469 oculus

57 2488 358 2550 participando
394 2488 527 2534 videt.
560 2491 668 2534 Nam
709 2489 876 2535 lumine
913 2492 1136 2538 subtracto
1171 2510 1255 2539 non
1297 2495 1442 2552 videt,

108 2582 116 2599 ¹
134 2578 227 2609 Joan.
247 2586 315 2617 xiv,
334 2574 367 2610 6.
393 2591 433 2597 —
460 2582 473 2598 ²
488 2575 587 2608 Exod.
607 2585 654 2617 111,
677 2574 729 2617 14.
748 2592 790 2599 —-
806 2574 820 2598 3
838 2578 928 2609 Joan.
953 2588 1018 2618 vni,
1045 2577 1099 2619 24.
1121 2595 1161 2601 —
1181 2578 1196 2608 4
1216 2580 1296 2612 Ibid.
1322 2581 1375 2613 25.

249 2641 388 2671 cxxii.
1208 2636 1259 2674 28
