1809 3173
368 144 451 182 238
804 144 839 173 s.
874 142 1105 173 Aueus‘nm
1137 144 1317 172 EPISCOPI

367 218 617 263 norificatur
640 216 792 267 Pater,
817 210 1108 255 contemnitur
1133 209 1281 253 Filius.
1314 207 1448 252 Filius
1477 208 1591 251 enim
1621 208 1744 252 vide-

366 289 495 332 batur
516 295 566 330 ut
586 298 754 339 servus,
780 285 906 326 Pater
928 280 1298 325 honorificabatur
1327 288 1375 322 ut
1397 282 1524 322 Deus.
1550 281 1745 337 Appare-

366 359 431 403 bit
453 367 496 402 et
519 356 652 402 Filius
676 353 854 414 aequalis
880 352 1010 406 Patri,
1032 360 1081 394 ut
1103 366 1251 394 omnes
1273 349 1561 394 honorificent
1583 347 1744 392 Filium

364 430 475 474 sieut
502 426 792 472 honorificant
826 427 1011 467 Patrem.
1046 421 1179 465 Modo
1213 436 1313 478 ergo
1342 422 1424 464 hoe
1456 420 1666 463 habemus
1699 419 1745 462 in

365 500 467 546 fide.
493 502 579 544 Nec
601 497 715 541 dicat
736 498 759 539 J
766 493 932 547 udaeus,
957 495 1128 535 Patrem
1150 491 1405 545 honorifico,
1430 490 1537 550 quid
1559 489 1665 533 mihi
1683 498 1746 532 est

366 585 466 616 cum
489 568 628 614 Filio?
652 563 928 624 Respondeat
958 560 1021 604 illi
1053 579 1062 605 :
1104 579 1124 602 «
1153 560 1236 612 Qui
1270 576 1358 604 non
1386 561 1644 604 honorificat
1672 562 1703 602 F
1708 559 1745 602 i-

364 641 473 686 lium
491 676 501 696 ‚
522 655 611 684 non
633 635 889 682 honorificat
907 636 1093 676 Patrem.
1115 648 1135 671 »
1160 630 1354 674 Mentiris
1371 629 1548 674 omnino
1563 664 1574 684 ‚
1593 629 1746 672 Filium

365 711 662 771 blasphemas,
693 715 736 750 et
765 703 880 749 Patri
912 701 1015 745 facis
1049 699 1268 760 injuriam.
1297 703 1423 744 Pater
1449 700 1564 744 enim
1592 698 1745 742 Filium

365 783 506 837 misit,
533 790 581 825 tu
609 775 848 823 contemnis
876 786 1007 832 quem
1041 770 1156 814 misit
1194 789 1202 814 ι
1233 770 1455 830 quomodo
1487 769 1746 814 honorificas

364 854 626 904 mittentem,
650 847 726 908 qui
749 843 1020 902 blasphemas
1041 841 1248 884 missum?

422 926 567 969 XVII.
593 924 722 973 Eece,
747 916 889 976 inquit
907 913 1076 974 aliquis,
1101 913 1253 956 missus
1269 921 1333 956 est
1352 911 1481 956 Filius
1507 930 1516 956 :
1544 920 1588 955 et
1609 911 1747 970 major

365 1005 430 1041 est
451 999 602 1049 Pater,
631 991 732 1052 quia
755 987 885 1032 misit.
911 986 1082 1030 Recede
1103 1001 1127 1028 a
1155 1000 1298 1029 earne.
1326 986 1459 1027 vetus
1489 984 1620 1027 homo
1641 998 1747 1041 sug-

366 1066 476 1126 gerit
496 1072 754 1111 vetustatem
781 1078 790 1104 :
814 1068 864 1102 tu
885 1057 930 1100 in
959 1071 1072 1100 novo
1103 1070 1288 1113 agnosce
1318 1055 1568 1098 novitatem.
1603 1056 1748 1098 Novus

366 1138 447 1183 tibi
469 1153 493 1182 a
514 1133 672 1181 saeculo
706 1131 935 1190 antiquus,
971 1134 1229 1186 perpetuus,
1253 1134 1463 1179 aeternus,
1500 1132 1673 1168 revocet
1692 1122 1749 1167 ad

366 1211 450 1254 hoc
477 1206 764 1252 intellectum.
789 1200 933 1246 Minor
954 1206 1018 1241 est
1039 1196 1182 1251 Filius,
1215 1197 1316 1255 quia
1338 1196 1488 1240 missus
1517 1196 1657 1239 dietus
1686 1203 1749 1238 est

366 1279 526 1324 Filius?
559 1276 809 1322 Missionem
841 1268 998 1322 audio,
1031 1282 1120 1311 non
1154 1268 1484 1326 separationem.
1523 1266 1607 1311 Sed
1638 1266 1745 1320 hoc,

367 1351 540 1410 iuquit,
578 1347 772 1392 videmus
801 1343 847 1386 in
880 1340 1010 1383 rebus
1044 1338 1267 1392 humanis,
1300 1338 1401 1396 quia
1424 1337 1560 1396 major
1587 1345 1651 1379 est
1674 1335 1749 1395 qui

368 1421 518 1475 mittit,
544 1432 677 1479 quam
706 1414 779 1459 ille
811 1412 886 1472 qui
908 1408 1110 1453 mittitur.
1140 1409 1222 1452 Sed
1259 1423 1323 1451 res
1354 1408 1558 1451 humanae
1590 1405 1750 1450 fallunt

368 1493 613 1544 hominem,
637 1503 701 1531 res
724 1485 882 1529 divinae
905 1487 1106 1540 purgant.
1133 1477 1230 1522 Noli
1252 1477 1475 1522 attendere
1499 1476 1554 1521 ad
1580 1492 1644 1520 res
1665 1477 1748 1520 hu-

369 1578 542 1617 manas,
563 1560 641 1604 ubi
657 1557 793 1616 major
811 1551 984 1598 videtur
1005 1547 1080 1607 qui
1102 1549 1256 1603 mittit,
1284 1558 1327 1592 et
1349 1549 1489 1591 minor
1511 1547 1586 1607 qui
1613 1546 1749 1590 mitti-

369 1645 441 1680 tur
486 1652 495 1677 :
539 1641 792 1691 quanquam
825 1633 867 1668 et
890 1623 993 1681 ipsae
1016 1632 1081 1663 res
1103 1621 1307 1664 humanae
1339 1618 1493 1661 dieunt
1529 1626 1678 1661 eontra
1708 1625 1750 1660 te

369 1701 680 1750 testimonium.
702 1695 834 1741 Velut
853 1693 976 1739 verbi
998 1692 1149 1752 gratia,
1174 1689 1209 1734 si
1233 1688 1328 1749 quis
1348 1703 1524 1732 uxorem
1545 1686 1650 1731 velit
1672 1702 1750 1746 pe-

371 1786 477 1829 tere,
502 1782 545 1817 et
565 1786 642 1831 per
664 1784 708 1813 se
725 1783 813 1812 non
835 1765 989 1825 possit,
1015 1764 1200 1807 amicum
1222 1762 1427 1820 majorem
1450 1759 1583 1803 mittit
1609 1758 1685 1818 qui
1711 1758 1750 1801 ei

369 1856 503 1908 petat.
528 1847 586 1889 Et
619 1849 720 1885 sunt
740 1836 878 1882 multa
907 1837 953 1879 in
980 1835 1140 1895 quibus
1168 1834 1257 1892 ipse
1279 1832 1415 1891 major
1448 1830 1620 1888 eligitur
1637 1865 1648 1884 ‚
1675 1829 1751 1889 qui

370 1919 567 1963 mittatur
585 1930 607 1957 a
629 1912 810 1955 minore.
837 1905 953 1961 Quid
974 1920 1077 1964 ergo
1096 1905 1184 1964 jam
1205 1901 1469 1945 calumniam
1499 1901 1561 1944 vis
1582 1899 1746 1954 facere,

371 1990 472 2051 quia
494 1986 567 2031 ille
587 1982 703 2028 misit
718 2015 729 2035 ‚
753 1979 826 2023 ille
848 1978 1001 2021 missus
1034 1977 1124 2019 est?
1143 1972 1215 2019 Sol
1237 1972 1406 2016 radium
1428 1972 1581 2027 mittit,
1607 1980 1650 2015 et
1661 1986 1751 2014 non

373 2066 562 2120 separat·⁷
585 2055 689 2098 luna
706 2048 981 2111 splendorem
1008 2046 1163 2100 mittit,
1188 2052 1231 2087 et
1253 2058 1342 2086 non
1363 2051 1552 2101 separat3
1575 2041 1752 2085 lucerna

372 2132 523 2177 lumen
550 2123 718 2178 fundit,
748 2130 792 2165 et
813 2135 901 2164 non
937 2126 1105 2177 separat
1133 2135 1141 2160 ;
1171 2114 1298 2159 video
1330 2113 1391 2156 ibi
1414 2113 1684 2167 missionem,
1710 2120 1753 2156 et

373 2200 540 2246 nuliam
569 2194 697 2241 video
728 2190 1057 2250 separationem.
1090 2188 1199 2231 Nam
1234 2184 1268 2228 si
1301 2181 1355 2226 de
1391 2184 1519 2227 rebus
1552 2183 1752 2228 humanis

373 2270 531 2334 quaeris
570 2263 781 2324 exempla,
819 2277 846 2306 o
867 2259 1069 2304 haeretica
1105 2256 1292 2309 vanum,
1333 2270 1611 2315 quanquam,
1642 2254 1753 2298 sieut

373 2342 505 2404 paulo
545 2348 644 2384 ante
679 2334 803 2389 dixi,
841 2341 886 2376 et
912 2331 1014 2391 ipsae
1060 2344 1125 2373 res
1163 2329 1366 2372 humanae
1406 2326 1451 2369 in
1492 2324 1752 2385 quibusdam

375 2409 582 2472 exemplis
617 2411 860 2465 coarguunt
896 2411 939 2446 et
969 2400 1236 2445 convincunt
1268 2406 1310 2442 te
1353 2416 1362 2441 ι
1397 2405 1544 2441 tamen
1570 2394 1753 2441 ‚attende

371 2497 505 2546 quam
525 2482 579 2527 sit
599 2476 719 2524 aliud
738 2476 784 2520 in
804 2473 934 2519 rebus
955 2469 1174 2526 humanis,
1199 2467 1317 2513 unde
1337 2467 1400 2513 vis
1423 2467 1581 2512 ducere
1628 2479 1752 2509 xem-
