1825 3214
289 215 330 240 ιΝ
365 213 539 240 somnis
572 212 882 251 EVANGELIUM,
917 214 1063 242 rimer.
1102 218 1188 243 xm.
1350 205 1434 244 449

50 277 157 321 bant
177 311 186 331 ‚
212 292 288 322 sua
311 277 512 323 libertate
533 278 704 323 mentiti
727 288 830 323 sunt
857 278 1077 326 dicentes:
1107 300 1124 322 «
1153 282 1325 327 Nemini
1347 298 1438 328 ser-

53 365 74 388 »
108 347 291 392 vivimus
309 364 519 409 unquam.
545 366 566 390 »

111 420 190 462 111.
214 420 424 464 Dominus
441 428 587 463 autem
607 419 715 479 quid
735 419 1020 480 responderit,
1041 422 1124 466 hoc
1144 424 1286 482 potius
1303 433 1345 467 ct
1368 425 1437 468 in-

50 489 211 534 tentius
229 489 455 535 audiamus
474 526 484 545 ,
511 506 566 534 ne
585 499 627 534 ct
647 506 725 536 nos
747 491 827 551 ipsi
848 492 957 536 servi
980 492 1266 537 inveniamur.
1298 515 1316 535 α
1338 499 1440 540 nes-

52 576 73 600 »
108 559 263 619 pondit
285 561 400 604 enim
423 562 482 605 eis
503 564 624 606 Jcsus
654 581 661 606 z
688 564 851 616 Amen,
889 577 1014 607 amen
1037 562 1135 608 dico
1159 566 1282 609 vobis
1299 601 1309 620 ,
1336 567 1437 626 quia

52 647 73 670 »
109 632 248 674 omnis
266 631 341 691 qui
365 630 469 676 facit
491 641 718 692 peceatum
734 668 744 687 ,
769 648 917 678 servus
938 643 1002 678 est
1026 635 1188 694 pcccati
1206 638 1264 678 ¹.»
1284 640 1440 681 Servus

50 710 137 756 est,
162 703 331 746 utinam
354 704 541 748 hominis
561 714 604 748 et
622 720 710 748 non
728 705 910 764 peccati.
933 706 1038 759 Quis
1061 722 1148 751 non
1167 707 1248 751 sub
1267 709 1332 752 his
1349 724 1438 752 vcr-

50 771 116 816 bis
137 774 473 818 contremiscat?
495 777 673 819 Praestet
696 775 822 820 nobis
842 776 1051 820 Dominus
1076 781 1186 821 Deus
1209 788 1370 833 nostor,
1397 779 1439 823 id

51 852 131 897 est,
151 852 194 887 et
212 844 319 887 mihi
341 853 384 889 et
406 844 545 899 vobis,
564 854 614 889 ut
631 861 710 904 pro
726 847 940 890 sententia
960 846 1116 906 loquar
1133 848 1188 892 de
1209 849 1289 893 hac
1309 849 1440 893 libcr-

52 922 139 958 tate
162 914 423 973 appetenda,
449 924 492 959 et
509 915 563 959 dc
580 915 652 959 illa
669 916 875 960 servitute
894 917 1084 961 vitanda.
1106 937 1125 959 «
1141 922 1298 974 Amen,
1315 936 1439 964 amen

54 1002 75 1025 »
110 983 208 1030 dico
229 985 368 1041 vobis,
390 987 577 1031 »veritas
595 987 699 1032 dicit
719 1007 726 1032 :
753 997 795 1031 et
816 987 946 1047 quale
967 998 1030 1032 est
1054 991 1225 1033 Domini
1250 991 1325 1034 Dei
1348 1007 1443 1036 nos-

51 1054 107 1099 tri
128 1054 288 1111 dicere,
309 1060 483 1101 «Amen
501 1093 511 1112 ,
537 1073 664 1101 amen
686 1058 785 1102 dico
806 1059 928 1102 vobis
943 1060 991 1100 2²»
1004 1059 1194 1104 Multum
1215 1077 1309 1105 com
1319 1077 1439 1105 men-

52 1125 128 1170 dat
148 1128 268 1186 quod
286 1127 345 1172 ita
372 1129 627 1187 pronuntiat
653 1147 661 1173 :
687 1128 879 1189 quodam
903 1130 1060 1185 modo,
1094 1131 1128 1174 si
1154 1131 1239 1175 dici
1272 1132 1333 1177 fas
1350 1142 1436 1187 est,

46 1199 208 1258 juratio
225 1200 316 1259 ejus
336 1209 414 1253 est,
440 1219 459 1242 «
477 1202 641 1254 Amen,-
662 1216 789 1244 amen
806 1201 903 1245 dico
927 1201 1065 1246 vobis.
1087 1206 1259 1246 Amen»
1277 1204 1441 1263 quippe

52 1269 362 1329 interpretatur
390 1272 553 1314 Verum
577 1289 586 1315 ε
613 1279 657 1314 θῖ
690 1279 838 1315 tamen
868 1286 958 1315 non
988 1281 1050 1316 est
1079 1272 1409 1330 interpretatum
1427 1309 1438 1329 ,

52 1354 153 1383 cum
171 1339 381 1399 potuisset
402 1340 504 1395 dici,
522 1342 686 1384 Verum
710 1340 809 1385 dico
829 1340 967 1385 vobis.
980 1343 1067 1387 Nec
1086 1357 1248 1399 graecus
1270 1343 1354 1388 hoc
1376 1344 1443 1387 in-

51 1419 216 1470 terpres
253 1426 382 1455 ausus
404 1420 468 1455 est
496 1410 639 1456 facere
655 1446 666 1467 ‚
694 1427 776 1456 nec
803 1411 963 1456 latinus
989 1432 998 1455 z
1026 1427 1128 1455 nam
1150 1413 1234 1457 hoc
1257 1414 1440 1458 verbum

52 1481 175 1540 quod
210 1490 274 1526 est
300 1500 319 1523 «
347 1485 512 1528 Amen.
543 1499 563 1523 »
589 1497 670 1526 nec
701 1496 892 1540 graecum
923 1490 987 1525 est
1014 1497 1095 1526 nec
1129 1481 1313 1527 latinum
1331 1519 1342 1539 ‚
1368 1485 1443 1529 sed

53 1551 294 1597 hebraeum.
324 1552 392 1598 Sic
422 1552 606 1607 mansit,
637 1567 728 1596 non
749 1561 814 1596 θεῖ
834 1552 1193 1610 interpretatum,
1220 1563 1269 1597 ut
1298 1555 1442 1600 hono-

54 1637 145 1666 rem
177 1623 359 1667 haberet
382 1621 628 1666 velamento
664 1622 816 1666 secreti
844 1640 853 1666 :
877 1637 967 1665 non
995 1631 1044 1665 ut
1068 1632 1177 1667 esset
1206 1634 1410 1681 negatum
1430 1660 1441 1679 ‚

53 1692 130 1737 sed
151 1708 206 1738 ne
230 1693 453 1738 vilesceret
474 1693 705 1737 nudatum.
742 1695 830 1738 Nec
864 1691 996 1736 semel
1030 1702 1176 1737 tamen
1195 1729 1205 1746 ‚
1231 1694 1305 1736 scd
1331 1693 1396 1738 bis
1420 1710 1442 1739 a

56 1764 241 1808 Domino
270 1763 437 1807 dictum
466 1773 530 1805 est
555 1783 564 1806 2
592 1780 611 1803 «
637 1767 803 1814 Amen,
829 1775 982 1814 amen,
1008 1760 1105 1805 (lico
1132 1762 1271 1806 vobis.
1301 1782 1319 1804 »
1345 1767 1442 1808 Jam

53 1842 270 1893 quantum
292 1832 375 1877 hoc
392 1829 749 1877 commendatum
765 1829 835 1885 sit,
851 1843 902 1874 ex
922 1831 1013 1889 ipsa
1031 1831 1322 1888 geminatione
1344 1850 1443 1893 cog-

55 1902 235 1948 noscite.

114 1975 189 2017 IV.
211 1971 328 2025 Quid
345 1981 409 2016 est
427 1985 530 2030 ergo
552 1969 908 2015 commendatum
926 1972 945 2015 P
963 1973 1148 2026 Verum,
1169 1988 1320 2017 verum
1344 1974 1442 2020 dico

56 2043 180 2088 vobis
196 2078 207 2098 ‚
228 2042 387 2087 veritas
409 2041 542 2098 dicit3
564 2056 663 2101 quae
684 2039 839 2100 utique
862 2040 942 2084 etsi
963 2057 1052 2085 non
1070 2042 1253 2098 diceret,
1289 2060 1441 2090 verum

57 2113 183 2170 dico,
208 2113 384 2158 mentiri
413 2112 593 2157 omnino
626 2127 716 2156 non
742 2120 884 2172 posset
910 2131 918 2156 z
954 2121 1100 2156 tamen
1131 2118 1438 2172 commendat,

55 2186 248 2231 inculcat
263 2206 274 2243 3
291 2184 556 2229 dormientes
573 2182 764 2243 quodam
779 2181 911 2227 modo
925 2184 1096 2239 excitat,
1117 2185 1306 2231 intentos
1319 2187 1438 2244 facit,

58 2255 280 2302 contemni
304 2271 393 2299 non
414 2253 524 2300 vult.
547 2252 663 2307 Quid
685 2253 862 2298 dicens?
882 2257 1071 2309 «Amen,
1098 2271 1225 2300 amen
1244 2256 1342 2302 dico
1364 2274 1444 2304 vo-

61 2346 82 2369 »
118 2327 199 2381 bis,
220 2326 320 2387 quia
337 2325 476 2370 omnis
498 2325 573 2385 qui
588 2323 692 2368 facit
713 2333 956 2382 peccatum,
982 2340 1128 2369 servus
1150 2335 1212 2369 est
1230 2329 1439 2386 peccati.»

59 2399 96 2442 O
119 2396 371 2442 miserabilis
389 2396 570 2441 servitus
588 2395 597 2439 l
617 2394 879 2455 Plerumque
900 2395 1097 2440 homines
1119 2412 1218 2441 cum
1244 2397 1442 2444 dominos

112 2512 120 2527 ¹
141 2506 230 2537 Joan.
258 2513 325 2544 viu,
343 2501 399 2544 34.

224 2578 360 2608 cxxu.
1210 2569 1261 2607 ’29
