1825 3214
226 254 270 281 m
304 251 479 280 somnis
510 248 818 284 animumn,
852 245 1000 274 TnAc'r.
1035 246 1177 274 xxxw.
1321 233 1407 272 379

21 326 183 380 quetur
204 332 274 361 me
295 338 306 373 3
326 315 399 360 sed
415 351 426 370 ,
455 333 474 356 «
500 314 576 374 qui
606 312 804 372 sequitur
822 326 906 354 me.
936 329 955 351 »
981 313 1030 354 In
1049 325 1100 354 eo
1122 309 1243 369 quod
1267 306 1408 352 faeere

21 390 231 434 debemus
247 423 258 440 ,
287 401 472 446 praesens
495 395 664 443 tempus
687 382 830 442 posuit
854 400 861 425 :
887 381 1008 440 quod
1047 390 1190 424 autem
1217 380 1410 439 promisit

22 461 280 505 facientibus
298 494 308 510 ,
336 457 472 501 futuri
499 455 701 513 temporis
729 454 862 498 verbo
893 452 1166 509 significavit.
1196 471 1213 491 «
1236 451 1318 503 Qui
1342 466 1408 493 se-

24 550 44 572 »
80 532 245 590 quitur,
273 528 467 572 babebit.
498 546 517 567 »
543 526 676 570 Modo
696 524 916 584 sequitur,
941 531 1038 580 post
1062 521 1260 564 babebit:
1279 521 1410 565 modo

21 601 216 660 sequitur
240 614 315 657 per
335 598 490 649 tidem,
517 605 613 654 post
639 594 817 638 habebit
837 608 910 651 per
933 590 1134 650 speciem.
1166 608 1185 630 «
1206 590 1412 642 Quandiu

23 691 44 713 »
80 672 195 714 enim
220 685 369 713 sumus
390 670 431 712 in
455 683 652 726 corpore,
679 666 737 709 ait
761 662 1018 723 Apostolus,
1046 661 1372 721 peregrinamur
1389 677 1411 704 a

23 762 44 785 »
82 742 295 787 Dominol
325 761 333 786 :
363 759 382 781 »
404 756 481 799 per
504 739 634 782 tidem
657 738 772 780 enim
796 734 1087 787 ambulamus,
1113 748 1202 776 non
1225 747 1300 791 per
1323 747 1413 790 spe-

21 813 146 858 ciem.
173 812 360 864 Quando
390 826 465 868 per
497 810 712 868 speeiem?
737 810 850 852 Cum
873 804 1154 848 babuerimus
1177 802 1327 846 lumen
1350 802 1415 846 vi-

21 894 104 939 tae,
130 898 230 928 cum
259 881 313 926 ad
336 882 453 925 illam
488 881 697 924 visionem
727 878 999 930 venerimus,
1024 873 1204 935 quando
1227 889 1313 917 nox
1334 874 1414 918 ista

20 954 253 999 transierit.
294 955 355 996 De
386 951 460 995 illo
482 950 644 1010 quippe
677 948 748 992 die
777 947 852 1007 qui
875 955 1102 990 exorturus
1127 953 1213 999 est,
1245 944 1414 988 dictum

22 1033 115 1070 est:
145 1044 164 1066 «
191 1027 319 1068 Mane
350 1022 501 1066 astabo
536 1021 638 1074 tibi,
679 1028 722 1062 et
755 1016 1129 1076 contemplabor2.
1158 1033 1178 1056 »
1204 1013 1319 1068 Quid
1350 1023 1415 1059 est

22 1097 182 1139 mane?
201 1098 431 1138 Transacta
449 1102 577 1136 nocte
595 1089 740 1134 saeculi
765 1090 910 1147 hujus,
927 1087 1153 1131 transactis
1176 1086 1414 1129 terroribus

24 1166 332 1218 tentationum,
354 1172 556 1222 superato
577 1160 651 1204 illo
670 1160 795 1203 leone
810 1159 886 1218 qui
905 1168 1033 1202 nocte
1050 1157 1220 1214 rugiens
1242 1156 1412 1211 circuit,

24 1252 155 1297 quem
179 1235 358 1280 devoret
381 1234 620 1294 quaerensss.
652 1250 671 1272 «
696 1234 824 1274 Mane
847 1229 996 1274 astabo
1021 1228 1125 1282 tibi,
1150 1236 1193 1270 et
1215 1235 1416 1271 contem-

27 1326 47 1349 »
83 1307 249 1366 plabor.
279 1324 298 1346 »
323 1308 449 1350 Nunc
478 1319 582 1348 vero
604 1301 711 1362 quid
735 1310 961 1360 putamus,
979 1298 1150 1353 fratres,
1175 1298 1278 1342 huic
1300 1307 1415 1341 tem—

24 1378 119 1437 pori
142 1391 395 1434 congruere,
416 1375 497 1418 nisi
519 1372 638 1432 quod
658 1387 804 1416 rursus
825 1371 870 1414 in
895 1369 1066 1414 Psalmo
1087 1368 1274 1413 dicitur?
1294 1387 1313 1410 «
1332 1371 1417 1412 La-

29 1469 49 1491 »
84 1449 198 1494 vabo
226 1463 302 1506 per
324 1445 514 1504 singulas
537 1454 684 1489 noctes
701 1443 864 1487 lectum
884 1457 1029 1485 meum
1048 1476 1059 1495 ‚
1085 1439 1287 1498 lacrymis
1309 1440 1415 1484 meis

29 1538 48 1560 n
85 1528 267 1563 stratum
288 1532 433 1560 meum
457 1515 653 1574 rigabo⁴.
680 1533 698 1555 »
723 1517 803 1558 Per
825 1511 1016 1571 singulas
1035 1520 1183 1555 noctes
1201 1545 1212 1565 ,
1238 1510 1384 1570 inquit
1399 1544 1411 1566 ,

27 1591 143 1635 ssebo
165 1609 174 1635 ε
204 1589 417 1634 desiderio
440 1588 547 1632 lueis
570 1586 748 1630 ardebo.
772 1585 902 1629 Videt
922 1584 1127 1628 Dominus
1149 1581 1414 1626 desiderium

27 1676 200 1717 meum,
233 1659 440 1720 quoniam
476 1657 581 1702 dicit
615 1656 678 1700 illi
715 1656 823 1700 alter
848 1654 1069 1698 Psalmus:
1105 1672 1125 1694 «
1151 1656 1264 1697 Ante
1286 1662 1329 1696 te
1351 1661 1416 1698 est

30 1750 50 1772 »
86 1746 216 1775 omne
235 1729 497 1773 desiderium
519 1743 685 1781 meum,
711 1735 753 1770 et
777 1725 960 1784 gemitus
981 1739 1102 1768 meus
1122 1739 1145 1767 a
1167 1732 1210 1767 te
1239 1738 1329 1767 non
1352 1732 1416 1767 est

31 1819 52 1842 »
87 1800 407 1845 absconditus⁵.
434 1816 453 1839 »
488 1796 711 1841 Desideras
732 1797 918 1840 aurum?
949 1794 1087 1838 videri
1114 1803 1236 1853 potes
1254 1813 1265 1850 3
1284 1808 1414 1853 quae-

28 1887 126 1915 rens
160 1871 274 1914 enim
311 1884 465 1913 aurum
499 1867 754 1911 manifestus
783 1866 864 1909 eris
898 1864 1163 1908 hominibus.
1193 1862 1415 1908 Desideras

29 1941 299 1985 frumentum
315 1941 332 1983 P
348 1939 584 1995 interrogas
606 1937 682 1996 qui
705 1936 864 1980 habeat
884 1956 894 1993 3
919 1935 991 1979 eui
1015 1944 1058 1978 et
1073 1934 1252 1993 cupiens
1269 1949 1416 1993 perve-

29 2013 120 2056 nire
143 2011 197 2054 ad
219 2011 262 2054 id
284 2008 405 2069 quod
424 2008 658 2062 desideras,
675 2007 854 2051 indicas.
883 2005 1104 2050 Desideras
1128 2006 1295 2049 Deum?
1318 2004 1415 2065 quis

27 2082 148 2126 videt
167 2116 178 2136 ,
204 2081 284 2124 nisi
309 2080 450 2124 Deus?
479 2083 516 2124 A
532 2093 621 2138 quo
643 2077 757 2121 enim
782 2077 888 2136 petis
911 2080 1049 2120 Deum
1062 2110 1077 2131 ,
1097 2076 1208 2119 sicut
1226 2090 1382 2134 panem
1400 2109 1412 2131 ,

29 2153 139 2197 sicut
156 2166 313 2212 aquam
330 2186 340 2205 ,
361 2151 473 2194 sicut
495 2165 667 2202 aurum,
692 2149 804 2193 sieut
826 2156 1051 2205 argentum
1065 2182 1076 2201 ‚
1095 2147 1208 2191 sieut
1225 2145 1417 2190 frumen-

29 2225 158 2268 tum?
180 2239 203 2267 a
220 2238 309 2282 quo
330 2222 439 2281 petis
459 2224 594 2264 Deum
614 2220 695 2263 nisi
716 2235 739 2263 a
759 2220 874 2264 Deo?
900 2222 995 2278 Ipse
1010 2218 1173 2277 petitur
1194 2233 1218 2261 a
1239 2233 1283 2261 se
1304 2218 1413 2277 ipso,

29 2293 105 2354 qui
121 2292 334 2351 promittit
349 2307 394 2336 se
407 2291 565 2351 ipsum.
579 2288 796 2334 Extendat
810 2290 952 2333 anima
969 2288 1253 2349 cupiditatem
1269 2303 1412 2333 suam:

30 2373 73 2407 et
94 2364 192 2407 sinu
213 2363 436 2422 capaciore
458 2371 624 2422 quaerat
641 2359 1010 2419 comprehendere
1023 2359 1142 2420 quod
1158 2358 1310 2404 oculus
1327 2374 1416 2403 non

29 2435 140 2479 vidit
157 2469 168 2489 ,
202 2450 283 2478 nec
311 2433 425 2477 auris
461 2432 655 2488 audivit,
687 2445 767 2476 nec
794 2432 839 2475 in
861 2447 935 2475 cor
957 2432 1147 2475 hominis
1168 2429 1410 2475 ascendit⁶.

77 2536 84 2552 ¹
107 2538 126 2561 2
145 2531 216 2562 Cor.
236 2529 317 2571 v‚6.
338 2546 381 2552 —
407 2536 420 2551 ²
438 2528 519 2560 Psal.
540 2539 575 2568 v,
595 2531 626 2561 5.
643 2544 685 2551 —
701 2526 714 2551 3
736 2538 749 2560 ι
771 2529 858 2560 Petr.
874 2538 909 2567 v,
927 2526 960 2559 8.
977 2544 1018 2550 —
1039 2525 1056 2556 4
1071 2526 1257 2567 Psal.v1,7.
1276 2522 1410 2557 —51d.

30 2595 155 2626 xxxvu,
177 2595 227 2617 ιο.
244 2602 284 2608 -
299 2582 315 2607 6
337 2595 350 2617 1
371 2586 443 2618 Cor.
459 2595 497 2626 11,
515 2594 548 2626 9.
