1825 3214
351 197 391 222 iiv
425 192 599 221 solimus
633 194 914 237 eminentium
932 211 942 228 ,
977 193 1123 219 ἰ-ιιᾼιρτ.
1163 195 1238 219 νιι.
1439 184 1483 218 1.·›

104 284 118 302 »
153 253 320 320 (elephas
338 294 348 313 ‚
375 258 491 320 quod
524 259 835 317 interpretatiu·
864 261 1012 300 Petrus
1032 260 1058 299 ¹.
1091 280 1104 297 υ
1130 261 1223 301 Non
1253 272 1483 315 magnum,

95 333 197 392 quia
222 331 430 376 Dominus
462 330 572 374 dixit
593 331 718 389 cujus
742 328 855 372 filius
887 337 1000 372 esset
1022 328 1115 370 iste.
1143 329 1259 380 Quid
1283 343 1486 386 magnum

100 402 313 448 Domino?
328 401 485 446 Omnia
504 400 680 445 nomina
698 408 948 444 sanctorum
971 413 1149 442 suorum
1173 398 1352 452 sciebat,
1380 415 1489 458 quos

97 480 197 518 ante
236 472 593 517 constitutionem
626 469 779 514 mundi
813 467 1137 528 praedestinavit
1174 486 1182 512 :
1218 476 1261 511 et
1294 469 1485 523 miraris,

94 543 198 603 quia
219 541 328 587 dixit
349 543 426 586 uni
449 541 615 586 homini
634 558 642 585 :
677 542 743 584 Tu
765 554 808 583 es
829 538 940 582 (ilius
960 537 1073 582 illius
1092 572 1102 592 ‚
1129 547 1172 581 et
1196 538 1418 582 vocaberis
1436 538 1489 582 il-

95 613 206 658 lud?
221 615 448 671 Magnum,
472 612 574 672 quia
597 610 783 655 mutavit
800 610 838 653 ei
861 623 1038 663 nomen,
1059 617 1102 652 et
1118 609 1223 653 l'ecit
1239 608 1295 652 de
1317 608 1489 653 Simone

98 686 307 730 Petrum?
329 687 482 729 Petrus
504 692 650 728 autem
673 697 697 726 a
717 691 837 741 petra
855 716 866 735 ‚
882 689 1002 740 petra
1024 695 1127 725 vero
1151 680 1341 725 Ecclesia
1361 699 1369 725 :
1386 696 1490 738 crgo

96 756 143 800 in
164 756 282 800 Petri
316 756 494 800 nomine
523 755 707 813 figurata
742 762 806 798 est
837 752 1049 797 Ecclesia.
1088 755 1143 796 Et
1164 753 1262 812 quis
1284 767 1459 796 securus
1478 788 1488 806 ,

97 826 179 871 nisi
194 826 272 886 qui
293 825 480 870 aedificat
501 839 631 884 super
649 824 915 868 PetramPEt
931 822 1038 883 quid
1059 823 1119 867 ait
1141 822 1230 882 ipse
1253 822 1463 867 Dominus
1474 826 1491 864 Y

101 916 123 940 «
156 898 243 951 Qui
275 896 397 941 audit
430 897 563 941 verba
599 911 693 940 mea
724 896 844 951 haec,
877 905 920 939 et
942 893 1046 939 facit
1063 910 1111 939 ea
1133 929 1145 948 ‚
1169 893 1370 939 similabo
1390 910 1491 938 eum

101 986 123 1009 »
157 968 250 1013 viro
276 967 513 1027 prudenti,
551 967 785 1011 aedificanti
817 981 946 1026 super
980 975 1146 1025 petram
1176 984 1184 1010 :
1218 969 1232 1022 (
1261 981 1349 1010 non
1378 965 1493 1010 cedit

101 1056 122 1080 n
156 1038 474 1084 tentationibus
495 1056 504 1082 :
525 1039 541 1094 )
574 1036 799 1081 descendit
835 1036 1004 1095 pluvia,
1035 1045 1249 1080 venerunt
1272 1036 1455 1080 flumina
1477 1072 1487 1091 ‚

101 1127 123 1151 »
157 1110 376 1155 flaverunt
394 1109 530 1164 venti,
550 1118 594 1153 et
614 1098 891 1167 impegerunt
912 1108 957 1151 in
980 1107 1162 1152 domum
1179 1107 1320 1161 illam,
1342 1117 1385 1151 et
1402 1123 1491 1152 non

102 1198 122 1222 »
157 1178 344 1238 cecidit3
380 1178 565 1224 fundata
595 1179 710 1223 enim
736 1187 828 1224 erat
859 1194 988 1238 super
1016 1187 1201 1238 petram.
1244 1179 1329 1231 Qui
1370 1178 1492 1222 audit

101 1268 124 1293 »
158 1251 292 1296 verba
309 1264 405 1295 mea
421 1258 465 1294 et
486 1265 576 1295 non
599 1249 702 1294 facit
725 1265 774 1294 ea
801 1268 809 1294 ε
834 1251 952 1309 (jam
970 1249 1272 1310 unusquisque
1294 1259 1491 1294 nostrum

103 1339 124 1364 υ
158 1323 309 1367 timeat
322 1330 366 1367 et
379 1330 528 1366 caveat
553 1340 561 1366 :
582 1323 598 1379 )
619 1319 817 1365 similabo
839 1335 941 1364 eum
963 1321 1055 1365 viro
1071 1319 1207 1365 stulto
1224 1354 1235 1374 ‚
1259 1320 1335 1380 qui
1359 1319 1493 1364 acdifi-

102 1410 123 1435 »
156 1393 269 1439 cavit
298 1392 480 1438 domum
506 1407 628 1437 suam
651 1406 782 1451 super
815 1405 992 1435 arenam
1020 1410 1029 1436 :
1055 1390 1283 1435 descendit
1314 1390 1460 1449 pluvia
1478 1426 1488 1445 ‚

102 1481 124 1505 »
158 1472 375 1509 venerunt
409 1463 592 1508 flumina
609 1497 620 1518 ‚
656 1456 875 1507 flaverunt
902 1461 1048 1517 venti,
1073 1470 1116 1506 et
1143 1462 1419 1521 impegerunt
1446 1461 1492 1504 in

103 1552 125 1576 »
159 1534 342 1580 domum
369 1534 490 1579 illam
508 1567 520 1589 ,
544 1543 589 1578 et
608 1533 764 1578 cecidit
785 1551 794 1578 :
822 1541 865 1577 et
886 1532 999 1577 facta
1023 1542 1088 1577 est
1110 1533 1236 1576 ruina
1258 1533 1350 1591 ejus
1372 1546 1494 1589 mab·-

102 1623 124 1648 »
158 1621 215 1651 na
227 1609 259 1650 ².
291 1625 311 1648 »
338 1605 453 1660 Quid
469 1603 646 1665 prodest
667 1604 769 1665 quia
785 1604 918 1648 intrat
933 1603 1189 1658 Ecclesiam,
1205 1603 1283 1663 qui
1305 1603 1491 1647 vult-su·
1507 1636 1516 1644 .

99 1691 177 1735 per
199 1691 375 1721 arenam
396 1674 644 1720 aedificare?
676 1672 908 1718 Audiendo
930 1674 1046 1718 enim
1072 1682 1117 1718 et
1139 1688 1230 1718 non
1259 1672 1461 1718 faciendo
1477 1709 1488 1728 ‚

100 1746 287 1793 aedificat
309 1746 511 1807 quidem,
537 1745 613 1791 sed
635 1760 765 1805 super
787 1760 977 1790 arenam.
1001 1744 1044 1790 Si
1066 1744 1184 1789 enim
1205 1744 1316 1789 nihil
1338 1745 1488 1800 audit,

101 1818 214 1863 nihil
234 1817 423 1863 aedificat
442 1836 452 1862 :
484 1817 519 1862 si
539 1825 686 1862 autem
708 1815 830 1861 audit
846 1851 857 1870 ‚
882 1815 1084 1861 aedificat.
1112 1815 1198 1861 Sed
1225 1816 1462 1876 quaerimus
1478 1851 1488 1871 ,

102 1889 196 1933 ubi.
224 1888 268 1934 Si
289 1889 405 1933 enim
423 1887 546 1932 audit
563 1896 607 1932 et
623 1886 744 1943 facit,
768 1901 898 1946 super
919 1895 1089 1946 petram
1113 1906 1122 1931 :
1147 1887 1181 1932 si
1199 1886 1319 1931 audit
1343 1896 1386 1931 et
1402 1902 1492 1931 non

103 1957 208 2004 facit
222 1995 233 2015 ‚
262 1974 394 2019 super
411 1973 603 2004 arenam.
629 1961 726 2002 Duo
746 1966 847 2002 sunt
875 1971 1032 2016 genera
1049 1956 1361 2003 aedificantium
1382 1979 1393 2016 3
1419 1966 1494 2001 aut

103 2045 232 2092 super
247 2039 416 2092 petram
437 2066 448 2086 ‚
473 2039 550 2075 aut
571 2044 700 2090 super
729 2044 920 2074 arenam.
952 2028 1070 2083 Quid
1087 2044 1191 2089 ergo
1214 2029 1277 2077 illi
1299 2045 1390 2075 non
1411 2045 1493 2074 au-

104 2101 268 2147 diunt?
294 2102 434 2148 securi
461 2103 595 2146 sunt?
617 2115 790 2146 securos
817 2115 890 2146 eos
920 2098 1055 2157 dicit,
1089 2102 1191 2161 quia
1223 2100 1335 2145 nihil
1356 2100 1495 2145 aedifi-

104 2173 236 2218 cant?
257 2172 374 2219 Nudi
394 2181 497 2218 sunt
511 2172 594 2217 sub
615 2171 762 2231 pluvia
777 2206 789 2227 ‚
815 2180 915 2216 ante
936 2180 1088 2217 ventos
1106 2206 1117 2228 ‚
1154 2181 1254 2217 ante
1271 2171 1460 2226 ¹flumina
1482 2192 1493 2229 3

104 2259 207 2290 cum
231 2245 431 2290 venerint
456 2245 537 2289 ista
553 2278 565 2298 ,
590 2253 691 2288 ante
718 2243 815 2288 illos
840 2243 1002 2288 tollunt
1018 2278 1031 2299 ,
1055 2259 1189 2305 quam
1214 2244 1367 2289 domos
1385 2242 1496 2303 deji-

61 2333 63 2335 ’
105 2316 239 2361 ciant.
271 2318 386 2375 Ergo
408 2331 496 2361 una
519 2324 583 2360 est
603 2315 807 2359 securitas
823 2349 834 2370 ,
860 2323 903 2359 et
929 2313 1146 2360 aedificare
1166 2350 1178 2369 ‚
1201 2324 1244 2360 et
1265 2330 1395 2375 super
1417 2329 1496 2374 pe-

107 2395 220 2432 tram
238 2385 468 2432 aedificare.
495 2386 540 2432 Si
556 2384 707 2431 audire
727 2386 791 2431 vis
811 2394 856 2430 et
874 2400 965 2430 non
987 2384 1130 2431 facere
1147 2420 1159 2441 ‚
1183 2384 1399 2444 aedificas3
1422 2384 1498 2430 sed

109 2459 282 2504 ruinam
303 2457 488 2503 aedificas
507 2477 517 2503 ι
541 2473 643 2503 cum
665 2466 811 2501 autem
832 2456 1001 2502 venerit
1023 2457 1206 2503 tentatio
1224 2491 1235 2513 ‚
1251 2456 1397 2517 dejicit
1418 2456 1498 2501 do-

157 2549 165 2566 ¹
189 2545 279 2576 Joan.
299 2554 323 2585 1,
346 2542 399 2585 42.
423 2560 464 2566 —
486 2550 497 2566 ²
515 2543 635 2575 Matth.
660 2554 716 2584 vn,
737 2541 791 2584 24,
812 2546 877 2574 etc.
