1809 3173
350 210 397 249 311
410 208 433 248 4
773 217 806 246 s.
844 217 1074 248 Aucus-nm
1105 218 1287 246 EPISCOPI

348 285 591 344 telligamus
610 319 621 340 ‚
659 284 779 344 quod
814 285 941 329 etiam
982 284 1163 344 pristino
1197 297 1395 328 sermone
1428 281 1730 327 commendavi

345 356 556 402 Cliaritati
580 357 760 410 Vestrae,
786 371 917 400 unam
936 370 1161 415 personam
1180 369 1269 398 esse
1287 354 1504 399 Christum
1525 356 1663 397 Deum
1687 363 1730 397 et

345 427 585 482 hominem,
611 442 700 471 non
723 426 856 484 duas,
880 442 935 470 ne
958 426 1064 469 fides
1082 434 1226 469 nostra
1242 441 1332 469 non
1350 425 1403 469 sit
1422 425 1630 479 Trinitas,
1656 424 1731 467 sed

345 498 639 559 quaternitas?
660 498 857 543 Christus
883 513 986 556 ergo
1010 512 1123 540 unus
1149 506 1212 540 est
1243 515 1251 541 :
1277 497 1497 551 Verbum,
1523 495 1666 539 anima
1689 504 1731 539 et

345 586 445 615 caro
477 586 590 614 unus
620 571 818 615 Christus
861 588 870 614 :
904 568 1038 613 Filius
1066 569 1143 612 Dei
1179 577 1222 612 et
1253 567 1367 612 filius
1400 567 1589 612 hominis
1618 582 1731 610 unus

344 642 564 695 Christus,
592 641 727 685 Filius
751 640 828 684 Dei
858 655 1027 699 semper
1043 675 1053 695 ,
1079 639 1192 683 filius
1220 638 1407 682 hominis
1435 653 1485 681 ex
1506 646 1730 696 tempore3

345 723 493 758 tamen
522 727 635 755 unus
673 711 868 756 Christus
905 710 1146 754 secundum
1178 710 1391 753 unitatem
1428 723 1638 768 personae.
1680 711 1733 752 In

344 783 458 828 coelo
475 792 590 836 erat,
612 781 791 841 quando
809 782 852 825 in
871 790 983 825 terra
1003 780 1282 840 loquebatur.
1313 780 1380 825 Sic
1397 789 1489 823 erat
1510 779 1625 823 filius
1650 779 1732 823 ho-

344 854 470 898 minis
491 853 537 896 in
570 852 705 906 coelo,
732 851 955 911 quomodo
979 850 1114 895 Filius
1140 851 1214 895 Dei
1236 859 1328 894 erat
1349 850 1395 894 in
1417 859 1527 894 terra
1558 868 1568 894 t
1596 847 1732 893 Filius

344 924 422 968 Dei
443 925 488 967 in
511 932 623 968 terra
647 922 693 965 in
722 931 918 982 suscepta
940 937 1092 977 carne,
1127 921 1240 965 filius
1262 921 1449 966 hominis
1471 920 1516 964 in
1544 919 1658 964 coelo
1686 920 1732 964 in

344 995 511 1038 unitate
534 1009 745 1053 personae.

402 1069 455 1110 V.
483 1066 596 1119 Quid
613 1074 676 1109 est
697 1078 798 1122 ergo
821 1063 941 1123 quod
968 1062 1165 1123 adjungit
1190 1081 1198 1106 :
1228 1079 1247 1103 α
1274 1061 1457 1121 Spiritus
1479 1069 1543 1105 est
1564 1061 1641 1121 qui
1662 1061 1731 1105 vi-

349 1155 369 1179 »
404 1137 574 1192 vificat,
600 1151 700 1180 caro
722 1151 813 1180 non
848 1134 1024 1194 prodest
1047 1132 1288 1194 quidquam
1312 1134 1356 1176 ¹?
1380 1150 1400 1174 »
1438 1131 1639 1176 Dicamus
1668 1132 1728 1187 ei,

345 1208 540 1268 (patitur
557 1209 672 1252 enim
694 1223 772 1252 nos
794 1222 883 1252 non
913 1205 1281 1260 contradicentes,
1303 1203 1379 1248 sed
1402 1218 1525 1248 nosse
1551 1203 1733 1263 cupien-

347 1289 409 1324 tes
447 1281 486 1337 :)
519 1280 556 1322 O
590 1278 798 1333 Domine,
831 1277 1034 1336 magister
1056 1276 1187 1331 bone,
1215 1274 1438 1335 quomodo
1464 1293 1483 1316 «
1508 1276 1621 1319 Caro
1643 1289 1733 1319 non

348 1369 368 1392 ))
403 1349 581 1409 prodest
596 1349 856 1409 quidquam,
885 1365 905 1389 »
927 1362 1028 1392 cum
1048 1356 1097 1391 tu
1119 1346 1274 1390 dixeris
1298 1365 1307 1390 2
1335 1364 1355 1387 «
1380 1345 1468 1391 Nisi
1490 1345 1586 1405 quis
1604 1359 1731 1390 man-

334 1439 366 1481 .”
405 1421 630 1465 ducaverit
647 1434 819 1464 carnem
844 1433 982 1462 meam
999 1453 1009 1473 ,
1036 1426 1079 1461 et
1096 1417 1257 1461 biberit
1278 1415 1534 1474 sanguinem
1555 1429 1702 1459 meum
1718 1451 1729 1472 ,

347 1509 367 1532 »
404 1507 493 1534 non
508 1491 691 1535 habebit'
710 1490 755 1533 in
770 1505 813 1534 se
835 1489 966 1534 vitam
987 1490 1034 1532 2Ξ)
1058 1506 1078 1530 »
1100 1490 1168 1532 An
1190 1487 1279 1532 vita
1302 1501 1391 1531 non
1412 1484 1586 1545 prodest
1604 1485 1734 1546 quid-

345 1565 503 1622 quam?
526 1571 568 1606 et
587 1571 763 1622 propter
780 1561 889 1621 quid
910 1574 1058 1604 sumus
1081 1558 1201 1619 quod
1218 1572 1382 1611 sumus,
1404 1557 1484 1600 nisi
1505 1564 1556 1600 ut
1571 1557 1734 1601 habea-

344 1649 441 1677 mus
462 1634 595 1678 vitam
619 1642 849 1687 aeternam,
875 1646 1006 1692 quam
1029 1640 1103 1675 tua
1126 1645 1254 1674 carne
1273 1628 1514 1689 promittis?
1535 1627 1643 1688 quid
1670 1637 1734 1673 est

345 1721 470 1764 ergo,
496 1724 515 1747 «
532 1707 628 1750 Non
646 1704 824 1764 prodest
843 1703 1084 1764 quidquam
1107 1704 1238 1747 caro?
1261 1720 1281 1743 >›
1302 1703 1398 1746 Non
1416 1700 1591 1760 prodest
1609 1700 1732 1760 quid-

345 1791 494 1836 quam,
515 1775 589 1819 sed
611 1775 834 1835 quomodo
856 1775 918 1818 illi
934 1773 1245 1818 intellexerunt
1270 1791 1278 1816 :
1304 1786 1478 1815 carnem
1495 1771 1657 1831 quippe
1675 1771 1732 1815 sic

345 1846 671 1901 intellexerunt,
709 1844 932 1905 quomodo
969 1845 1015 1888 in
1045 1843 1252 1887 cadavere
1286 1841 1536 1896 dilaniatur,
1577 1849 1653 1885 aut
1685 1841 1731 1884 in

347 1916 528 1962 macello
541 1916 761 1971 venditur,
777 1932 866 1960 non
879 1915 1100 1976 quomodo
1116 1915 1269 1974 spiritu
1284 1921 1525 1972 vegetatur.
1545 1912 1732 1957 Proinde

346 1989 403 2033 sic
433 1987 600 2032 dictum
623 1996 686 2031 est
710 2006 719 2032 :
756 2006 775 2028 «
800 1989 912 2031 Caro
941 2001 1030 2030 non
1060 1984 1237 2044 prodest
1258 1981 1498 2043 quidquam
1527 2001 1537 2028 t
1575 2001 1595 2023 »
1621 1998 1732 2042 quo-

349 2058 478 2103 modo
500 2057 667 2102 dictum
684 2066 747 2101 est
773 2076 782 2102 ε
812 2076 833 2099 «
862 2056 1046 2101 Scientia
1071 2055 1210 2098 inflat.
1240 2072 1260 2094 »
1285 2056 1382 2098 Jam
1400 2067 1500 2111 ergo
1522 2051 1731 2097 debemus

347 2128 484 2173 odisse
505 2128 725 2173 scientiam
742 2129 759 2169 ‘3
777 2127 902 2171 absit.
926 2130 981 2170 Et
1004 2124 1111 2186 quid
1128 2134 1207 2179 est,
1235 2124 1418 2170 Scientia
1440 2123 1595 2167 inflat?
1615 2123 1727 2179 sola,

346 2200 436 2243 sine
452 2199 674 2251 charitate.
695 2197 798 2242 Ideo
822 2196 1019 2256 adjunxit
1040 2215 1048 2240 :
1076 2195 1309 2241 «Charitas
1326 2210 1428 2238 vero
1447 2193 1636 2238 aedificat
1652 2194 1683 2237 ³.
1707 2212 1728 2236 »

346 2269 471 2316 Adde
486 2286 588 2329 ergo
600 2270 789 2314 scientiae
812 2269 1085 2323 charitatem,
1106 2277 1148 2311 et
1167 2267 1284 2311 utilis
1304 2266 1386 2310 erit
1405 2265 1582 2310 scientia
1608 2283 1616 2309 ε
1641 2280 1732 2308 non

345 2357 422 2401 per
455 2357 519 2394 se,
545 2340 620 2384 sed
643 2345 717 2400 per
735 2340 1003 2384 charitatem.
1033 2339 1099 2383 Sic
1128 2338 1258 2381 etiam
1286 2352 1403 2381 nunc
1421 2372 1431 2391 ,
1462 2354 1481 2378 α
1507 2338 1619 2381 Caro
1641 2350 1731 2379 non

349 2431 368 2454 »
404 2411 579 2472 prodest
595 2410 852 2470 quidquam,
879 2430 895 2451 »
921 2408 996 2453 sed
1013 2408 1102 2453 sola
1126 2423 1225 2452 caro
1252 2426 1261 2453 ε
1287 2407 1463 2452 accedat
1486 2407 1658 2466 spiritus
1675 2404 1730 2449 ad

345 2498 535 2537 carnem,
561 2480 782 2542 quomodo
806 2479 971 2525 accedit
999 2479 1184 2524 charitas
1207 2479 1262 2523 ad
1284 2478 1508 2524 scientiam
1524 2512 1535 2533 ‚
1559 2486 1604 2522 et
1624 2492 1730 2537 pro-

396 2575 404 2591 ¹
425 2570 517 2601 Joan.
535 2579 584 2609 vr,
602 2566 659 2609 64.
681 2584 722 2589 -
747 2566 855 2598 21bid.
875 2564 927 2606 54.
949 2582 990 2588 --
1011 2563 1024 2588 3
1047 2575 1059 2596 1
1077 2566 1149 2597 Cor.
1177 2575 1241 2605 vm,
1264 2575 1292 2595 1.
