1809 3173
352 185 428 224 164
777 195 809 222 s.
848 194 1076 222 Auen-§Tim
1110 197 1288 223 Ei’iscoi‘i

345 261 468 305 nobis
482 259 857 306 commendantur.
877 261 1126 316 Intuemini,
1148 261 1341 315 obsecro,
1359 260 1531 318 etligite
1556 274 1720 304 memo-

345 332 417 374 riae
439 329 559 390 quod
574 329 694 387 dico,
720 346 775 374 ne
797 331 885 374 sitis
907 339 1228 390 contemptores
1244 331 1387 386 verbi,
1404 346 1457 374 nc
1487 330 1562 373 liat
1584 330 1727 373 anima

343 410 480 445 vestra
498 401 585 454 via,
612 401 688 444 ubi
706 416 836 460 grana
856 402 971 461 jacta
995 417 1083 446 non
1102 402 1345 460 germinent
1367 421 1375 445 z
1402 421 1417 439 «
1444 403 1500 445 Et
1521 400 1724 455 venient,

348 492 366 514 »
401 473 571 533 inquit,
598 471 787 517 volatilia
812 472 935 527 coeli,
962 481 1005 515 et
1033 472 1239 530 colligent
1268 488 1316 516 ea
1333 475 1361 515 ¹.
1386 491 1405 513 »
1429 471 1661 530 Percipite,
1687 481 1730 516 et

343 542 565 588 recondite
579 543 622 586 in
642 542 846 587 cordibus
862 543 1023 586 vestris.
1041 543 1272 587 Charitatis
1290 553 1501 601 praecepta
1522 543 1610 586 duo
1629 552 1730 586 sunt

343 632 365 659 a
396 615 580 658 Domino
603 615 904 657 commendata
921 649 931 668 ,
957 633 976 654 «
998 613 1156 671 Diliges
1180 613 1411 657 Dominum
1437 616 1575 656 Deum
1606 622 1726 656 tuum

345 705 363 726 »
400 702 449 729 ex
484 695 575 729 toto
606 685 736 729 eorde
772 693 868 738 tuo,
906 693 948 727 et
981 700 1030 726 ex
1064 693 1153 727 tota
1189 684 1328 727 anima
1366 693 1460 736 tua,
1495 693 1537 727 et
1565 699 1614 727 ex
1642 693 1729 728 tota

349 775 366 796 »
404 765 549 798 mente
579 764 649 798 tua
673 774 679 797 ;
707 773 724 793 n
759 763 821 807 et,
848 774 867 794 «
889 753 1046 811 Diliges
1080 755 1323 812 proximum
1358 763 1482 797 tuum
1522 763 1727 814 tanquam

346 844 365 867 »
403 836 443 870 te
458 827 597 884 ipsum
616 830 647 867 2.
674 844 692 865 »
719 828 767 868 tn
783 825 848 868 his
865 826 1038 868 duobus
1055 826 1277 884 praeceptis
1299 834 1386 868 tota
1407 828 1489 868 Lex
1509 826 1670 884 pendet
1688 834 1730 868 et

346 898 587 956 Prophetae,
606 896 762 940 Merito
785 905 828 939 et
845 895 918 939 illa
941 895 1069 939 vidua
1094 912 1241 940 omnes
1265 896 1488 940 facultates
1512 912 1624 951 suas,
1643 896 1730 940 duo

341 968 507 1010 minuta
532 967 645 1010 misit
668 967 711 1009 in
734 965 847 1010 dona
873 966 946 1010 Dei
967 967 981 992 ³
1004 982 1011 1007 :
1040 967 1194 1011 merito
1216 977 1258 1010 et
1278 983 1356 1025 pro
1378 966 1453 1011 illo
1476 966 1686 1025 languido
1710 984 1732 1010 a

341 1037 584 1083 latronibus
618 1038 807 1080 sauciato
829 1072 839 1089 ,
880 1036 1140 1081 stabularius
1180 1036 1288 1081 duos
1326 1053 1528 1081 nummos
1566 1038 1733 1097 accepit

343 1109 460 1152 unde
482 1117 706 1151 sanaretur
725 1111 739 1131 ⁴
760 1108 940 1151 :merito
968 1108 1083 1166 apud
1111 1109 1398 1152 Samaritanos
1424 1107 1607 1151 biduum
1631 1108 1734 1152 lecit

342 1182 490 1232 Jews,
504 1188 553 1222 ut
574 1195 645 1223 eos
665 1179 873 1223 charitate
890 1179 1120 1222 firmarets’.
1138 1179 1308 1223 Binario
1331 1194 1430 1236 ergo
1449 1179 1529 1222 isto
1552 1195 1733 1224 numero

343 1265 443 1294 cum
474 1249 641 1310 aliquid
675 1250 776 1293 boni
810 1249 1073 1306 significatur
1089 1285 1099 1304 ,
1122 1250 1304 1293 maxime
1329 1250 1531 1309 bipertita
1549 1250 1733 1294 charitas

343 1321 689 1365 commendatur.
731 1320 772 1364 Si
807 1335 907 1377 ergo
945 1320 1310 1380 quadragenarius
1351 1337 1557 1365 numerus
1600 1322 1735 1366 habet

344 1391 654 1452 perfectionem
685 1392 830 1450 Legis,
857 1400 898 1434 et
923 1394 1010 1434 Lex
1039 1407 1127 1435 non
1163 1391 1368 1451 impletur
1391 1392 1470 1436 nisi
1491 1392 1536 1435 in
1562 1392 1734 1450 gemino

346 1472 563 1521 praecepto
585 1462 804 1505 charitatis
825 1483 835 1519 3
861 1461 968 1521 quid
991 1462 1156 1505 miraris
1179 1464 1277 1522 quia
1298 1462 1560 1520 languebat,
1586 1463 1661 1522 qui
1681 1463 1735 1506 ad

345 1533 658 1592 quadraginta,
680 1532 769 1576 duo
794 1532 934 1578 minus
955 1533 1179 1576 habebat?

408 1606 507 1647 Vll.
533 1602 763 1646 Videamus
779 1602 1062 1661 proindcjam
1082 1619 1169 1662 qua
1191 1613 1462 1648 sacramento
1481 1603 1553 1647 ille
1570 1603 1735 1662 langui-

348 1675 429 1718 dus
450 1683 626 1718 curetur
642 1690 662 1717 a
680 1674 880 1717 Domino.
902 1674 1032 1717 Venit
1049 1674 1162 1717 enim
1185 1674 1274 1733 ipse
1298 1675 1529 1729 Dominus,
1551 1674 1737 1718 charita·

351 1745 401 1789 tis
416 1745 584 1799 doctor,
611 1745 819 1788 charitate
841 1744 1012 1803 plenus,
1032 1742 1245 1799 brevians,
1267 1744 1376 1788 sicut
1396 1744 1449 1788 de
1465 1744 1540 1788 illo
1560 1744 1737 1804 praedic-

349 1825 443 1859 tum
467 1825 550 1870 est,
577 1815 760 1859 verbum
785 1830 913 1873 super
948 1823 1106 1858 terram
1124 1816 1226 1859 6:et
1260 1815 1450 1859 ostendit
1482 1815 1526 1858 in
1559 1815 1734 1859 duobus

350 1887 574 1947 praeceptis
609 1886 826 1930 charitatis
861 1886 1050 1945 pendere
1088 1889 1244 1944 Legem
1283 1895 1325 1930 et
1349 1887 1599 1945 Prophetas.
1627 1887 1734 1930 Inde

351 1973 452 2015 ergo
476 1957 683 2016 pependit
704 1959 874 2014 Moyses
897 1956 1239 2016 quadragenario
1258 1972 1335 2000 suo
1354 1991 1364 2011 ,
1390 1956 1490 2000 inde
1505 1956 1620 2000 Elias
1635 1972 1734 2001 cum

351 2046 450 2084 suo,
477 2030 594 2072 hunc
623 2043 852 2072 numerum
878 2027 1023 2072 attulit
1049 2028 1254 2071 Dominus
1285 2028 1329 2071 in
1362 2027 1610 2072 testimonio
1638 2043 1731 2072 suo.

352 2103 540 2145 Curatur
562 2100 640 2143 iste
661 2097 892 2157 languidus
911 2115 932 2142 a
952 2106 1161 2157 praesente
1185 2098 1384 2152 Domino,
1403 2098 1477 2142 sed
1496 2099 1613 2156 prius
1630 2096 1738 2159 quid

355 2171 394 2214 ei
418 2170 546 2214 dicit?
568 2189 584 2211 «
608 2170 682 2213 Vis
704 2185 831 2213 sanus
860 2169 1045 2212 ssei-19⁷»
1068 2167 1307 2227 Respondit
1339 2167 1410 2212 ille
1433 2169 1653 2213 hominem
1693 2183 1737 2212 se

357 2258 444 2286 non
468 2242 649 2296 habere,
672 2257 692 2284 a
712 2257 799 2300 quo
817 2241 859 2283 in
883 2240 1089 2299 piscinam
1112 2239 1324 2283 mittatur.
1347 2241 1456 2283 Vere
1475 2239 1737 2283 necessarius

358 2322 448 2356 erat
466 2311 526 2355 illi
545 2312 676 2355 homo
694 2310 746 2354 ad
768 2310 992 2354 sanitatem
1012 2330 1021 2365 3
1042 2309 1114 2353 sed
1134 2310 1265 2354 homo
1282 2308 1354 2351 ille
1372 2310 1445 2368 qui
1464 2319 1506 2353 et
1524 2313 1635 2353 Deus
1656 2320 1733 2353 cst.

408 2435 414 2450 ¹
437 2429 541 2460 Mare.
564 2439 609 2467 iv,
637 2426 667 2467 4.
691 2443 729 2448 --
749 2433 759 2448 ²
778 2426 892 2458 Matth.
919 2436 998 2467 xxii,
1023 2426 1074 2468 37.
1099 2443 1137 2447 -
1159 2424 1171 2448 3
1196 2428 1266 2459 Luc.
1287 2437 1349 2467 xxi,
1367 2435 1396 2458 2.
1416 2444 1454 2449 -ψ
1475 2426 1488 2451 5
1510 2428 1553 2459 id.
1572 2438 1601 2467 x,
1623 2427 1674 2458 35.
1698 2444 1737 2450 ——

360 2483 374 2507 5·
392 2487 482 2515 Joan.
515 2480 720 2525 1v‚40.—s'
744 2484 813 2515 lsai.
836 2494 866 2522 x,
887 2482 941 2520 23,
961 2487 993 2514 ct
1012 2493 1126 2523 xxviii,
1142 2490 1197 2523 22,
1220 2486 1252 2513 et
1277 2483 1364 2514 Rom.
1386 2493 1430 2523 ix,
1454 2486 1506 2514 28.
1548 2500 1573 2505 *-
1603 2490 1615 2514 7
1643 2485 1733 2516 Joan.

360 2551 400 2581 v,
426 2541 458 2572 ti.
