1825 3214
282 216 324 241 in
358 212 531 242 JOANle
565 212 872 253 ΕνΑΜιΕιιυΜ,
906 212 1052 243 rimer.
1092 218 1164 243 xv.
1351 205 1430 244 1⁴3

43 277 97 322 de
119 291 162 322 se
182 278 275 336 ipso
309 278 385 333 ait,
414 298 434 320 α
460 280 556 324 Non
588 288 651 323 est
677 279 892 338 Propheta
927 279 1019 322 siue
1057 281 1238 334 honore,
1276 282 1355 326 nisi
1387 282 1431 325 in

47 364 66 388 »
101 347 239 406 patria
272 351 396 392 sua¹.
441 367 461 390 »
503 351 611 393 ltem
649 348 703 392 de
732 347 807 393 illo
835 349 1003 393 dictum
1035 358 1098 393 cst
1137 350 1190 394 ad
1231 354 1428 409 Moysen,

45 434 65 459 κ
101 417 363 476 Prophetam
387 418 446 462 eis
478 418 697 463 suscitabo
722 419 777 462 de
811 418 1017 463 fratribus
1052 435 1220 475 eorum,
1246 422 1429 466 similem

45 506 63 529 »
99 487 190 531 tui²
209 506 252 532 z»
271 487 455 533 similem
485 488 642 534 scilicet
673 489 726 534 ad
747 489 931 534 formam
954 491 1110 545 carnis,
1132 506 1220 535 non
1247 492 1301 535 ad
1324 494 1429 536 cmi-

39 558 231 603 nentiam
255 560 499 619 majestatis.
524 563 636 618 Ergo
659 561 904 604 invenimus
929 562 1161 606 Dominum
1180 562 1428 618 Jesumdic·

40 637 132 673 tum
156 630 432 688 Prophetam.
461 630 646 675 Proinde
674 633 765 692 jam
790 647 877 675 non
912 632 1101 676 multum
1134 642 1247 676 errat
1273 633 1430 678 mulier

39 699 134 744 ista.
162 719 182 742 «
201 701 353 755 Video,
380 702 538 761 inquit,
559 703 661 762 quia
691 703 904 761 Propheta
921 712 1044 747 estu.
1065 723 1084 744 »
1108 705 1430 763 lncipitvocare

39 769 197 825 virum,
218 770 467 815 adulterum
491 771 723 816 excludere
746 792 755 817 ι
784 791 803 814 «
833 773 971 817 Video
1005 774 1106 833 quia
1133 775 1349 833 Propheta
1385 790 1429 818 es

41 857 62 882 η
99 849 161 884 tu.
189 858 208 881 »
234 843 289 885 Et
309 841 462 900 incipit
481 857 676 901 quaerere
694 842 814 902 quod
837 842 954 886 illam
976 843 1083 888 solet
1100 859 1285 888 movere.
1311 847 1430 890 Con-

41 910 177 954 tentio
206 911 368 970 quippe
400 910 542 956 fuerat
572 912 684 956 inter
710 913 997 958 samaritanos
1026 923 1068 958 et
1099 914 1290 969 Judaeos,
1327 916 1427 975 quia

36 978 178 1024 Judaei
199 980 245 1024 in
268 980 431 1040 templo
455 997 478 1025 a
503 980 735 1026 Salomone
751 982 965 1028 fabricato
992 983 1231 1029 adorabant
1251 988 1386 1029 Deum
1416 1005 1424 1030 :

39 1050 295 1096 Samaritani
316 1049 446 1110 longe
468 1051 570 1095 inde
593 1052 736 1111 positi,
762 1068 851 1097 non
880 1053 924 1096 in
957 1068 1008 1097 eo
1041 1054 1294 1099 adorabant.
1324 1056 1429 1100 ldeo

36 1120 179 1165 Judaei
208 1120 407 1166 meliores
427 1138 470 1165 se
493 1138 582 1166 esse
598 1123 838 1182 jactabant,
865 1124 967 1183 quia
1002 1124 1047 1167 in
1079 1125 1243 1183 templo
1271 1125 1427 1170 adora-

37 1190 145 1236 bant
161 1194 316 1236 Deum.
347 1211 367 1234 «
392 1195 489 1238 Non
504 1193 619 1238 enim
643 1203 885 1238 coutuntur
901 1197 922 1238 J
931 1194 1042 1238 udaei
1063 1197 1338 1240 Samaritanis
1365 1216 1373 1241 ε
1403 1216 1422 1239 n

36 1262 137 1322 quia
159 1261 363 1307 dicebant
389 1265 466 1318 eis,
492 1266 721 1317 Quomodo
743 1281 818 1310 vos
837 1266 1026 1326 jactatis,
1051 1276 1094 1310 et
1126 1266 1223 1311 ideo
1239 1283 1314 1311 vos
1338 1283 1426 1311 me-

35 1331 161 1376 liores
183 1333 308 1377 nobis
335 1348 425 1378 esse
452 1335 701 1394 perhibetis,
727 1336 828 1396 quia
864 1337 1077 1396 templum
1115 1337 1282 1382 habetis
1305 1337 1426 1398 quod

35 1416 113 1447 nos
146 1417 235 1447 non
257 1403 499 1448 habemus?
517 1405 743 1465 Numquid
770 1415 913 1465 patres
947 1408 1079 1451 nostri
1100 1407 1176 1467 qui
1213 1411 1299 1452 Deo
1328 1408 1424 1467 pla-

34 1481 235 1528 cuerunt,
261 1472 306 1517 in
328 1472 403 1518 isso
421 1474 585 1534 templo
608 1475 900 1521 adoraverunt
916 1479 933 1520 ⁴?
952 1493 1098 1522 nonne
1113 1479 1156 1522 in
1173 1488 1321 1523 monte
1344 1479 1424 1523 isto

33 1540 339 1598 adoraverunt,
366 1543 442 1587 ubi
465 1560 544 1590 nos
566 1549 747 1590 sumus?
769 1547 925 1592 Melius
949 1563 1051 1606 ergo
1070 1563 1165 1601 nos,
1194 1549 1419 1608 inquiunt,

33 1611 79 1656 in
95 1612 178 1658 hoc
201 1621 349 1657 monte
380 1616 518 1658 Deum
554 1630 771 1674 rogamus,
809 1617 886 1660 ubi
909 1626 1049 1676 patres
1082 1618 1217 1662 nostri
1242 1633 1421 1676 rogave-

35 1691 153 1727 runt.
179 1684 520 1729 Contendebant
552 1687 728 1745 utrique
760 1688 914 1746 ignari,
942 1688 1043 1748 quia
1067 1689 1209 1733 virum
1237 1705 1327 1734 non
1350 1690 1424 1734 ha-

33 1753 185 1798 bentes
203 1754 287 1799 :illi
300 1769 378 1814 pro
392 1756 572 1816 templo,
590 1757 652 1800 illi
669 1773 746 1817 pro
764 1768 912 1803 monte
925 1759 1196 1805 inflabantur
1215 1759 1421 1805 adversus

34 1823 236 1868 invicem.

93 1895 255 1938 XXIV.
285 1894 495 1939 Dominus
524 1904 668 1940 tamen
702 1896 833 1942 modo
869 1897 977 1959 quid
1013 1898 1143 1944 docet
1175 1899 1417 1956 mulierem,

35 1972 245 2024 tanquam
259 1966 382 2024 cujus
397 1967 461 2010 vir
478 1968 660 2026 coeperit
679 1983 865 2027 praesens
881 1970 1002 2013 esse?
1021 1988 1042 2012 «
1064 1970 1175 2014 Dicit
1195 1971 1234 2014 ei
1249 1971 1420 2026 mulier,

39 2051 61 2077 ιο
96 2035 294 2090 Domine,
320 2034 447 2080 video
488 2036 590 2096 quia
621 2038 836 2096 Propheta
868 2054 911 2082 es
934 2049 997 2083 tu.
1032 2042 1177 2084 Patres
1209 2041 1344 2085 nostri
1376 2041 1422 2084 in

40 2122 60 2147 »
95 2113 243 2150 monte
260 2106 343 2149 hoc
365 2105 672 2163 adoraverunt,
693 2118 736 2153 et
753 2125 830 2154 vos
845 2109 1003 2166 dicitis,
1028 2112 1130 2171 quia
1144 2111 1424 2169 Jerosolymis

41 2193 62 2219 »
96 2184 160 2220 est
179 2175 317 2230 locus,
343 2176 418 2221 ubi
459 2178 640 2222 adorare
674 2189 861 2238 oportet.
890 2181 1002 2226 Dicit
1036 2182 1075 2225 ei
1100 2185 1239 2238 Jesus,
1265 2180 1423 2227 Mulier

41 2263 64 2290 n
97 2246 223 2290 crede
241 2246 347 2290 mihi
366 2247 396 2290 ³.
425 2266 446 2289 »
469 2248 624 2292 Veniet
644 2249 762 2293 enim
784 2250 990 2306 Ecclesia,
1017 2252 1128 2296 sicut
1159 2252 1326 2298 dictum
1360 2262 1426 2297 est

40 2315 86 2361 in
107 2315 295 2362 Canticis
316 2318 600 2373 canticorum,
621 2319 766 2364 veniet
784 2330 828 2365 et
851 2323 1110 2380 pertransiet
1131 2323 1186 2368 ab
1222 2324 1346 2369 initio
1374 2324 1426 2367 fi-

42 2386 113 2433 dei
128 2389 158 2431 ⁴¹.
185 2388 342 2432 Veniet
363 2397 412 2434 ut
431 2398 714 2448 pertranseat,
734 2400 777 2435 et
794 2393 1050 2451 pertransire
1066 2409 1156 2440 non
1182 2404 1324 2456 potest
1345 2396 1425 2440 nisi

94 2491 103 2509 ¹
129 2486 206 2517 Luc.
232 2496 276 2528 iv,
304 2483 359 2528 24.
382 2502 424 2512 --
446 2493 459 2510 ²
483 2489 576 2520 Deut.
597 2498 698 2528 xvm,
727 2487 778 2520 18.
810 2505 846 2512 —
869 2487 882 2512 3
905 2492 996 2523 Joan.
1017 2498 1063 2533 tv,
1098 2501 1213 2534 19-21.
1234 2509 1276 2516 —
1299 2491 1315 2522 lo
1332 2493 1423 2524 Cant.

42 2540 135 2584 ωδ,
149 2543 242 2584 juxta
263 2552 337 2575 ux.
