1809 3173
342 217 425 257 454
751 226 784 255 s.
821 227 1050 256 AUGUSTINI
1082 230 1261 257 EPISCOPI

343 314 361 335 n
395 293 469 337 sed
491 309 566 352 per
586 294 839 337 charitatem
864 296 1018 339 servite
1039 296 1220 339 invicem
1241 300 1268 340 ¹.
1298 315 1317 338 η
1345 300 1442 341 Non
1480 312 1579 355 ergo
1601 298 1715 343 dicat

334 365 623 417 Christianus,
646 365 775 407 Liber
793 380 888 408 sum
905 400 915 419 ‚
940 365 983 408 in
1003 365 1247 409 libertatem
1272 376 1450 411 vocatus
1472 383 1566 411 sum
1587 385 1597 412 :
1623 385 1713 412 ser-

333 451 412 481 vus
435 451 572 490 eram,
596 435 669 479 sed
694 435 943 495 redemptus
971 451 1067 479 sum
1085 470 1095 490 ,
1115 445 1158 480 et
1174 437 1263 495 ipsa
1285 439 1581 498 redemptione
1603 439 1714 484 liber

333 508 514 551 effectus
546 522 641 550 sum
658 541 669 562 ,
699 505 853 550 faciam
887 507 1007 566 quod
1038 506 1163 561 Volo,
1189 524 1317 552 nemo
1338 524 1407 552 me
1440 512 1668 568 prohibeat
1690 528 1714 555 a

333 577 557 623 voluntate
579 593 675 621 mea
689 613 700 632 ,
724 578 755 620 si
787 577 897 620 liber
916 592 1027 620 sum.
1055 577 1138 621 Sed
1160 578 1193 621 si
1216 578 1293 621 ista
1315 578 1537 624 voluntate
1558 597 1713 640 pecca-

332 658 427 693 tum
448 648 553 692 facis
569 684 580 703 ,
612 664 756 693 servus
781 664 823 692 es
848 648 1026 707 peccati.
1052 647 1150 692 Noli
1178 664 1279 707 ergo
1300 649 1498 694 libertate
1516 652 1635 695 abuti
1658 653 1713 696 ad

330 720 467 764 libere
500 719 797 778 peccandum,
833 717 908 761 sed
944 727 1065 761 utere
1099 718 1153 762 ad
1189 735 1278 763 non
1309 721 1594 778 peccandum.
1619 723 1714 767 Erit

331 791 445 834 enim
470 789 669 833 voluntas
692 797 766 831 tua
787 787 923 831 libera
938 823 949 843 ‚
971 789 1004 832 si
1023 787 1154 832 suerit
1174 789 1257 847 pia.
1282 790 1375 833 Eris
1396 790 1506 834 liber
1526 826 1537 842 ,
1561 792 1595 835 si
1617 792 1713 836 fue-

329 861 385 904 ris
407 875 580 916 servus3
607 858 719 902 liber
738 859 902 917 peccati
919 893 929 912 ‚
955 873 1100 902 servus
1123 860 1301 918 justitiae
1329 879 1337 903 :
1372 860 1542 904 dicente
1572 866 1713 921 Apos-

330 930 421 974 tolo
444 948 453 974 :
483 931 629 973 «Cum
652 929 762 972 servi
779 927 922 971 essetis
946 928 1126 987 peccati,
1152 927 1276 972 liberi
1300 930 1425 973 eratis
1441 931 1667 989 justitiae2:
1688 950 1708 974 »

331 1015 450 1044 nunc
483 1009 627 1043 autem
650 999 821 1042 liberati
849 1014 873 1041 a
900 1007 1105 1057 peccato,
1140 999 1249 1042 servi
1289 1009 1434 1043 autem
1456 1000 1561 1045 facti
1597 1005 1709 1058 Deo,

328 1071 497 1115 habetis
520 1070 712 1114 fructum
739 1078 931 1113 vestrum
953 1070 997 1113 in
1019 1070 1426 1126 sanctificationem,
1455 1072 1587 1116 finem
1610 1088 1712 1118 vero

328 1141 461 1186 vitam
485 1150 705 1184 aeternam.
730 1142 822 1183 Hoc
840 1155 1049 1183 conemur
1066 1174 1077 1193 ‚
1098 1139 1143 1182 id
1161 1155 1349 1197 agamus.

394 1214 470 1255 IX.
509 1212 650 1254 Prima
681 1210 857 1253 libertas
891 1219 955 1253 est
976 1225 1120 1253 carere
1156 1210 1423 1254 criminibus.
1464 1212 1709 1268 Intendite‚

330 1283 483 1326 fratres
502 1281 587 1325 mei
604 1316 614 1336 ‚
640 1281 854 1324 intendite
881 1300 889 1325 :
914 1296 969 1324 ne
990 1280 1102 1324 forte
1133 1282 1291 1339 possim
1322 1282 1560 1340 perducere
1592 1285 1714 1328 vobis

331 1353 386 1396 ad
409 1367 580 1395 sensum
604 1361 646 1394 et
669 1352 807 1410 qualis
827 1352 958 1395 modo
982 1351 1062 1406 sit,
1088 1360 1132 1395 et
1154 1351 1293 1410 qualis
1315 1352 1463 1396 futura
1485 1354 1538 1397 sit
1559 1355 1637 1398 ista
1658 1354 1712 1398 ii-

290 1418 298 1424 ⁴
330 1425 489 1468 bertas.
531 1421 783 1474 Quemlibet
820 1422 947 1466 valde
973 1423 1141 1481 justum
1169 1422 1371 1467 discutias
1410 1425 1453 1467 in
1481 1425 1562 1469 hac
1595 1426 1710 1481 vita,

329 1494 527 1554 quamvis
541 1494 629 1552 jam
648 1493 701 1535 sit
723 1491 880 1550 dignus
895 1493 999 1552 justi
1016 1493 1246 1547 vocabulo,
1266 1510 1355 1538 non
1377 1503 1440 1538 est
1458 1504 1601 1538 tamen
1625 1495 1714 1540 sine

330 1572 510 1624 peccato
546 1581 555 1607 t
592 1561 694 1606 audi
724 1563 866 1621 ipsum
896 1571 1093 1606 sanctum
1125 1565 1359 1618 Joannem,
1393 1565 1514 1624 cujus
1553 1574 1596 1609 et
1630 1566 1714 1611 hoc

331 1633 618 1691 Evangelium
653 1642 717 1677 est
737 1668 747 1688 ,
772 1634 817 1676 in
844 1632 1037 1692 Epistola
1067 1648 1143 1677 sua
1167 1633 1383 1678 dicentem
1411 1653 1419 1679 ε
1445 1653 1465 1678 «
1493 1635 1534 1680 Si
1557 1634 1716 1680 dixeri-

334 1722 355 1746 »
390 1718 508 1756 mus,
534 1704 678 1761 inquit
693 1738 704 1756 ‚
736 1704 837 1761 quia
858 1713 1086 1760 peccatum
1118 1720 1207 1749 non
1229 1705 1440 1749 habemus
1457 1740 1467 1760 ‚
1501 1720 1579 1750 nos
1601 1707 1714 1765 ipsos

332 1792 355 1816 n
390 1773 655 1832 decipimus,
696 1780 739 1815 et
763 1772 919 1816 veritas
949 1771 995 1815 in
1029 1772 1152 1816 nobis
1188 1787 1279 1816 non
1301 1778 1408 1817 estss.
1436 1792 1456 1815 »
1486 1775 1610 1819 Solus
1631 1778 1715 1822 hoc

332 1844 474 1888 dicere
509 1842 652 1901 potuit
690 1843 735 1885 in
763 1843 944 1885 mortuis
983 1841 1121 1897 liber,
1155 1842 1210 1886 de
1242 1842 1333 1887 solo
1366 1843 1452 1887 dici
1474 1845 1618 1903 potuit
1639 1847 1715 1906 qui

329 1930 418 1960 non
439 1923 617 1958 noverat
645 1922 887 1972 peccatum,
904 1912 959 1956 de
975 1912 1066 1956 solo
1088 1912 1172 1956 dici
1194 1913 1359 1971 potuit:
1385 1915 1545 1958 etenim
1568 1931 1714 1975 exper-

330 1995 401 2031 tus
418 1994 481 2029 est
498 1984 642 2029 omnia
665 1983 903 2027 secundum
924 1983 1250 2026 similitudinem
1273 1983 1363 2027 sine
1381 1994 1574 2043 peccato.
1590 1987 1714 2031 Solus

331 2057 473 2101 dicere
497 2055 670 2115 potuit:
700 2073 717 2094 «
744 2057 857 2098 Ecce
885 2054 1030 2098 veniet
1060 2053 1260 2113 princeps
1292 2055 1472 2110 mundi,
1502 2065 1545 2100 et
1577 2057 1623 2101 in
1644 2073 1714 2102 me

333 2146 353 2170 >i
389 2125 498 2170 nihil
520 2125 710 2169 inveniet
725 2125 756 2168 4.
781 2141 801 2165 »
822 2127 1153 2184 Quemcumque
1170 2123 1301 2168 alium
1323 2124 1423 2169 licet
1439 2126 1605 2186 justum
1627 2128 1712 2172 dis·

331 2197 510 2243 cusseris
525 2231 536 2251 ‚
562 2212 652 2241 non
674 2194 925 2239 omnimodo
943 2204 1007 2239 cst
1027 2196 1116 2238 sine
1138 2205 1331 2254 peccato.
1352 2198 1440 2241 Nec
1462 2196 1600 2257 qualis
1622 2208 1714 2243 erat

332 2269 416 2313 Joh
432 2303 443 2323 ‚
469 2267 539 2311 cui
564 2267 773 2311 ‘Dominus
794 2265 880 2310 tale
900 2266 1192 2310 testiinonium
1217 2266 1470 2326 perhibeat,
1490 2277 1540 2312 ut
1561 2268 1714 2313 diabo-

331 2341 400 2384 lus
429 2339 644 2383 invideret
659 2373 670 2393 ‚
695 2347 738 2381 et
759 2336 997 2397 postularet
1024 2337 1284 2381 tentandum
1302 2373 1313 2393 ,
1342 2347 1513 2382 tentans
1532 2355 1712 2398 supera-

330 2420 451 2456 retur
472 2418 522 2454 ut
551 2408 624 2453 ille
656 2408 916 2468 probaretur
931 2410 961 2452 ⁵.
994 2407 1098 2453 Ideo
1126 2418 1272 2453 autem
1299 2408 1372 2453 ille
1392 2410 1600 2469 probatus
1622 2420 1706 2467 est,

379 2514 391 2530 ¹
407 2505 511 2540 Galat.
535 2517 570 2548 v,
599 2505 650 2537 13.
675 2521 717 2529 —
736 2512 749 2529 ²
767 2507 859 2538 Rom.
878 2516 922 2547 vi,
941 2514 994 2540 20.
1014 2522 1055 2530 —
1073 2503 1087 2529 3
1113 2517 1126 2539 1
1146 2507 1236 2538 Joan.
1260 2517 1284 2548 1,
1303 2505 1335 2538 8.
1353 2522 1394 2530 --
1407 2503 1424 2531 4
1442 2507 1534 2540 Joan.
1557 2517 1621 2548 xiv,
1651 2506 1705 2540 30.

336 2578 378 2589 o-
390 2559 407 2586 5
421 2561 497 2595 Job.
513 2572 539 2604 1,
559 2562 595 2603 8,
611 2564 678 2593 etc.
