1825 3214
261 181 302 207 in
336 177 509 206 sommis
544 174 852 214 EvAnGELIUM‚
888 176 1032 205 anter.
1071 180 1141 204 xx.
1326 168 1403 206 145,

26 247 245 290 montem?
276 242 489 288 descende
530 252 578 287 ut
605 242 804 301 attingas.
838 242 922 287 Sed
949 243 1179 286 ascendere
1207 244 1268 287 vis
1286 248 1303 288 ἰ’
1339 262 1407 289 as—

23 315 161 360 cende
189 335 197 360 :
224 314 312 359 noli
335 323 527 359 montem
554 329 763 374 qucerere.
799 333 818 355 α
847 313 1143 367 Ascensiones‚
1176 314 1331 373 inquit,
1365 316 1407 359 in

25 405 46 427 n
82 387 212 432 corde
227 387 366 445 ejus,(
390 386 471 429 hoe
501 383 694 429 Psalmus
713 383 869 442 dicit),
903 385 946 427 in
975 383 1171 429 convalle
1202 384 1408 443 ploratio-

25 477 46 499 »
84 458 192 501 nis¹.
233 475 252 497 »
286 454 505 502 Convallis
536 454 827 499 humilitatem
856 454 1003 498 habet.
1035 457 1151 514 Ergo
1190 455 1305 499 intus
1333 473 1410 515 age

23 537 179 572 totum.
200 529 255 571 Et
272 526 305 571 si
329 525 441 570 sorte
463 527 618 586 quaeris
642 524 831 586 aliquem
869 524 1017 570 locum
1038 525 1192 580 altum,
1219 525 1406 586 aliquem

22 597 168 643 locum
185 606 405 651 sanctum,
431 597 546 641 intus
562 596 715 640 exhibe
742 605 783 640 te
804 596 1013 656 templum
1042 600 1146 642 Deo.
1179 595 1407 656 Templum

21 669 138 713 enim
179 668 252 712 Dei
280 677 478 713 sanctum
501 676 586 721 est,
625 666 745 727 quod
771 668 869 712 estis
907 669 1026 712 vos2.
1068 670 1120 712 In
1152 668 1315 727 templo
1348 668 1409 712 vis

19 754 158 792 orare,
183 739 228 782 in
251 748 291 783 te
317 754 406 783 ora.
428 736 513 783 Sed
528 737 644 797 prius
665 746 757 782 esto
778 737 992 798 templum
1010 739 1102 794 Dei,
1128 739 1229 799 quia
1257 737 1329 782 ille
1362 738 1408 782 in

23 808 187 868 templo
205 824 282 853 suo
305 808 504 853 exaudiet
528 817 755 852 orantem.-

82 881 243 923 xxv1.
279 898 299 920 «
320 879 451 922 Venit
473 893 574 937 ergo
597 879 720 933 hora,
761 887 804 923 et
837 894 955 923 nunc
993 888 1072 934 est,
1107 878 1284 939 quando
1322 879 1411 924 veri

27 968 48 991 »
86 948 333 994 adoratores
352 948 598 992 adorabunt
620 951 792 992 Patrem
813 950 856 993 in
874 950 1029 1009 spiritu
1050 959 1093 994 et
1107 950 1303 994 veritate.
1327 953 1411 995 Nos

26 1039 46 1062 »
82 1019 313 1064 adoramus
353 1017 474 1079 quod
512 1018 685 1073 scimuS,
722 1034 796 1063 vos
829 1021 1017 1064 adoratis
1049 1021 1170 1080 quod
1204 1021 1409 1066 nescitis:

26 1109 46 1131 »
82 1092 291 1152 quoniam
314 1090 427 1134 salus
453 1105 504 1133 ex
525 1089 689 1133 Judaeis
711 1099 823 1134 est.»
850 1091 1040 1136 Multum
1063 1090 1184 1135 dedit
1218 1091 1379 1135 Judaeis
1402 1112 1410 1136 ;

24 1162 99 1206 sed
120 1163 208 1207 noli
229 1163 331 1206 istos
355 1161 562 1221 reprobos
583 1161 789 1221 accipere.
815 1163 1027 1206 Parietem
1062 1162 1188 1207 illum
1219 1163 1413 1222 accipere

24 1233 95 1278 eui
118 1234 349 1294 adjunctus
371 1242 435 1276 est
452 1232 575 1286 alius,
601 1241 651 1276 ut
668 1233 806 1292 pacati
830 1233 875 1276 in
889 1232 1033 1292 lapide
1054 1232 1267 1293 angulari,
1295 1234 1414 1294 quod

24 1312 89 1348 est
124 1304 338 1359 Christus,
371 1302 677 1363 copulentur³.
705 1305 825 1348 Unus
856 1304 971 1347 enim
1012 1305 1149 1364 paries
1179 1321 1201 1349 a
1231 1304 1411 1360 Judaeis,

24 1389 137 1418 unus
165 1390 188 1418 a
219 1374 432 1419 Gentibus
460 1393 469 1419 2
501 1372 630 1432 longe
652 1389 675 1417 a
703 1389 747 1418 se
774 1373 842 1418 isti
862 1373 1061 1434 parietes,
1092 1374 1168 1419 sed
1205 1374 1344 1420 donec
1370 1376 1414 1419 in

24 1445 185 1503 angulo
207 1446 541 1505 conjungantur.
574 1442 839 1502 Alienigenae
873 1453 1019 1489 autem
1053 1446 1243 1506 hospites
1272 1456 1408 1500 erant,

25 1525 69 1560 et
89 1516 307 1576 peregrini
330 1531 353 1560 a
376 1516 644 1560 testamentis
672 1515 765 1560 Dei.
800 1516 1050 1561 Secundum
1073 1517 1156 1561 hoe
1188 1532 1288 1574 ergo
1317 1516 1411 1561 dic-

26 1596 118 1631 tum
147 1597 210 1632 est
227 1593 242 1642 ‚'
280 1589 412 1631 «Nos
447 1585 678 1631 adoramus
711 1586 832 1647 quod
872 1588 1051 1632 scimus:
1076 1606 1095 1629 »
1133 1591 1197 1632 Ex
1230 1604 1412 1648 persona

23 1656 202 1718 quidem
234 1656 491 1700 Judaeorum
524 1656 691 1700 dictum
721 1666 806 1710 est,
838 1657 915 1700 sed
955 1673 1046 1702 non
1084 1658 1280 1702 omnium
1328 1662 1410 1702 Ju-

24 1728 244 1786 daeorum,
268 1743 358 1771 non
383 1727 671 1786 reproborum
697 1729 720 1771 J
728 1727 954 1772 udaeorum
980 1747 988 1772 z
1015 1728 1091 1772 sed
1121 1728 1176 1773 de
1206 1729 1410 1788 qualibus

24 1798 205 1843 fuerunt
231 1796 457 1857 Apostoli,
489 1796 640 1857 quales
669 1796 850 1842 fuerunt
877 1799 1128 1857 Prophetae,
1161 1799 1310 1859 quales
1322 1800 1412 1844 fue-

24 1878 128 1914 runt
154 1867 217 1912 illi
249 1883 399 1912 omnes
429 1867 580 1922 sancti,
619 1866 696 1927 qui
731 1868 876 1912 omnia
911 1883 988 1912 sua
1021 1868 1332 1926 vendiderunt,
1368 1880 1412 1915 et

24 1940 161 1999 pretia
185 1954 331 1983 rerum
358 1953 533 1982 suarum
564 1936 620 1981 ad
642 1936 773 1996 pedes
794 1938 1104 1997 Apostolorum
1122 1951 1362 2000 posuerunt
1377 1942 1409 1985 ⁴.

27 2030 48 2052 «
82 2012 179 2056 Non
197 2010 312 2054 enim
326 2008 486 2069 repulit
499 2011 613 2053 Deus
633 2007 807 2067 plebem
824 2024 946 2054 suam
963 2026 1095 2070 quam
1113 2012 1367 2070 praeseivit⁵.
1387 2030 1407 2053 »

82 2083 269 2135 XXVII.
289 2080 468 2124 Audivit
482 2080 565 2124 hoc
586 2078 742 2123 mulier
761 2080 857 2136 ista,
880 2090 922 2125 et
940 2081 1123 2126 addidit.
1142 2083 1412 2128 ,Iamdudum

24 2152 283 2212 prophetam
309 2150 474 2195 dixerat
500 2169 508 2195 :
533 2149 642 2195 vidit
673 2150 773 2195 talia
806 2151 950 2196 dicere
972 2167 1073 2197 eum
1102 2169 1202 2198 cum
1229 2170 1317 2214 quo
1344 2154 1413 2200 lo-

25 2222 265 2282 quebatur,
295 2236 395 2281 quae
418 2222 507 2281 jam
530 2220 629 2279 plus
656 2229 797 2266 essent
833 2221 889 2266 ad
923 2223 1179 2282 prophetam
1205 2244 1213 2269 ;
1239 2234 1283 2269 et
1305 2225 1413 2285 quid
1454 2233 1460 2238 ’

26 2291 265 2353 respondit,
304 2290 448 2337 videte
474 2310 483 2336 :
520 2311 540 2333 «
573 2291 686 2336 Dicit
714 2293 753 2336 ei
783 2292 955 2349 mulier,
991 2294 1087 2339 Seio
1117 2295 1218 2355 quia
1239 2296 1414 2340 Messias

30 2382 52 2407 »
88 2364 224 2420 venit,
248 2363 326 2424 qui
343 2363 500 2408 dicitur
522 2362 719 2409 Christus
740 2381 751 2410 ε
777 2379 880 2409 cum
897 2379 1000 2425 ergo
1019 2366 1186 2410 venerit
1208 2365 1296 2422 ille,
1323 2381 1419 2411 om-

81 2468 90 2486 ¹
111 2460 192 2495 Psal.
218 2471 346 2503 nunu,
363 2460 445 2495 6.-
463 2466 477 2485 ⁸
499 2471 512 2494 1
534 2462 609 2495 Cor.
636 2470 686 2504 m,
722 2470 823 2503 17.—
844 2459 858 2486 3
877 2461 995 2505 Ephes.
1015 2474 1048 2505 ιι,
1069 2461 1173 2505 ι4.-
1191 2462 1207 2494 4
1225 2466 1296 2497 Act.
1318 2462 1420 2505 1v‚34

34 2533 75 2542 -
96 2516 112 2541 ⁵
130 2519 222 2552 Rom.
238 2528 283 2558 ¹1,
303 2525 336 2550 2.

189 2580 326 2612 cxxu.
1182 2573 1232 2612 10
