1825 3214
299 242 340 268 nv
374 238 549 267 somnis
581 237 892 276 EvANoanM,
926 236 1073 266 TnAc'r.
1110 238 1205 265 vm.
1389 224 1443 263 25

63 307 178 352 diem
212 306 487 351 Dominieum
508 304 757 348 solemniter
781 302 1035 364 impleamus
1063 304 1106 347 in
1131 301 1297 362 gaudiis
1324 302 1444 363 spiriu

65 377 276 432 tualibus,
301 386 344 422 et
365 391 664 435 comparemus
681 375 835 433 gaudia
856 374 1046 418 veritatis
1061 388 1160 417 curn
1185 373 1349 432 gaudiis
1371 388 1445 417 va-

64 450 207 494 nitatis
233 469 241 493 :
267 457 309 492 et
331 449 364 492 si
385 449 611 493 horremus
631 482 641 501 ,
672 446 923 503 doleamus,
947 445 981 489 si
1000 445 1197 490 dolemus
1213 479 1223 499 ,
1244 459 1444 502 oremus·,

63 521 96 565 si
114 535 284 566 oramus
302 555 312 575 ‚
337 518 647 576 exaudiamur,
666 518 699 562 si
717 516 1000 572 exaudimur,
1025 525 1068 560 et
1090 513 1185 560 illos
1207 513 1443 561 lucramur.

66 674 1447 697 Ummmmmwwmmmmmmmmmwwmmm

436 839 441 843 -
464 805 869 854 TRACTATUS
904 806 1016 851 VIII
1032 804 1058 849 ².

66 948 133 992 Ab
154 962 205 992 eo
225 947 449 1007 Evangelii
472 947 594 991 loco:
621 945 671 990 E
675 955 691 990 t
708 944 784 989 <lie
807 945 947 989 tertia
970 943 1146 1003 nuptia?
1162 943 1325 1004 fitetoe
1341 951 1449 986 sunt

124 1020 173 1062 in
211 1018 351 1062 Cana
380 1016 631 1062 Galiloeoe:
658 1032 795 1076 usque
827 1016 880 1059 ad
903 1014 946 1058 id
969 1034 977 1059 z
1011 1012 1145 1073 Quid
1162 1011 1281 1057 mila·
1301 1022 1346 1057 et
1366 1010 1452 1056 tila·

124 1098 194 1133 est
215 1084 422 1133 mulier?
441 1085 672 1134 Nondum
699 1086 828 1131 venit
853 1084 975 1130 1ιοιά
997 1100 1122 1129 mea.

124 1226 158 1268 Ι.
184 1227 452 1270 Mummium
475 1224 654 1285 quidem
676 1222 851 1268 Domini
874 1221 1009 1266 nostri
1030 1223 1131 1265 Jesu
1149 1219 1307 1265 Christi
1325 1254 1336 1274 ,
1363 1234 1450 1280 quo

67 1294 122 1340 de
150 1311 261 1356 aqua
289 1296 440 1340 vinum
470 1295 574 1340 feeit
591 1331 602 1350 ,
643 1310 732 1340 non
759 1302 823 1338 est
861 1293 1019 1337 mirum
1041 1291 1100 1335 eis
1120 1291 1197 1352 qui
1235 1300 1452 1335 noverunt

67 1366 168 1426 quia
194 1370 306 1411 Deus
331 1367 450 1410 fecit.
478 1370 574 1426 Ipse
594 1367 709 1410 enim
733 1365 834 1410 fecit
852 1365 1003 1408 vinum
1027 1362 1101 1407 illo
1126 1362 1195 1406 die
1217 1362 1260 1405 in
1290 1361 1453 1421 nuptiis

68 1438 113 1482 in
135 1453 206 1482 sex
227 1437 309 1483 illis
324 1438 511 1496 hydriis,
532 1454 638 1498 quas
655 1438 823 1498 impleri
844 1453 954 1498 aqua
973 1435 1223 1496 prsecepit’2,
1241 1434 1316 1494 qui
1333 1433 1451 1478 omni

69 1523 184 1563 anno
206 1507 310 1554 facit
331 1509 415 1554 hoc
447 1510 491 1552 in
513 1509 690 1553 vitibus.
712 1509 831 1554 Sicut
853 1508 969 1552 enim
992 1506 1113 1567 quod
1135 1505 1345 1549 miserunt
1371 1504 1453 1546 mi·

69 1579 191 1623 nistri
213 1580 258 1623 in
284 1579 474 1638 hydrias,
499 1580 543 1624 in
566 1580 714 1624 vinum
738 1593 995 1624 conversum
1017 1586 1081 1621 est
1103 1590 1232 1636 opere
1250 1574 1449 1619 Domini:

69 1650 129 1694 sic
155 1659 198 1694 et
229 1649 350 1711 quod
371 1651 511 1694 nubes
544 1649 740 1695 fundunt
759 1685 770 1705 ,
795 1651 839 1693 in
861 1650 1013 1693 vinum
1041 1647 1307 1692 convertitur
1336 1647 1453 1706 ejus-

70 1721 170 1764 dem
193 1735 323 1780 opere
345 1721 532 1765 Domini.
555 1720 671 1764 Illud
693 1729 838 1765 autem
860 1735 948 1764 non
971 1718 1194 1772 miramur,
1216 1717 1318 1777 quia
1335 1716 1455 1762 omni

70 1805 184 1834 anno
202 1790 277 1835 fit:
302 1790 551 1835 assiduitate
582 1791 722 1835 amisit
743 1790 1092 1835 admirationem.
1113 1791 1222 1834 Nam
1247 1798 1289 1832 et
1309 1789 1454 1833 consi-

70 1861 338 1905 derationem
360 1863 564 1922 majorem
587 1861 768 1917 invenit,
794 1877 926 1922 quam
942 1861 987 1905 id
1009 1860 1128 1921 quod
1148 1859 1311 1904 factum
1327 1870 1390 1904 est
1411 1860 1455 1903 in

71 1932 236 1991 hydriis
258 1949 398 1994 aquae.
424 1933 526 1987 Quis
556 1942 619 1977 est
651 1933 765 1977 enim
801 1933 876 1994 qui
912 1932 1156 1977 considerat
1190 1947 1320 1991 opera
1345 1931 1452 1985 Dei,

71 2005 232 2065 quibus
253 2006 417 2066 regitur
438 2014 482 2049 et
498 2005 823 2049 administratur
844 2013 961 2049 totus
981 2005 1052 2048 hie
1070 2003 1282 2058 mundus,
1303 2012 1346 2047 et
1367 2017 1456 2047 non

71 2076 339 2135 obstupescit
350 2077 637 2136 obruiturque
652 2075 890 2120 miraculis?
906 2076 948 2121 Si
966 2075 1209 2120 consideret
1221 2074 1307 2119 vim
1328 2074 1456 2118 unius

72 2148 214 2206 grani,
239 2147 471 2206 cujuslibet
492 2148 688 2203 seminis,
710 2163 868 2207 magna
892 2147 1093 2208 quaedam
1111 2162 1177 2191 res
1200 2155 1278 2200 est,
1303 2147 1457 2191 horror

71 2228 134 2262 est
156 2217 463 2262 consideranti.
499 2218 581 2263 Sed
610 2219 711 2278 quia
744 2218 942 2262 homines
964 2219 1009 2261 in
1035 2216 1155 2261 aliud
1178 2217 1335 2261 intenti
1357 2231 1456 2276 per-

71 2288 278 2334 diderunt
313 2289 702 2334 considerationem
736 2305 916 2350 operum
956 2289 1031 2333 Dei
1049 2325 1060 2345 ,
1095 2289 1140 2332 in
1174 2305 1261 2349 qua
1301 2287 1457 2332 darent

70 2359 244 2404 laudem
279 2360 475 2421 quotidie
503 2361 697 2406 Creatori
727 2379 735 2405 :
765 2370 974 2421 tanquam
1007 2360 1191 2404 servavit
1227 2360 1307 2403 sibi
1342 2362 1454 2403 Deus

70 2432 273 2476 inusitata
305 2432 505 2492 quaedam
533 2448 632 2492 quae
666 2432 851 2487 faceret,
887 2442 938 2476 ut
959 2441 1167 2492 tanquam
1190 2430 1453 2476 dormientes

70 2503 287 2559 homines,
312 2502 367 2548 ad
384 2519 428 2548 se
450 2503 683 2549 colendum
711 2503 983 2548 mirabilibus
1005 2503 1226 2548 excitaret.
1253 2506 1452 2547 Mortuus

119 2606 127 2621 ¹
149 2600 283 2634 Habitus
293 2600 345 2634 die
356 2601 495 2643 proxima
506 2607 582 2634 ante
597 2603 703 2634 Tract.
724 2601 849 2644 subseq.
871 2618 905 2626 --
934 2608 947 2624 ²
971 2603 1063 2634 Joan.
1089 2612 1126 2642 n,
1151 2612 1184 2642 9.
