1809 3173
349 155 431 194 384
789 164 821 191 s.
859 164 1086 193 Auous'rim
1123 167 1299 194 EP1SC01>1

345 330 623 346 AAMVWWXM‘WVVV!
629 330 1050 346 QMWOEKMOEMNQWWWVS
1055 330 1728 347 mmummumwwumwwmmmmwum

701 471 1106 519 TRACTATUS
1141 472 1316 517 XXXV
1332 469 1362 517 ¹.

342 634 412 678 Ab
433 648 485 678 eo
506 633 627 694 quod
660 633 845 690 legitur,
871 631 1115 676 Dt'oeerant
1133 648 1246 694 ergo
1265 630 1512 676 Plzam'soet
1529 667 1540 687 ,
1569 631 1643 676 Ta
1671 630 1730 675 de

402 714 446 748 te
489 705 591 763 ipso
633 703 952 747 testimoniam
988 701 1234 762 perhibes,
1273 712 1355 747 etc.
1393 718 1530 762 usque
1568 702 1623 746 ad
1652 701 1725 757 id,

405 774 592 821 Verum
632 782 706 817 est
741 774 1058 817 testimonium
1098 789 1276 829 meam,
1314 774 1428 832 quia
1462 773 1561 817 scio
1603 770 1730 817 unde

402 845 512 890 veni
532 854 578 889 et
600 860 693 903 quo
713 843 858 889 vado.

401 995 436 1037 Ι.
464 996 527 1037 ΒΕ
544 992 687 1037 verbis
714 991 885 1036 Domini
903 992 1038 1035 nostri
1055 994 1157 1035 Jesu
1181 991 1362 1045 Christi,
1389 991 1465 1034 ubi
1487 991 1565 1044 ait,
1591 1008 1610 1031 «
1635 992 1730 1048 Ego

343 1082 362 1105 »
398 1079 494 1107 sum
516 1064 593 1107 lux
617 1062 769 1106 mundi
800 1082 808 1107 :
835 1064 911 1122 qui.
941 1078 1009 1105 me
1037 1062 1256 1121 sequitur,
1290 1077 1379 1105 non
1412 1060 1654 1104 ambulabit
1684 1060 1731 1103 in

342 1153 361 1176 »
398 1135 587 1178 tenebris
605 1169 615 1188 ‚
649 1133 724 1177 sed
754 1133 935 1176 habebit
958 1132 1108 1176 lumen
1126 1132 1267 1186 vitae'2‚
1293 1149 1311 1171 »
1331 1132 1533 1175 hesterno
1564 1130 1633 1174 die
1654 1130 1730 1189 qui

339 1206 543 1260 affuistis,
569 1205 645 1249 diu
668 1204 938 1264 disputatum
959 1220 1047 1247 esse
1065 1203 1319 1247 meministis
1342 1222 1350 1246 2
1372 1212 1414 1246 et
1436 1203 1469 1246 si
1495 1201 1637 1245 adhuc
1659 1217 1728 1245 ve-

336 1276 465 1321 limus
488 1276 542 1320 de
564 1276 638 1320 illo
660 1275 825 1320 lumine
842 1275 1084 1334 disputare,
1101 1274 1176 1317 diu
1199 1274 1321 1333 loqui
1344 1289 1570 1332 possumus
1592 1292 1600 1316 :
1626 1287 1728 1316 nam

337 1363 426 1392 non
456 1362 684 1406 possumus
707 1345 919 1404 explicare
940 1345 1216 1404 compendio.
1245 1348 1399 1404 Itaque
1415 1379 1426 1399 ‚
1452 1343 1605 1388 fratres
1624 1344 1722 1396 mei,

311 1419 317 1423 ’
336 1433 569 1478 sequamur
608 1417 831 1461 Christum
867 1414 1018 1459 lumen
1052 1414 1206 1458 mundi
1222 1450 1232 1469 ‚
1275 1430 1329 1458 ne
1374 1414 1645 1458 ambulemus
1680 1414 1726 1457 in

336 1488 541 1533 tenebris.
576 1487 784 1531 Tenebrae
820 1485 1066 1530 metuendae
1100 1495 1202 1529 sunt
1217 1520 1227 1540 7
1262 1501 1433 1529 morum
1449 1520 1459 1540 ‚
1496 1501 1585 1528 non
1617 1500 1724 1528 ocu—

334 1560 478 1604 lorum
507 1579 514 1604 :
541 1567 584 1602 et
621 1558 655 1601 si
683 1556 934 1611 oculorum,
981 1572 1069 1600 non
1103 1556 1365 1600 exteriorum
1385 1590 1395 1609 ,
1433 1555 1507 1599 sed
1545 1555 1725 1598 interio—

334 1647 454 1685 rum,
478 1629 597 1674 unde
617 1628 874 1673 discernitur
904 1643 992 1672 non
1010 1627 1158 1671 album
1181 1636 1223 1670 et
1247 1627 1437 1685 nigrum,
1461 1625 1535 1670 sed
1554 1627 1722 1686 justum

334 1713 376 1747 et
394 1703 618 1762 injustum.

395 1777 453 1818 II.
476 1775 588 1818 Cum
608 1773 700 1815 haec
719 1785 820 1828 ergo
839 1770 1013 1814 dixisset
1032 1770 1241 1813 Dominus
1264 1778 1410 1813 noster
1431 1771 1455 1811 J
1459 1782 1561 1812 esus?
1576 1767 1722 1811 Chris-

337 1855 403 1889 tus
421 1880 432 1900 ‚
452 1841 769 1903 responderunt
791 1840 931 1884 Judaei
947 1875 958 1894 ,
988 1858 1008 1881 «
1036 1843 1101 1883 Tu
1122 1840 1176 1882 de
1207 1848 1249 1883 te
1268 1839 1564 1883 testimonium
1585 1836 1689 1881 dicis
1707 1872 1717 1892 ,

338 1935 357 1957 »
394 1914 688 1960 testimonium
717 1922 840 1956 tuum
864 1926 953 1954 non
975 1919 1038 1953 est
1058 1924 1211 1953 verum
1226 1909 1257 1952 ³.
1289 1928 1306 1949 n
1335 1912 1579 1968 Antequam
1600 1909 1722 1951 veni-

336 1996 401 2031 ret
423 1985 632 2030 Dominus
651 1992 796 2028 noster
817 1984 941 2027 Jesus
963 1980 1160 2025 Christus
1176 2014 1187 2032 ‚
1211 1978 1370 2022 multas
1399 1988 1499 2021 ante
1516 1994 1559 2021 se
1576 1977 1720 2021 lucer-

335 2075 411 2103 nas
430 2057 704 2118 propheticas
727 2053 925 2099 accendit
946 2062 988 2096 et
1011 2052 1140 2095 misit.
1158 2054 1218 2095 De
1235 2050 1301 2094 his
1323 2050 1452 2093 etiam
1475 2059 1566 2093 erat
1587 2052 1721 2094 Joan-

335 2145 410 2173 nes
442 2129 660 2188 Baptista,
695 2126 766 2171 cui
794 2134 881 2169 tam
908 2137 1114 2180 magnum
1147 2122 1289 2180 ipsum
1317 2121 1493 2175 lumen,
1521 2121 1640 2180 quod
1657 2129 1721 2164 est

335 2200 546 2244 Dominus
568 2198 764 2244 Christus
786 2194 1009 2255 perhibuit
1026 2192 1343 2245 testimonium,
1370 2191 1498 2251 quale
1515 2190 1623 2234 nulli
1647 2191 1720 2235 ho-

336 2272 501 2315 minum
526 2289 534 2314 ι
560 2270 618 2312 ait
639 2268 753 2312 enim
775 2302 786 2322 7
816 2285 836 2307 «
858 2268 907 2308 In
931 2265 1041 2308 natis
1059 2263 1290 2306 mulierum
1314 2277 1402 2306 non
1424 2262 1604 2306 surrexit
1626 2277 1718 2306 ma-

338 2361 358 2383 »
388 2343 458 2402 jor
480 2344 649 2385 Joanne
671 2338 860 2397 Baptista
877 2337 908 2380 4.
931 2354 950 2375 »
975 2335 1054 2379 Hic
1077 2344 1237 2388 tamen,
1264 2348 1351 2392 quo
1374 2348 1502 2376 nemo
1525 2343 1615 2377 erat
1632 2348 1721 2376 ma-

385 2448 392 2462 ¹
417 2439 551 2472 Habitus
568 2437 619 2469 die
635 2435 781 2479 proximo
799 2437 872 2476 post
889 2435 1071 2465 Tractatum
1090 2430 1299 2473 superiorem.
1321 2445 1361 2452 —
1379 2436 1390 2451 ²
1409 2431 1500 2461 Joan.
1522 2440 1585 2470 vui,
1610 2437 1659 2462 12.
1677 2445 1717 2451 —

339 2486 449 2528 3119ιλ
474 2494 524 2528 κδ,
539 2491 609 2518 -4
628 2491 742 2524 Matth.
762 2501 806 2531 iu,
830 2500 878 2521 11.
