1809 3173
372 168 454 205 280
752 176 785 204 5.
834 176 1064 206 AUGUSTINI
1097 180 1276 207 Erlscom

368 243 495 287 minis
518 242 711 286 facturus
734 243 788 286 sit
812 245 840 286 ¹.
875 246 936 287 De
958 260 1046 304 quo
1070 260 1202 303 regno
1225 246 1351 289 etiam
1375 245 1609 304 Apostolus
1623 245 1749 299 dixit,

369 329 469 357 cum
495 313 720 357 tradiderit
749 329 931 372 regnum
961 318 1049 359 Deo
1079 325 1122 359 et
1145 316 1262 359 Patri
1294 319 1325 359 ².
1354 316 1478 359 Unde
1507 316 1634 360 etiam
1664 317 1753 376 ipse

369 385 428 428 ait
467 404 477 429 2
512 404 532 426 «
564 384 746 440 Venite,
776 385 992 429 benedicti
1027 387 1162 429 Patris
1198 386 1310 440 mei,
1345 386 1550 446 percipite
1574 402 1753 444 regnum

367 455 488 516 quod
505 455 626 500 vobis
644 465 842 515 paratum
862 466 926 500 est
949 457 1003 499 ab
1028 457 1151 500 initio
1170 457 1325 500 mundi
1354 459 1386 500 ³.
1414 476 1433 498 »
1453 458 1659 517 Discipuli
1677 474 1756 502 au-
1775 494 1779 498 .

364 537 454 572 tem
477 536 519 570 et
541 528 682 571 turbae
710 526 933 571 credentes
958 527 1001 570 in
1028 542 1144 580 eum,
1171 537 1437 586 putaverunt
1455 528 1580 572 illum
1604 530 1662 573 sic
1680 544 1753 573 ve-

361 599 473 643 nisse
486 599 635 657 utjam
654 607 877 657 regnaret:
901 598 981 641 hoc
1000 606 1063 641 est
1079 596 1190 641 velle
1203 613 1353 657 rapere
1370 607 1413 642 et
1427 613 1573 657 regem
1591 599 1749 655 facere,

361 670 602 730 praevenire
629 668 742 713 velle
775 678 947 728 tempus
983 670 1100 728 ejus,
1126 667 1246 728 quod
1269 669 1357 728 ipse
1388 669 1505 730 apud
1534 685 1577 714 se
1606 670 1754 715 occul-

362 742 500 795 tabat,
526 750 575 784 ut
592 749 838 800 opportune
857 740 1077 800 proderet,
1099 751 1141 784 61
1165 750 1412 800 opportune
1434 741 1479 785 in
1501 741 1588 786 fine
1606 742 1752 786 saeculi

365 812 620 857 declararet.
1615 843 1619 847 -

426 886 508 927 III.
533 885 642 927 Nam
662 890 711 925 ut
732 881 954 936 noveritis,
976 882 1078 941 quia
1102 896 1244 940 regem
1259 897 1358 926 eum
1375 881 1583 927 volebant
1597 881 1753 937 facere,

364 952 410 996 id
452 962 544 1007 est,
582 951 861 1007 antevenire,
894 961 937 995 et
962 953 1051 1012 jam
1088 953 1249 996 habere
1283 952 1564 996 manifestum
1594 953 1754 997 Christi

365 1038 566 1082 regnum,
599 1037 730 1083 quem
757 1022 898 1081 primo
921 1022 1151 1082 oportebat
1167 1023 1375 1083 judicari,
1397 1032 1439 1066 et
1460 1022 1618 1067 deinde
1634 1024 1753 1082 judi-

365 1110 491 1139 care:
527 1094 604 1137 ubi
627 1093 856 1138 crucifixus
890 1103 969 1149 est,
1007 1103 1049 1137 et
1081 1093 1143 1137 illi
1171 1095 1247 1154 qui
1280 1095 1325 1138 in
1362 1109 1462 1137 eum
1490 1095 1749 1153 sperabant,

363 1182 483 1225 spem
512 1165 835 1209 resurrectionis
860 1166 952 1224 ejus
982 1164 1289 1224 perdiderant,
1317 1180 1542 1224 resurgens
1576 1181 1598 1208 a
1635 1181 1752 1210 mor-

365 1238 451 1281 tuis
468 1237 633 1280 invenit
654 1236 755 1279 inde
785 1237 894 1280 duos
915 1252 1014 1280 curn
1038 1236 1338 1296 desperatione
1359 1236 1440 1280 sibi
1462 1237 1754 1281 sermocinan-

366 1317 430 1352 tes
446 1343 456 1361 ,
491 1317 533 1350 et
559 1322 658 1350 cum
684 1307 849 1365 gemitu
872 1323 970 1366 quae
996 1315 1112 1365 gesta
1146 1306 1321 1350 fuerant
1353 1305 1651 1366 colloquentes
1677 1327 1685 1351 :
1711 1317 1755 1352 et

366 1393 577 1438 apparens
599 1378 656 1420 eis
681 1376 799 1420 velut
816 1376 1087 1435 incognitus,
1113 1391 1215 1420 cum
1239 1375 1354 1420 oculi
1378 1392 1529 1420 eorum
1553 1385 1754 1421 teneren-

361 1459 438 1493 tur
460 1464 515 1492 ne
538 1448 592 1491 ab
621 1448 678 1491 eis
701 1457 1031 1504 agnosceretur,
1063 1463 1307 1491 sermonem
1340 1448 1627 1491 tractantibus
1649 1449 1755 1492 mis-

366 1521 457 1565 cuit
482 1540 490 1564 :
520 1529 562 1563 at
583 1518 645 1563 illi
668 1529 889 1562 narrantes
907 1521 944 1563 ei
973 1520 1087 1563 unde
1109 1520 1524 1574 sermocinarentur,
1553 1519 1754 1565 dixerunt

366 1593 470 1653 quia
491 1591 565 1634 ille
588 1605 768 1648 magnus
794 1591 1008 1649 Propheta
1032 1591 1076 1634 in
1100 1590 1223 1646 factjs
1241 1600 1284 1634 et
1312 1590 1439 1634 dictis
1466 1591 1629 1635 occisus
1647 1601 1754 1635 esset

367 1682 390 1709 a
409 1662 678 1724 principibus
691 1664 980 1707 sacerdotum.
1007 1683 1025 1704 «
1049 1667 1103 1706 Et
1121 1680 1197 1707 nos
1212 1664 1433 1723 inquiunt,
1455 1664 1750 1723 sperabamus,

374 1754 393 1776 »
430 1735 531 1794 quia
558 1734 649 1791 ipse
684 1743 793 1776 esset
821 1734 1124 1793 redempturus
1160 1733 1291 1778 Israel
1321 1735 1353 1776 4.
1387 1752 1406 1774 »
1438 1736 1572 1778 Recte
1606 1750 1753 1794 spera-

370 1805 499 1859 batis,
524 1819 676 1847 verum
697 1804 932 1862 sperabatis
955 1824 962 1847 :
989 1805 1033 1846 in
1058 1804 1210 1848 illoest
1232 1803 1474 1863 redemptio
1498 1805 1642 1849 Israel.
1671 1806 1755 1850 Sed

371 1876 479 1936 quid
500 1874 743 1918 festinatis?
766 1877 934 1933 Rapere
954 1873 1099 1917 vultis.
1132 1873 1248 1917 Illud
1278 1875 1408 1918 etiam
1436 1875 1599 1918 indicat
1630 1877 1755 1920 nobis

371 1949 492 1991 hunc
521 1960 721 1999 sensum,
758 1945 856 2004 quia
894 1960 994 1988 cum
1030 1945 1084 1987 ab
1114 1959 1164 1988 eo
1197 1953 1443 2003 quaererent
1474 1944 1673 2004 discipuli
1701 1946 1755 1990 de

374 2020 482 2074 fine,
518 2017 721 2061 dixerunt
750 2016 819 2060 ei:
843 2036 863 2057 ι(
899 2016 942 2060 Si
963 2016 1046 2059 hoc
1078 2016 1122 2058 in
1156 2025 1350 2075 tempore
1383 2017 1660 2075 praesentabis
1681 2053 1692 2072 ,
1713 2028 1757 2063 et

376 2110 395 2131 »
432 2088 609 2149 quando
632 2102 814 2145 regnum,
842 2085 972 2130 lsrael
1007 2088 1045 2126 ⁵?
1067 2105 1085 2126 »
1109 2088 1203 2129 Jam
1233 2086 1348 2130 enim
1377 2101 1466 2130 esse
1489 2087 1724 2146 cupiebant
1740 2125 1750 2145 ,

367 2163 458 2222 jam
479 2160 709 2217 volebant,
728 2160 812 2202 hoc
834 2167 898 2202 est
923 2173 1071 2217 rapere
1094 2157 1219 2212 velle,
1250 2167 1293 2202 et
1320 2173 1465 2216 regem
1493 2156 1648 2202 facere.
1672 2160 1756 2204 Sed

375 2233 434 2277 ait
458 2229 692 2290 discipulis,
718 2230 820 2290 quia
845 2229 989 2274 adhuc
1012 2229 1128 2274 solus
1156 2245 1409 2274 ascensurus
1435 2238 1526 2273 erat
1551 2249 1560 2274 ε
1591 2249 1611 2272 «
1633 2233 1754 2290 Non,

378 2322 399 2346 »
432 2303 602 2363 inquit,
629 2312 693 2346 est
714 2311 906 2347 vestrum
940 2303 1046 2346 scire
1071 2312 1264 2361 tempora
1287 2300 1354 2346 vel
1384 2311 1629 2353 momenta,
1654 2319 1767 2362 (11136-

376 2392 398 2415 »
434 2377 560 2418 Pater
581 2373 726 2433 posuit
756 2373 802 2416 in
833 2388 910 2417 sua
940 2382 1173 2432 potestate,
1205 2372 1281 2417 sed
1310 2373 1523 2432 accipietis
1549 2373 1755 2418 virtutem

426 2472 540 2502 Ι«101111.
561 2480 596 2510 v,
611 2477 712 2502 22.—·
732 2475 744 2492 ²
768 2479 780 2501 1
796 2469 867 2502 Cor.
883 2479 939 2510 xv,
953 2467 1055 2511 24.-
1071 2467 1084 2493 ³
1106 2468 1226 2501 Matth.
1246 2479 1324 2510 xxv,
1343 2467 1445 2510 34.-·
1460 2466 1477 2495 l·
1495 2470 1572 2502 Luc.
1590 2479 1678 2511 xxiv,
1697 2479 1750 2504 21.

380 2543 422 2549 --
441 2524 455 2549 5
470 2528 541 2558 Act.
560 2536 583 2567 1,
603 2525 636 2557 6.
