1825 3214
315 207 354 231 ιΝ
390 204 562 230 Jolfflms
596 203 906 238 remistanum,
942 203 1086 230 inus.
1125 206 1183 230 ix.
1382 194 1433 232 ‘ia

56 271 237 329 Spiritus
253 278 450 314 sanctus:
477 270 578 329 quia
605 269 787 328 Spiritus
801 278 863 312 cst
888 269 1070 312 l‘atriset
1091 270 1200 312 Filii.
1228 272 1338 314 Cum
1355 285 1435 314 au-

55 350 138 385 tem
153 341 402 385 nominatur
415 344 537 384 Pater
551 349 593 383 ct
605 338 754 392 Filius,
768 348 974 398 tanquam
986 338 1084 382 duze
1099 349 1290 383 metretae
1301 342 1436 385 nomi-

53 420 214 455 nantur
235 430 244 456 ι
270 426 370 455 cum
395 419 539 454 autem
564 409 623 453 ibi
653 408 911 467 intelligitur
931 409 1113 468 Spiritus
1131 420 1328 465 sanctus,
1355 421 1437 455 tres

55 491 261 527 metrone.
284 481 386 525 Ideo
407 496 495 525 non
517 480 684 524 dictum
703 489 781 534 est,
799 480 1017 539 capientes
1041 490 1242 524 metretas
1270 481 1437 524 alizebi-

53 568 143 607 nas,
176 552 269 597 aliae
286 562 426 596 ternas
453 571 461 596 :
488 551 563 595 sed
588 552 689 611 ipsae
707 567 776 595 sex
799 550 967 608 liydriae
994 569 1014 593 «
1041 551 1282 610 Capiebant
1304 561 1439 596 metro

57 642 76 663 »
114 632 174 668 tas
194 624 315 667 binas
331 622 399 668 vel
420 633 576 667 ternas.
597 625 856 683 »Tanquam
875 623 1054 676 diceret,
1070 625 1126 667 Et
1144 622 1321 683 quando
1342 622 1439 668 dico

55 695 192 749 binas,
211 695 338 739 etiam
354 695 558 754 Spiritum
572 694 705 738 Patris
719 704 762 738 et
773 694 976 738 Filiieum
990 694 1054 738 his
1068 693 1252 753 intelligi
1264 694 1364 739 volo
1378 714 1385 739 :
1398 704 1442 739 et

54 766 232 826 quando
249 765 347 810 dico
365 775 522 820 ternas,
540 766 676 824 ipsam
688 766 940 810 Trinitatem
955 766 1223 809 manifestius
1241 767 1439 811 enuntio.

113 840 236 881 Vlll.
259 837 462 897 Quisquis
480 837 627 896 itaque
648 838 843 881 nominat
867 840 1036 881 Patrem
1061 846 1102 880 et
1119 837 1296 892 Filium,
1317 853 1443 897 opor-

56 917 118 952 tet
149 908 210 951 ibi
246 907 462 967 intelligat
498 917 705 967 tanquam
734 907 989 951 charitatem
1019 907 1204 952 invicem
1236 909 1370 952 Patris
1400 918 1442 953 et

56 977 181 1032 Filii,
203 979 322 1039 quod
346 987 408 1022 est
438 978 621 1037 Spiritus
647 988 832 1022 sanctus.
862 979 1070 1022 Fortassis
1100 979 1215 1022 enim
1242 977 1443 1023 discussae

57 1049 290 1108 Scripturae
314 1068 322 1093 ε
348 1048 496 1109 (quod
515 1064 606 1094 non
629 1049 687 1092 sic
709 1049 807 1093 dico
828 1084 838 1103 ,
865 1058 915 1093 ut
938 1049 1067 1093 hodie
1089 1048 1244 1093 docere
1269 1050 1440 1108 possim,

56 1128 130 1164 aut
158 1120 281 1180 quasi
305 1119 421 1163 aliud
444 1118 628 1163 inveniri
651 1135 738 1163 non
760 1119 894 1178 possit
922 1139 929 1163 :
956 1121 972 1176 )
994 1119 1069 1163 sed
1093 1128 1237 1163 tamen
1266 1119 1447 1164 fortasse

56 1200 256 1236 scrutatae
281 1191 515 1250 Scripturae
538 1190 748 1245 indicant,
769 1190 889 1250 quod
906 1190 1089 1249 Spiritus
1108 1200 1281 1235 sanctus
1302 1191 1446 1235 ehari-

57 1270 121 1306 tas
142 1270 220 1306 est.
251 1264 308 1305 Et
340 1276 394 1304 ne
429 1261 590 1320 putetis
618 1260 747 1304 vilem
786 1276 876 1305 esse
910 1261 1180 1305 charitatem.
1214 1260 1446 1315 Quomodo

57 1341 201 1376 autem
222 1331 317 1375 vilis
339 1340 428 1387 est,
459 1330 637 1391 quando
662 1331 807 1376 omnia
837 1347 937 1392 quae
968 1331 1175 1376 dicuntur
1196 1348 1285 1377 non
1318 1331 1416 1377 vilia
1433 1367 1444 1388 ,

56 1418 153 1447 cara
174 1401 411 1447 dicuntur?
443 1402 486 1447 Si
511 1417 612 1460 ergo
650 1418 749 1462 quae
771 1418 860 1446 non
882 1411 986 1447 sunt
1017 1402 1118 1447 vilia
1134 1437 1146 1458 ‚
1178 1419 1274 1448 cara
1312 1412 1442 1448 sunt:

57 1471 163 1534 quid
186 1481 249 1518 est
281 1472 452 1517 charius
474 1472 565 1532 ipsa
588 1472 829 1517 charitate?
853 1473 921 1518 Sic
943 1483 1090 1518 autem
1113 1474 1448 1519 commendatur

57 1544 241 1592 charitas
276 1544 331 1588 ab
367 1543 599 1604 Apostolo‚
633 1553 684 1589 ut
715 1544 829 1589 dicat
870 1563 879 1589 ε
915 1564 935 1587 «
977 1546 1446 1605 Supereminentiorem

62 1634 82 1657 »
116 1615 231 1660 viam
272 1614 395 1659 vobis
438 1614 711 1660 demensa-0¹
735 1634 744 1660 ε
769 1616 812 1660 Si
839 1614 997 1673 linguis
1028 1616 1257 1661 hominum
1292 1615 1449 1676 loquar

61 1705 82 1729 n
117 1694 160 1730 et
184 1684 474 1744 Angelorum,
508 1686 763 1730 charitatem
786 1695 932 1730 autem
954 1702 1044 1732 non
1065 1687 1273 1742 habeam,
1307 1687 1449 1732 factus

62 1775 82 1798 »
118 1771 214 1800 sum
229 1764 515 1800 aeramentum
537 1771 716 1811 sonans,
743 1765 818 1800 aut
840 1757 1101 1814 cymbalum·
1117 1757 1328 1813 tinniens,
1350 1767 1394 1803 et
1415 1758 1449 1802 si

63 1846 83 1869 »
119 1827 255 1871 sciero
267 1827 411 1871 omnia
424 1837 691 1872 sacramenta
706 1836 750 1872 et
761 1843 935 1873 omnem
947 1829 1187 1884 seientiam,
1199 1838 1242 1874 et
1253 1830 1449 1875 habuero

0 1901 1 1905 ’
63 1916 83 1939 »
119 1897 393 1956 prophetiam
410 1906 453 1942 et
474 1913 649 1942 omnem
662 1898 812 1953 fidem,
834 1898 892 1943 ita
909 1907 960 1942 ut
982 1908 1150 1943 montes
1164 1899 1416 1944 transferam
1435 1935 1446 1956 ,

0 1976 2 1986 ’
64 1986 83 2008 »
120 1967 378 2012 charitatem
402 1977 549 2012 autem
577 1983 667 2013 non
695 1968 897 2024 habeam,
924 1968 1036 2013 nihil
1057 1985 1180 2015 sum:
1202 1970 1281 2014 etsi
1306 1970 1453 2015 distri-

0 2077 1 2093 *
64 2055 84 2079 »
119 2037 258 2082 buero
274 2038 418 2082 omnia
429 2053 523 2082 mea
539 2039 820 2098 pauperibus,
839 2048 883 2083 et
898 2039 1117 2085 tradidero
1130 2056 1288 2100 corpus
1303 2056 1448 2086 meum

64 2127 85 2150 »
120 2118 170 2153 ut
191 2108 386 2164 ardeam,
411 2110 666 2154 charitatem
691 2120 836 2155 autem
864 2126 953 2155 non
975 2111 1162 2156 habeam
1178 2146 1190 2167 ‚
1215 2112 1325 2157 nihil
1347 2112 1452 2157 mihi

0 2167 2 2181 ’
65 2196 84 2219 »
121 2178 341 2239 prodest&
367 2198 386 2220 »
421 2183 593 2233 Quanta
617 2189 680 2224 est
711 2197 814 2240 ergo
853 2181 1063 2238 charitas,
1104 2199 1204 2242 quae
1241 2183 1275 2227 si
1310 2182 1448 2238 desit,

62 2250 220 2294 frustra
244 2249 462 2294 habentur
484 2260 638 2295 eaetera
665 2270 672 2294 :
700 2252 733 2295 si
751 2250 878 2306 adsit,
900 2261 1015 2296 reete
1034 2253 1254 2297 habentur
1272 2253 1452 2298 omnia?

66 2323 227 2364 'famen
249 2320 504 2364 charitatem
524 2321 708 2365 laudans
731 2321 964 2380 Apostolus
982 2323 1140 2367 Paulus
1159 2323 1449 2383 copiosissime

64 2399 194 2450 atque
223 2391 440 2435 uberrime
457 2427 466 2442 ‚
492 2391 634 2434 minus
657 2390 710 2435 de
730 2391 802 2435 illa
837 2391 943 2436 dixit
972 2409 1102 2452 quam
1126 2394 1248 2454 quod
1271 2394 1329 2438 ait
1351 2394 1452 2438 bre-

65 2461 172 2505 viter
193 2461 426 2521 Apostolus
449 2465 661 2517 Jorrnnes,
697 2463 820 2521 cujus
844 2472 907 2507 est
936 2463 1018 2509 hoc
1039 2464 1324 2524 Evangelium
1347 2480 1454 2510 :ne-

113 2554 122 2571 ¹
148 2559 160 2580 1
182 2550 254 2581 Cor.
277 2548 408 2591 x11,31.
431 2565 472 2573 —
489 2549 647 2589 ²1d.xin‚
670 2549 739 2582 1-3.
