1825 3214
279 243 324 270 m
356 241 530 272 somma
561 238 872 279 xvnmssuuu‚
906 240 1052 271 ruer.
1088 242 1190 270 xxti.
1339 231 1420 272 251

38 306 199 368 quibus
221 305 325 352 dicit
348 305 581 366 Apostolus
607 324 617 350 ι
646 324 667 348 «
692 307 748 350 Et
770 304 901 350 sidem
921 306 1212 365 quorumdam
1244 322 1427 367 perver-

42 396 61 419 »
99 380 241 423 tunt¹.
270 396 290 419 »
322 377 464 422 Credo
497 377 611 420 enim
641 376 742 436 quia
779 375 875 420 talia
908 376 1040 421 verba
1072 375 1156 421 illis
1186 377 1424 424 dicebant:

38 451 150 493 Eece
175 449 381 493 Dominus
416 447 490 492 ubi
514 447 589 501 ait,
618 466 637 489 «
672 449 727 490 Et
749 446 825 506 qui
855 446 992 491 eredit
1022 447 1065 491 in
1091 462 1185 501 me,
1221 450 1428 494 transiita

41 537 60 559 »
98 527 236 563 morte
252 516 306 562 ad
325 519 486 563 vitam²
513 537 521 562 z
553 535 571 558 »
593 518 683 577 jam
708 517 821 562 facta
843 526 907 562 est
934 517 1190 563 resurreetio
1219 518 1264 562 in
1289 519 1429 564 homi-

37 589 165 635 nibus
198 588 397 633 fidelibus
421 589 497 649 qui
516 588 690 632 lucrant
711 586 907 633 infideles
927 607 936 634 :
962 587 1185 648 quomodo
1202 587 1335 633 altera
1363 589 1430 634 di—

37 660 148 705 citur
186 659 444 703 resurrectio
459 660 476 701 ‘3
494 658 662 703 Gratias
686 658 870 703 Domino
890 661 978 703 Deo
1003 666 1167 712 nostro,
1192 657 1319 705 fulcit
1343 675 1430 703 nu-

37 738 204 781 tanteS,
246 729 393 787 dirigit
440 729 710 782 haesitantes,
741 728 970 774 confirmat
1008 728 1278 773 dubitantes.
1313 730 1430 775 Audi

37 800 146 860 quid
170 800 383 861 sequitur,
407 800 507 859 quia
531 815 618 844 non
641 799 775 843 habes
793 798 912 844 unde
947 799 1023 844 tibi
1045 797 1176 845 facias
1198 798 1429 860 caliginem

38 871 204 915 mortis.
239 870 281 916 Si
317 868 553 923 credidisti,
578 878 718 913 totum
755 869 897 914 crede.
923 868 1038 922 Quid
1062 877 1231 924 totum,
1258 869 1428 930 inquis,

36 940 198 985 credo?
220 939 334 984 Audi
357 939 462 1000 qnid
482 939 586 982 dicit
608 958 615 982 ι
647 958 666 980 «
687 938 832 983 Nolite
858 940 1000 982 mirari
1020 940 1128 984 hoc³
1146 975 1156 994 ‚
1181 958 1201 981 »
1228 941 1331 1000 quia
1349 942 1429 987 de-

36 1011 102 1058 dit
122 1019 378 1072 potestatem
398 1009 507 1054 Filio
527 1009 712 1054 faciendi
725 1008 897 1069 judicii.
918 1013 967 1054 In
983 1010 1069 1054 fine
1088 1009 1203 1064 dico,
1219 1010 1291 1055 ait.
1313 1013 1431 1065 Quo·

37 1081 169 1127 modo
190 1082 235 1125 in
273 1082 394 1128 line?
419 1101 439 1123 «
476 1080 620 1126 Nolite
653 1081 798 1126 mirari
831 1081 915 1126 hoc
939 1100 948 1127 ι
978 1081 1081 1140 quia
1109 1082 1228 1126 venit
1255 1083 1375 1128 hora.
1404 1101 1425 1127 »

37 1153 116 1197 Hic
137 1167 226 1197 non
253 1151 378 1206 dixit,
407 1171 427 1193 «
448 1154 503 1196 Et
521 1166 637 1196 nunc
665 1161 743 1196 est.
773 1170 792 1195 »
820 1153 871 1196 In
889 1151 962 1197 illa
986 1152 1300 1198 resurrectione
1327 1153 1428 1198 fidei

35 1221 143 1283 quid
181 1222 318 1267 dixit?
346 1241 364 1263 u
384 1222 515 1267 Venit
549 1221 671 1277 hora,
697 1230 741 1266 et
759 1237 878 1267 nunc
902 1222 1018 1268 est⁴z
1047 1240 1066 1263 »
1098 1224 1150 1266 In
1172 1223 1251 1268 ista
1283 1237 1427 1268 resur-

36 1292 226 1338 reetione
257 1306 387 1353 quam
421 1290 699 1337 commendat
727 1290 923 1337 futuram
957 1306 1192 1352 corporum
1229 1302 1428 1339 mortuo-

37 1378 151 1417 rum,
173 1382 192 1405 «
214 1363 344 1407 Venit
363 1363 485 1415 hora,
509 1361 615 1408 dixit
640 1381 647 1406 ε
672 1380 692 1403 »
715 1377 805 1407 non
824 1361 959 1419 dixit,
991 1382 1011 1406 «
1031 1378 1151 1408 nunc
1168 1372 1232 1409 est
1257 1382 1266 1409 ε
1285 1381 1305 1406 »
1326 1364 1429 1424 quia

36 1433 82 1479 in
104 1433 190 1476 fine
209 1432 355 1476 saeculi
379 1440 563 1479 ventura
592 1440 671 1477 est.

96 1505 221 1547 XIII.
251 1506 306 1548 Et
330 1501 462 1558 unde,
489 1502 649 1564 inquis,
690 1503 797 1547 mihi
826 1503 1001 1562 probaS,
1028 1504 1130 1564 quia
1159 1503 1214 1548 de
1242 1504 1332 1563 ipsa
1361 1519 1430 1550 re-

37 1573 303 1618 surrectione
327 1572 462 1617 dixit?
485 1573 527 1617 Si
546 1573 760 1632 patienter
782 1572 956 1628 audias,
995 1583 1042 1618 tu
1070 1574 1161 1633 ipse
1190 1574 1271 1619 tibi
1296 1573 1429 1621 modo

38 1643 258 1705 probabis.
294 1645 534 1706 Sequamur
556 1657 658 1700 ergo
680 1662 690 1691 2
720 1662 740 1687 «
766 1642 908 1690 Nolite
932 1643 1076 1690 mirari
1095 1644 1178 1689 hoc
1204 1664 1213 1689 :
1239 1645 1342 1705 quia
1354 1660 1430 1690 ve-

41 1731 62 1754 »
98 1714 161 1758 nit
195 1714 325 1768 hora,
350 1714 395 1756 in
422 1727 509 1773 qua
544 1727 694 1756 omnes
725 1713 800 1773 qui
834 1713 880 1759 in
912 1714 1207 1762 monumentis
1237 1717 1379 1760 sunt⁵.
1405 1734 1426 1758 »

0 1795 1 1821 ἰ
40 1783 157 1838 Quid
187 1784 426 1829 evidentius
457 1783 536 1828 ista
560 1783 903 1833 resurrectione?
934 1786 1030 1829 Jam
1054 1783 1225 1831 dudum
1254 1800 1344 1830 non
1367 1785 1431 1831 di-

0 1824 2 1883 l
39 1863 176 1909 xerat,
199 1873 218 1896 «
239 1854 354 1907 Qui
345 1870 387 1900 1n
408 1853 698 1898 monumentis
714 1863 842 1899 sunt:
864 1871 884 1895 »
902 1853 995 1908 sed,
1024 1873 1043 1896 «
1066 1855 1229 1903 Mortui
1252 1855 1431 1902 audient

39 1939 189 1971 vocem
225 1923 323 1969 Filii
355 1924 447 1979 Dei,
480 1932 523 1969 et
553 1923 630 1983 qui
658 1922 875 1971 audierint
895 1924 1088 1970 viventss.
1112 1943 1132 1967 »
1172 1928 1268 1973 Non
1303 1926 1427 1982 dixit,

0 1977 5 2055 l
42 1994 112 2040 alii
135 1995 298 2051 vivent,
326 1993 396 2039 alii
425 1993 790 2042 damnabuntur:
816 1995 939 2056 quia
951 2011 1101 2041 omnes
1135 1997 1211 2056 qui
1243 1996 1431 2042 credunt

41 2064 203 2115 vivent.
235 2067 297 2108 De
323 2065 616 2113 monumentis
651 2073 797 2111 autem
825 2065 934 2126 quid
955 2065 1091 2113 dicit?
1124 2085 1145 2108 «
1170 2068 1331 2112 Omnes
1354 2068 1431 2128 qui

46 2152 66 2176 »
102 2144 203 2179 sunt
228 2135 274 2178 in
306 2134 615 2190 monumentiS,
662 2135 840 2184 audient
873 2151 1022 2184 vocem
1057 2138 1170 2197 ejuS,
1205 2147 1249 2182 et
1276 2153 1432 2197 proce·

46 2223 67 2246 »
101 2203 208 2251 dent
224 2207 254 2249 ⁷.
284 2223 303 2246 »
322 2207 418 2249 Non
440 2203 562 2259 dixit,
588 2224 608 2248 ι(
634 2205 814 2253 audient
832 2216 875 2251 et
896 2207 1058 2253 vivent.
1080 2225 1100 2250 »
1123 2208 1167 2253 Si
1182 2208 1297 2254 enim
1320 2208 1432 2254 male

43 2273 242 2320 vixerunt
259 2283 300 2321 et
319 2275 524 2334 jacebant
547 2275 592 2318 in
611 2277 922 2332 monumentis,
947 2278 1003 2326 ad
1018 2286 1204 2323 mortem
1230 2288 1426 2338 surgent,

45 2359 134 2394 non
156 2344 211 2390 ad
230 2345 379 2391 vitam.
404 2348 518 2405 Ergo
535 2345 758 2391 videamus
773 2348 850 2408 qui
877 2347 1130 2408 procedent.
1157 2349 1279 2397 Licet
1300 2349 1432 2408 paulo

46 2424 145 2464 ante
170 2415 331 2460 mortui
353 2414 572 2462 audiendo
593 2426 636 2461 et
655 2417 873 2465 credendo
892 2419 1112 2474 vivebant,
1131 2435 1219 2465 non
1239 2419 1299 2465 ibi
1320 2419 1434 2464 facta

93 2516 102 2534 ¹
123 2519 142 2543 2
156 2510 235 2543 Tim.
257 2522 292 2551 ιι,
305 2511 402 2543 18.—
423 2517 434 2533 ²
452 2512 543 2545 Joan.
564 2523 595 2553 v,
614 2511 670 2546 26.
687 2529 726 2538 --
741 2511 850 2548 ³1bid.
871 2514 976 2549 28‚—
989 2513 1105 2549 41bid.
1127 2515 1229 2549 25.-
1243 2513 1258 2538 ⁵
1276 2515 1362 2548 Ibid.
1375 2514 1430 2548 28.

47 2580 87 2588 —
105 2563 120 2587 ⁶
137 2565 219 2598 lbid.
246 2566 300 2599 25.
320 2582 362 2589 —
380 2573 393 2599 7
413 2566 495 2600 Ibid.
516 2567 574 2608 28,
596 2576 649 2610 29.
