1825 3214
309 237 556 280 insomnis
588 234 897 274 ΕνΑΝηῐςιιυΜ,
931 234 1078 262 τηατ.
1115 236 1187 262 xv.
1366 220 1449 260 1⁴9

73 323 92 346 »
129 305 230 357 mis,
261 303 304 346 in
337 303 494 361 gaudio
520 310 686 346 metent
702 305 730 343 ¹.
756 319 775 341 »
796 299 861 344 Ad
887 300 1010 344 istam
1030 315 1132 357 ergo
1158 315 1335 344 messem
1360 313 1448 343 non

69 373 290 434 Apostoli,
316 373 391 417 sed
418 372 572 431 Angeli
598 372 840 416 mittentur.
872 373 1138 423 «Messores,
1167 371 1307 430 inquit
1324 405 1334 424 ,
1357 373 1449 414 An-

72 463 91 486 »
128 444 209 503 geIi
236 447 375 487 sunt‘2.
401 461 419 482 »
453 446 536 486 Ista
562 458 665 501 ergo
696 440 840 486 messis
867 440 1021 484 erescit
1049 441 1160 483 inter
1192 438 1373 493 zizania,
1409 449 1453 485 et

68 523 267 574 expectat
291 513 462 572 purgari
480 514 523 557 in
540 514 640 556 Iine.
662 510 738 555 Illa
756 526 857 555 vero
871 510 1016 554 messis
1030 511 1118 568 jam
1144 518 1310 553 matura
1334 519 1424 553 erat
1440 545 1451 564 ,

68 600 156 645 quo
194 584 311 643 prius
346 583 460 626 missi
485 591 585 626 sunt
614 580 838 640 Discipuli,
867 580 940 623 ubi
970 579 1196 638 Prophetae
1230 577 1456 622 laborave-

70 665 186 700 runt.
212 654 293 700 Sed
317 665 482 708 tamen,
502 654 674 708 fratres,
695 650 840 697 videte
861 651 968 712 quid
988 649 1152 696 dictum
1173 651 1227 694 sit
1247 669 1255 694 :
1280 669 1298 691 «
1318 650 1454 695 Simul

73 746 92 768 »
128 725 314 786 gaudeat
346 735 388 770 et
424 726 500 786 qui
531 725 715 769 seminat
748 733 791 768 et
812 723 888 783 qui
911 723 1048 767 metit.
1074 740 1093 763 »
1124 722 1320 781 Dispares
1343 730 1454 766 tem-

69 799 183 858 poris
205 798 374 842 labores
396 797 647 841 habuerunt
667 815 676 840 :
698 794 773 840 sed
795 793 955 854 gaudio
975 793 1135 853 pariter
1156 791 1452 853 perfruentur,

68 867 313 912 mercedem
338 866 466 910 simul
489 865 709 925 accepturi
731 875 833 909 sunt
852 865 986 909 vitam
1008 874 1230 908 aeternam.

127 940 340 982 xxxlll.
368 956 387 977 «
412 939 476 980 Ex
502 936 674 980 civitate
703 945 847 980 autem
871 934 944 979 illa
967 933 1094 978 multi
1112 932 1392 978 erediderunt
1412 934 1454 978 in

74 1027 94 1050 »
131 1023 230 1052 eum
251 1007 520 1061 Samaritani,
547 1015 722 1066 propter
737 1006 922 1050 verbum
944 1004 1137 1049 mulieris
1160 1004 1456 1049 testimonium

72 1098 93 1121 »
129 1078 423 1139 perhibentis,
463 1078 565 1138 quia
593 1076 700 1121 dixit
722 1076 828 1120 mihi
862 1075 1008 1120 omnia
1038 1090 1330 1135 quaecumque
1355 1073 1452 1118 feei.

73 1169 92 1191 »
127 1152 241 1195 Cum
264 1149 480 1194 venissent
508 1157 654 1192 autem
685 1146 738 1192 ad
761 1162 860 1191 eum
885 1145 1170 1200 Samaritani,
1195 1154 1458 1203 rogaverunt

71 1239 91 1263 »
128 1230 177 1265 ut
200 1220 318 1279 apud
339 1235 411 1264 eos
433 1228 642 1273 maneret,
661 1227 704 1262 et
727 1217 883 1262 mansit
898 1217 958 1260 ibi
976 1216 1086 1262 duos
1109 1215 1214 1261 dies.
1241 1218 1298 1260 Et
1319 1216 1458 1261 multo

72 1311 92 1334 »
127 1291 272 1351 plures
301 1290 583 1335 crediderunt
612 1299 789 1350 propter
805 1302 1049 1333 sermonem
1070 1289 1159 1347 ejus
1182 1306 1190 1332 :
1217 1296 1260 1331 et
1287 1285 1457 1331 mulieri

73 1381 93 1403 »
129 1361 355 1416 dicebant,
378 1362 487 1414 Quia
506 1363 596 1421 jam
624 1376 712 1405 non
735 1368 914 1419 propter
935 1368 1057 1403 tuam
1078 1356 1299 1418 loquelam
1321 1356 1458 1402 credi-

74 1451 93 1473 »
129 1447 224 1475 mus
241 1468 251 1486 ,
278 1432 357 1490 ipsi
378 1432 493 1474 enim
516 1446 593 1474 nos
615 1429 859 1474 audivimus
877 1464 888 1484 ,
915 1438 958 1473 et
979 1429 1137 1474 scimus
1156 1463 1167 1483 ,
1185 1428 1285 1488 quia
1302 1428 1371 1471 hie
1392 1436 1457 1470 est

73 1520 93 1543 »
128 1517 228 1546 vere
253 1501 446 1547 Salvator
467 1500 667 1545 mundi³.
693 1518 713 1542 »
738 1502 794 1544 Et
816 1500 899 1544 hoc
921 1497 1151 1559 paululum
1184 1497 1458 1542 animadver-

72 1573 254 1618 tendum
290 1582 380 1627 est,
412 1572 515 1632 quia
552 1571 680 1616 lectio
712 1571 942 1616 terminata
973 1579 1051 1613 est.
1079 1569 1237 1613 Mulier
1266 1568 1458 1628 primum

71 1643 310 1698 nuntiavit,
333 1652 376 1686 et
394 1642 449 1686 ad
471 1641 663 1686 mulieris
688 1641 984 1686 testimonium
1009 1638 1290 1684 crediderunt
1310 1640 1459 1683 Sama-

71 1715 218 1767 ritani,
237 1723 280 1758 et
302 1722 563 1772 rogaverunt
586 1728 686 1756 eum
710 1721 760 1756 ut
781 1711 898 1771 apud
921 1726 991 1755 eos
1007 1719 1218 1764 maneret,
1243 1719 1285 1753 et
1304 1710 1460 1752 mansit

71 1786 130 1829 ibi
166 1784 299 1829 biduo
317 1820 328 1839 ,
357 1794 399 1829 et
432 1785 578 1844 plures
607 1782 887 1828 erediderunt
912 1802 921 1827 :
951 1790 994 1825 et
1022 1796 1123 1825 cum
1152 1779 1456 1836 credidissent,

72 1856 277 1901 dicebant
300 1855 472 1900 mulieri
493 1875 503 1900 :
536 1874 555 1897 «
579 1857 677 1900 Non
696 1855 789 1915 jam
811 1862 990 1913 propter
1011 1852 1196 1896 verbum
1222 1861 1345 1896 tuum
1367 1866 1461 1895 ere-

76 1946 96 1969 »
130 1927 272 1971 dimus
290 1962 302 1981 ,
327 1927 402 1971 sed
423 1926 502 1986 ipsi
525 1926 807 1984 eognovimus
823 1959 834 1979 ,
861 1933 904 1968 et
932 1923 1114 1979 scimus,
1146 1923 1247 1984 quia
1269 1938 1368 1967 vere
1392 1922 1461 1966 hie

75 2015 96 2038 »
132 2007 195 2041 est
230 1996 423 2042 Salvator
457 1996 626 2040 mundi.
665 2014 684 2037 »
712 1995 857 2039 Primo
887 2009 965 2054 per
993 1995 1182 2049 tamam,
1209 2003 1354 2052 postea
1385 2008 1461 2053 per

72 2068 363 2128 praesentiam.
394 2068 461 2112 Sie
495 2067 638 2126 agitur
666 2065 797 2111 hodie
826 2081 927 2110 cum
947 2066 1006 2110 eis
1039 2067 1115 2126 qui
1138 2064 1240 2110 foris
1264 2073 1391 2116 sunt,
1417 2073 1460 2108 et

74 2139 272 2184 nondum
295 2147 397 2183 sunt
418 2139 636 2182 christiani
667 2157 675 2182 :
700 2138 896 2183 Christus
920 2138 1148 2182 nuntiatur
1171 2152 1248 2196 per
1265 2135 1455 2181 christia·

77 2225 153 2255 nos
179 2210 338 2254 amieos
359 2228 368 2254 ε
395 2219 605 2269 tanquam
634 2208 708 2252 illa
735 2208 918 2252 muliere
934 2243 945 2264 ,
970 2208 1054 2252 hoe
1082 2217 1145 2252 est
1167 2206 1358 2252 Ecclesia
1381 2222 1461 2250 an-

76 2281 328 2333 nuntiante,
360 2279 415 2323 ad
439 2279 661 2324 Christum
683 2279 867 2322 veniunt
883 2313 895 2334 ‚
921 2278 1108 2323 eredunt
1141 2293 1218 2337 per
1238 2278 1363 2322 istam
1399 2276 1463 2320 fa-

76 2366 220 2407 mam,
266 2359 412 2394 manet
443 2349 559 2409 apud
597 2365 669 2393 eos
703 2348 868 2403 biduo,
904 2349 987 2393 hoc
1025 2358 1116 2403 est,
1149 2348 1222 2392 dat
1258 2346 1342 2391 illis
1373 2347 1462 2390 duo

78 2429 294 2481 praecepta
332 2420 576 2478 charitatis3
609 2429 652 2464 et
682 2419 822 2463 multo
843 2418 990 2478 plures
1012 2428 1055 2463 et
1087 2419 1253 2462 firmius
1287 2418 1330 2461 in
1361 2431 1461 2460 eum

78 2491 263 2536 credunt
283 2526 293 2546 ,
318 2491 527 2551 quoniam
543 2506 643 2535 vere
665 2490 756 2549 ipse
774 2498 840 2534 est
863 2488 1057 2534 Salvator
1075 2488 1244 2532 mundi.

126 2584 133 2599 ¹
157 2576 234 2608 Psal.
254 2586 343 2613 cxxv,
364 2577 392 2609 5.
415 2592 453 2599 —-
477 2582 488 2597 ²
506 2575 618 2607 matth,
647 2585 716 2614 xin,
737 2574 788 2615 39.
806 2591 846 2595 —
871 2571 987 2605 3Joan.
1009 2584 1053 2613 iv,
1075 2572 1191 2613 'ku-52.
