1809 3173
355 180 409 219 74
788 194 820 221 s.
856 192 1085 223 Aucus‘ruw
1119 195 1299 224 EPISCOPI

354 271 510 316 genere
532 257 725 302 humano
747 272 845 302 cum
868 267 958 302 tota
985 258 1115 304 domo
1137 274 1212 304 sua
1234 259 1392 304 meruit
1413 258 1467 304 de
1489 258 1654 305 diluvio
1675 259 1730 303 li-

354 325 521 381 berari,
547 325 592 370 in
613 342 701 386 quo
720 335 762 371 et
787 327 833 370 in
849 326 947 372 filiis
962 329 1052 388 ejus
1073 330 1257 388 figurata
1273 339 1336 373 est
1359 328 1576 373 Ecclesia?
1594 330 1732 388 Ligno

352 404 554 456 portante
575 397 767 441 evadunt
794 396 1007 442 diluvium
1026 400 1058 442 ¹.
1076 399 1238 443 Deinde
1267 408 1416 458 postea
1450 400 1595 457 magni
1625 415 1734 459 quos
1799 449 1802 451 ,

352 467 568 522 novimuS,
585 483 694 530 quos
716 476 860 512 sancta
888 469 1106 528 Scriptura
1125 469 1417 525 commendat,
1442 473 1611 528 Moyses
1632 470 1734 514 fide-

351 537 403 581 lis
424 537 470 580 in
495 546 583 581 tota
600 537 732 581 domo
748 539 878 598 ejus2.
899 542 954 583 Et
974 539 1035 582 illi
1057 548 1142 584 tres
1163 540 1466 595 nominantur,
1491 541 1613 600 quasi
1635 556 1735 585 eum

352 607 431 652 soli
452 608 807 667 promeruerint,
846 628 865 651 «
886 612 979 668 Ego
1014 626 1112 654 sum
1139 614 1253 655 Deus
1277 610 1519 666 Abraham,
1553 621 1596 655 et
1622 615 1736 656 Deus

355 695 375 719 »
412 681 545 732 Isaac,
562 687 606 721 et
621 681 733 722 Deus
747 680 903 724 Jacob:
918 681 998 724 hoc
1015 681 1119 724 mihi
1137 696 1297 725 nomen
1313 689 1376 724 est
1390 681 1436 724 in
1449 690 1661 726 aeternum
1672 682 1733 726 ³.»

355 749 683 793 Sacramentum
706 748 868 807 grande
888 749 896 792 l
924 753 1080 794 Potens
1102 759 1166 794 est
1187 750 1396 794 Dominus
1426 759 1470 794 et
1498 766 1571 795 ora
1592 759 1738 795 nostra

353 819 518 877 aperire
532 853 542 873 ,
564 827 607 862 et
629 819 760 862 corda
782 828 939 874 vestra,
956 829 1007 863 ut
1029 819 1172 864 dicere
1189 821 1402 880 possimus
1419 821 1532 865 sicut
1549 820 1739 867 revelare

353 888 555 947 dignatus
578 898 640 933 est
654 924 664 944 ,
687 898 729 932 et
751 905 905 948 capere
925 891 1094 950 possitis
1115 892 1225 936 sicut
1247 891 1421 952 expedit
1442 891 1582 937 vobis.

413 961 535 1002 VIII.
571 961 671 1002 Tres
703 974 803 1016 ergo
835 960 904 1004 isti
935 961 1221 1017 Patriarchae,
1247 962 1494 1017 Abraham,
1520 965 1665 1017 Isaac,
1696 971 1740 1007 et

353 1029 506 1073 Jacob.
533 1031 629 1072 Jam
652 1028 784 1074 nostis
812 1030 888 1074 filii
921 1032 1057 1075 Jacob
1086 1032 1187 1092 quia
1211 1032 1444 1082 duodecim
1466 1031 1671 1088 fuerunt,
1697 1042 1740 1076 et

354 1098 456 1144 inde
484 1098 672 1159 populus
708 1100 838 1143 Israel
871 1120 879 1144 ε
905 1101 1006 1161 quia
1028 1101 1118 1161 ipse
1146 1102 1279 1147 Jacob
1303 1101 1434 1146 Israel
1451 1137 1462 1157 ‚
1487 1111 1530 1146 et
1552 1102 1740 1162 populus

355 1170 486 1215 Israel
522 1171 661 1215 tribus
683 1170 914 1215 duodecim
934 1206 945 1227 ,
973 1173 1237 1232 pertinentes
1274 1172 1327 1217 ad
1359 1172 1593 1217 duodecim
1630 1173 1740 1218 filios

357 1240 506 1285 Israel.
526 1241 746 1285 Abraham
760 1276 771 1296 ,
794 1244 911 1287 Isaac
927 1277 938 1296 ,
964 1251 1007 1286 et
1023 1243 1160 1299 Jacob
1177 1278 1188 1299 ,
1210 1254 1295 1287 tres
1308 1252 1467 1303 patres,
1492 1252 1535 1287 et
1551 1243 1740 1303 populus

356 1326 484 1354 unus,
513 1313 613 1355 Tres
636 1320 778 1369 patres
802 1321 1009 1372 tanquam
1040 1313 1085 1356 in
1117 1313 1333 1373 principio
1355 1312 1535 1373 populi,
1558 1322 1644 1358 tres
1667 1328 1740 1373 pa—

356 1389 440 1424 tres
454 1381 500 1424 in
515 1380 674 1441 quibus
696 1382 966 1439 figurabatur
983 1382 1173 1442 populus
1193 1402 1201 1428 z
1221 1392 1263 1427 et
1286 1383 1475 1443 populus
1492 1383 1583 1442 ipse
1604 1383 1738 1442 prior,

358 1467 541 1509 praesens
565 1456 767 1511 populus.
782 1456 832 1496 In
855 1453 1019 1513 populo
1039 1454 1155 1498 enim
1178 1454 1434 1499 Judaeorum
1450 1455 1661 1513 figuratus
1678 1465 1742 1499 est
1806 1462 1809 1470 '

358 1522 544 1581 populus
580 1523 939 1568 Christianorum.
970 1525 1037 1568 Ibi
1060 1525 1199 1583 figura
1215 1560 1226 1580 ,
1260 1526 1328 1570 hic
1350 1525 1506 1571 veritas
1530 1544 1539 1570 2
1564 1525 1622 1569 ibi
1644 1540 1742 1568 um-

357 1593 451 1647 bra,
469 1592 540 1636 hic
558 1608 730 1652 corpus,
747 1594 919 1638 dicente
938 1594 1147 1655 Apostolo
1167 1629 1177 1650 ,
1202 1614 1222 1636 «
1246 1597 1349 1643 Haec
1368 1604 1513 1639 autem
1536 1595 1582 1637 in
1605 1594 1742 1653 figura

360 1682 381 1704 ³>
415 1664 728 1722 contingebant
759 1664 855 1708 illis.
891 1683 910 1706 »
941 1667 1037 1710 Vox
1058 1675 1122 1710 est
1144 1666 1341 1725 Apostoli
1367 1685 1376 1711 ε
1410 1666 1577 1725 Scripta
1608 1675 1738 1721 sunt,

357 1734 500 1794 inquit
521 1769 531 1788 ,
568 1744 744 1793 propter
767 1750 845 1779 nos
861 1770 872 1789 ,
909 1736 954 1778 in
977 1751 1084 1795 quos
1102 1736 1198 1780 finis
1220 1735 1481 1783 saeculorum
1509 1736 1689 1790 obvenit
1706 1737 1737 1780 4.

358 1807 570 1848 Recurrat
591 1820 709 1849 nunc
738 1805 906 1849 animus
926 1814 1067 1849 vester
1089 1804 1145 1849 ad
1166 1805 1385 1850 Abraham
1403 1840 1413 1861 ,
1439 1809 1555 1851 Isaac
1569 1841 1580 1860 ,
1601 1814 1644 1854 et
1665 1808 1741 1850 Ja-

358 1875 456 1920 cob.
496 1878 548 1919 In
580 1875 670 1919 istis
692 1876 828 1919 tribus
856 1875 1102 1920 invenimus
1138 1891 1288 1935 parere
1320 1875 1500 1931 liberas,
1530 1891 1681 1935 parere
1700 1885 1743 1920 et

360 1945 537 1989 ancillas
561 1965 570 1989 ;
595 1945 839 1990 invenimus
872 1946 934 1989 ibi
964 1955 1112 2005 partus
1134 1945 1392 2001 liberarum,
1412 1946 1659 1990 invenimus
1680 1946 1742 1989 ibi

359 2025 403 2060 et
428 2025 576 2075 partus
596 2014 867 2060 ancillarum.
893 2014 1064 2060 Ancilla
1086 2016 1196 2059 nihil
1217 2016 1323 2060 boni
1344 2016 1569 2074 significat.
1587 2034 1608 2058 «
1624 2016 1743 2075 Ejice

364 2105 383 2127 »
409 2086 608 2130 ancillam
625 2122 635 2142 ,
668 2086 836 2146 inquit,
871 2095 914 2129 et
946 2085 1085 2130 filium
1107 2087 1200 2146 ejus
1220 2106 1232 2144 3
1256 2101 1346 2130 non
1367 2087 1481 2130 enim
1505 2086 1640 2129 haeres
1663 2087 1744 2130 erit

363 2175 383 2199 »
403 2156 516 2200 filius
529 2156 696 2201 ancillae
712 2171 813 2201 cum
827 2155 917 2200 filio
933 2154 1127 2199 liberae.»
1140 2156 1373 2216 Apostolus
1387 2157 1471 2200 hoc
1484 2171 1743 2200 commemo-

361 2237 453 2285 rat,
475 2237 518 2271 et
535 2229 580 2271 in
596 2228 680 2271 illis
697 2228 869 2272 duobus
890 2227 986 2270 filiis
1004 2227 1208 2282 Abrahae,
1230 2225 1336 2271 dicit
1357 2226 1590 2286 Apostolus
1612 2225 1744 2271 fuisse

360 2301 544 2357 figuram
579 2299 768 2342 duorum
800 2300 1204 2352 'testamentorum,
1239 2297 1405 2341 Veteris
1426 2306 1469 2341 et
1487 2297 1642 2342 Novi⁵.
1674 2297 1743 2340 Ad

362 2372 496 2414 Vetus
513 2372 837 2413 Testamentum
859 2368 1078 2428 pertinent
1095 2366 1322 2412 dilectores
1341 2365 1663 2426 temporalium,
1677 2365 1744 2410 di-

412 2472 421 2488 ¹
443 2467 522 2497 Gen.
542 2476 599 2504 vu,
622 2475 652 2506 7.
670 2481 711 2486 —
733 2470 746 2486 ²
766 2466 859 2497 Num.
877 2474 934 2504 xu,
955 2474 993 2506 75
1014 2463 1112 2496 Hebr.
1133 2472 1222 2505 111,-2
1245 2468 1277 2495 et
1300 2464 1398 2495 Exod.
1420 2474 1470 2505 111,
1489 2463 1523 2495 6.
1542 2479 1583 2489 —
1601 2461 1614 2485 3
1632 2473 1644 2494 1
1666 2463 1741 2495 Cor.

365 2531 398 2561 x,
429 2532 478 2552 11.
500 2536 541 2543 -
559 2519 575 2550 4
594 2523 673 2553 Gen.
698 2530 766 2559 χχι,
785 2531 835 2552 ιο.
863 2518 1059 2560 -5Gal.1v,
1083 2520 1135 2560 30,
1159 2523 1222 2552 etc.
