1825 3214
246 218 289 244 ιΝ
323 216 496 244 muisis
529 215 837 252 EVANGEMUM,
872 216 1017 243 'rum-:iu
1058 219 1176 244 xxii.
1334 208 1417 245 3υῦ

34 292 210 344 tequam
229 283 283 327 ad
312 284 446 328 altare
468 282 700 337 accedatis,
726 281 937 326 attendite
959 282 1065 341 quid
1087 284 1236 328 dicatis
1264 303 1272 328 :
1297 304 1316 326 «
1343 285 1420 328 Di-

37 372 57 396 »
93 355 216 399 mitte
238 355 364 398 nobis
386 354 532 398 debita
557 363 700 398 nostra
718 389 728 407 ,
753 354 864 397 sicut
888 362 930 396 et
955 370 1031 397 nos
1065 353 1322 399 dimittimus
1345 356 1422 399 de-

37 445 56 468 »
93 426 308 471 bitoribus
325 426 480 471 nostris
500 429 530 471 ¹.
561 444 581 467 »
608 425 818 480 Dimittis,
844 424 1089 469 dimittetur
1113 426 1190 469 tibi
1213 447 1220 471 ;
1248 443 1423 472 securus

35 497 216 552 aceede,
252 498 374 558 panis
397 507 485 552 est,
518 513 607 543 non
630 512 862 542 vencnum.
893 497 974 542 Sed
1014 496 1113 540 vide
1150 498 1183 540 si
1207 498 1386 543 dimittis
1413 520 1421 544 ι

36 584 136 612 nam
167 568 199 612 si
225 584 313 613 non
338 569 518 613 dimittis
537 604 548 623 ,
571 568 763 612 mentiris
780 603 790 623 ,
816 568 913 612 etei
938 567 1131 611 mentiris
1146 603 1157 623 ,
1185 584 1316 627 quem
1337 586 1427 614 non

36 656 126 686 non
155 640 281 684 saihs.
314 640 488 684 Mentiri
516 643 605 685 Deo
639 648 786 700 potes,
824 642 962 683 Deum
985 637 1136 683 fallere
1173 654 1263 684 non
1286 650 1423 698 potes.

36 711 165 756 Novit
186 711 259 754 ille
281 710 388 771 quid
427 719 540 770 agat.
575 713 698 754 Intus
722 719 763 754 te
797 709 944 765 videt,
967 710 1084 754 intus
1111 719 1151 754 te
1178 711 1426 766 examinat,

37 783 154 827 intus
176 782 370 842 inspicit,
397 782 514 825 intus
530 781 724 841 judicat,
746 781 862 825 intus
885 790 960 824 aut
977 781 1157 825 damnat
1174 817 1184 836 ,
1207 792 1281 826 aut
1303 798 1432 826 coro-

38 864 128 899 nat.
159 857 305 898 Patres
325 862 470 898 autem
492 854 671 898 istorum
687 889 697 908 ,
720 853 765 897 id
787 862 871 904 est,
894 852 992 896 mali
1017 863 1158 912 patres
1191 853 1428 910 malorum,

38 925 235 970 infideles
268 935 411 985 patres
451 924 725 979 infidelium,
760 934 1103 969 murmuratores
1132 935 1275 984 patres
1314 942 1432 970 mur-

39 1006 326 1044 muratorum.
351 999 461 1043 Nam
498 996 552 1040 dc
575 996 697 1041 nulla
721 1012 765 1040 re
789 996 923 1055 magis
949 997 1183 1040 Dominum
1203 997 1434 1042 offendisse

40 1067 112 1111 ille
129 1067 319 1127 populus
337 1067 480 1111 dictus
502 1076 580 1121 est,
606 1082 740 1127 quam
765 1075 915 1111 contra
938 1069 1076 1110 Deum
1099 1067 1431 1112 murmurando.

41 1137 146 1183 Ideo
170 1148 213 1183 et
237 1138 445 1183 Dominus
467 1152 538 1181 eos
559 1136 710 1181 volens
733 1136 961 1181 ostendere
985 1136 1138 1181 talium
1161 1138 1271 1183 filios
1289 1174 1299 1193 ,
1333 1139 1435 1182 hinc

41 1208 96 1254 ad
119 1225 191 1254 eos
210 1209 344 1269 coepit
367 1229 375 1254 ε
406 1229 426 1251 «
452 1207 569 1262 Quid
593 1208 872 1252 murmuratis
891 1207 935 1251 in
953 1208 1138 1253 invicem
1161 1244 1172 1264 ,
1197 1228 1216 1251 »
1238 1225 1436 1254 murmu-

40 1290 202 1326 ratores
222 1281 299 1325 filii
326 1281 730 1325 murmuratorum?
752 1298 772 1321 «
798 1282 945 1324 Patres
967 1280 1099 1324 vestri
1121 1296 1282 1325 manna
1311 1296 1434 1326 man-

44 1370 64 1394 »
101 1351 395 1407 ducaverunt,
432 1361 475 1396 et
495 1351 657 1396 mortui
689 1360 825 1396 sunt:
857 1368 877 1392 »
904 1367 994 1396 non
1027 1352 1130 1412 quia
1153 1352 1316 1397 malum
1343 1363 1437 1398 erat

41 1438 202 1468 manna
217 1459 228 1479 ,
251 1423 325 1468 sed
349 1424 451 1484 quia
469 1424 584 1468 male
601 1421 992 1466 manducaverunt.

100 1497 203 1540 XII.
234 1515 254 1538 «
277 1497 358 1540 Hic
380 1504 444 1539 est
473 1495 596 1555 panis
633 1494 710 1555 qui
741 1493 796 1538 de
824 1493 939 1538 coelo
963 1493 1188 1539 descendit
1201 1498 1232 1539 ².
1258 1512 1277 1536 »
1305 1498 1434 1541 Hunc

41 1581 197 1625 panem
215 1566 473 1625 significavit
490 1581 674 1621 manna,
701 1566 819 1609 hunc
842 1580 998 1624 panem
1023 1565 1278 1624 significavit
1299 1566 1433 1611 altare

41 1637 135 1681 Dei.
159 1639 435 1682 Sacramenta
452 1636 524 1681 illa
547 1636 728 1681 fuerunt
745 1656 753 1680 :
772 1636 817 1679 in
835 1635 965 1694 signis
982 1634 1148 1680 diversa
1171 1647 1297 1682 sunt:
1321 1638 1364 1681 iu
1389 1654 1434 1682 re

43 1723 142 1767 quae
176 1708 469 1766 significatur,
505 1707 625 1767 paria
660 1716 776 1751 sunt.
817 1705 1076 1765 Apostolum
1115 1707 1215 1751 audi
1243 1727 1251 1752 :
1279 1709 1433 1754 «Nolo

45 1795 67 1819 »
102 1778 218 1822 enim
240 1794 316 1823 vos
332 1814 342 1833 ,
368 1778 536 1839 inquit,
563 1778 777 1837 ignorare,
797 1777 971 1833 fratres,
996 1778 1097 1838 quia
1131 1788 1274 1838 patres
1296 1782 1432 1825 nostri

46 1866 67 1890 »
102 1864 251 1894 omnes
273 1849 355 1893 sub
378 1850 498 1893 nube
519 1848 699 1894 fuerunt
715 1884 725 1903 ‚
746 1858 790 1893 et
820 1864 970 1893 omnes
992 1865 1110 1894 mare
1141 1852 1430 1908 transierunt,

46 1937 67 1961 »
103 1929 146 1964 et
167 1934 317 1964 omnes
339 1920 385 1963 in
406 1923 590 1977 Moysen
604 1919 807 1979 baptizati
828 1929 931 1964 sunt
952 1921 997 1963 in
1028 1921 1148 1964 nube
1170 1922 1273 1966 etin
1294 1924 1429 1978 mari,

47 2007 67 2031 »
103 1999 146 2034 et
167 2005 317 2035 omnes
339 1991 538 2034 eamdem
560 2005 701 2035 escam
724 1989 960 2050 spiritalem
977 1990 1352 2038 manducaverunt
1367 1996 1428 2037 3.»

47 2060 290 2120 Spiritalem
320 2062 474 2120 utique
508 2059 707 2104 eamdem
741 2079 750 2105 :
783 2076 883 2105 nam
921 2062 1191 2121 corporalem
1220 2063 1428 2121 alteram,

45 2133 147 2191 quia
170 2131 231 2175 illi
255 2147 414 2176 manna
444 2147 522 2176 nos
559 2131 678 2176 aliud
704 2150 713 2176 :
748 2132 982 2192 spiritalem
1011 2149 1113 2178 vero
1133 2169 1143 2189 ,
1178 2151 1308 2195 quam
1333 2152 1427 2190 nos.

49 2206 131 2250 Sed
145 2214 288 2265 patres
310 2204 461 2259 nostri,
486 2220 575 2249 non
597 2213 740 2264 patres
756 2203 933 2250 illorum
954 2224 964 2251 ;
985 2205 1145 2265 quibus
1174 2222 1251 2250 nos
1274 2207 1432 2252 similes

0 2295 1 2342 ᾗ
47 2291 194 2321 sumus
210 2312 221 2332 ,
245 2291 335 2320 non
357 2275 518 2336 quibus
537 2274 599 2319 illi
616 2273 773 2319 similes
790 2274 982 2320 fuerunt.
1004 2278 1061 2319 Et
1078 2275 1274 2336 adjungit
1292 2313 1302 2332 ,
1331 2298 1351 2321 «
1376 2281 1434 2323 Et

0 2416 5 2527 l

49 2365 70 2389 n
106 2363 256 2392 omnes
273 2346 477 2391 eumdem
489 2355 642 2405 potum
655 2345 890 2405 spiritalem
914 2345 1137 2390 biberunt.
1155 2367 1174 2388 «
1196 2347 1328 2392 Aliud
1342 2349 1426 2404 illi,

49 2418 169 2464 aliud
190 2434 285 2474 nos,
305 2419 381 2462 sed
403 2418 542 2478 specie
557 2416 739 2473 visibili,
763 2416 884 2478 quod
906 2426 1051 2462 tamen
1067 2418 1148 2463 hoc
1167 2418 1280 2463 idern
1300 2420 1433 2479 signi-

49 2489 196 2534 ficaret
222 2489 384 2534 virtute
405 2487 601 2548 spiritali.
626 2488 860 2542 Quomodo
880 2488 996 2532 enim
1018 2487 1223 2533 eumdem
1245 2499 1398 2550 potum
1418 2493 1436 2536 P

98 2582 108 2598 ¹
124 2575 237 2609 Matth.
255 2586 299 2616 vi,
324 2583 373 2607 12.
397 2590 438 2597 —
457 2579 471 2597 ¹
490 2575 580 2606 Joan.
600 2583 644 2614 vl,
666 2572 719 2606 50.
743 2589 784 2596 —
801 2570 815 2596 3
842 2583 856 2606 ι
878 2574 950 2606 Cor.
970 2584 1002 2616 x,
1026 2585 1055 2615 1,
1072 2578 1135 2607 etc.

238 2639 377 2670 cxxn.
1195 2630 1247 2668 20
1281 2629 1287 2637 “
