1809 3173
348 185 432 225 470
781 195 814 224 s.
850 195 1081 225 Aueusnm
1112 197 1293 225 Emscom

349 263 421 307 eit.
445 262 560 315 Quid
578 260 682 306 dicit
700 262 971 306 Dominus?«
983 266 1213 321 Propterea
1234 278 1303 306 vos
1324 277 1413 306 non
1435 262 1607 318 auditis⁷
1623 263 1724 323 quia

349 353 368 376 »
405 349 454 376 ex
473 337 560 378 Deo
579 349 667 377 non
692 334 804 377 estis.
833 352 851 375 »
877 334 987 378 Dicit
1010 335 1101 377 haee
1122 333 1344 377 Dominus.
1369 333 1482 386 Quid
1504 349 1605 392 ergo
1621 369 1632 388 ‚
1657 334 1723 378 in-

346 404 462 465 quit,
490 413 538 446 tu
560 402 614 447 ad
635 404 712 447 ista
735 403 869 448 dicis?
886 403 1000 448 Audi
1024 419 1122 463 quae
1144 404 1284 446 dicam
1309 423 1317 448 :
1344 407 1398 447 Et
1420 420 1470 446 ex
1492 407 1581 447 Deo
1604 413 1721 459 sunt,

347 484 388 519 et
412 490 462 518 ex
485 476 573 518 Deo
602 490 691 518 non
713 484 814 518 sunt
839 494 846 518 :
872 483 1026 517 natura
1049 489 1099 516 ex
1122 476 1210 518 Deo
1231 483 1332 517 sunt
1347 509 1356 524 ,
1382 475 1485 518 vitio
1508 490 1597 517 non
1623 484 1725 519 sunt

343 561 393 590 ex
412 548 500 589 Deo
527 564 535 589 ;
561 554 715 588 natura
737 545 850 587 enim
874 544 989 587 bona
1013 559 1112 603 quae
1135 559 1184 587 ex
1208 547 1295 588 Deo
1318 554 1405 598 θεῖ,
1432 545 1626 603 peccavit
1648 560 1725 590 vo-

342 616 528 670 luntate,
554 614 771 659 eredendo
797 615 916 673 quod
934 613 1133 658 diabolus
1150 615 1375 673 persuasit,
1401 624 1443 658 et
1467 615 1615 662 vitiata
1633 624 1721 661 est:

341 686 440 731 ideo
462 685 677 729 medicum
697 685 869 744 quaerit,
886 685 987 744 quia
1010 701 1111 729 sana
1133 702 1222 730 non
1245 695 1322 730 est.
1337 689 1448 730 Ecce
1472 685 1591 746 quod
1608 685 1720 730 dico.

344 758 428 803 Sed
446 755 711 815 impossibile
734 755 812 799 tibi
833 754 1006 799 videtur
1026 766 1075 800 ut
1093 772 1143 800 ex
1167 760 1256 800 Deo
1279 757 1378 811 sint,
1395 766 1436 800 et
1455 772 1505 800 ex
1529 760 1617 801 Deo
1635 772 1725 801 non

340 829 427 872 sint
449 846 457 871 :
492 826 594 869 audi
617 827 717 885 quia
741 841 830 870 non
853 834 915 869 est
938 826 1215 885 impossibile.
1251 827 1318 871 Sic
1342 836 1443 870 sunt
1470 842 1522 870 ex
1543 830 1657 882 Deo,
1682 836 1725 872 et

340 914 430 942 non
448 906 549 941 sunt
578 912 627 939 ex
653 900 739 940 Deo
754 931 764 948 ,
791 897 1014 955 quomodo
1036 906 1079 941 et
1100 896 1178 940 filii
1200 897 1386 942 Abrahae
1409 906 1535 953 sunt,
1570 906 1613 941 et
1635 913 1725 942 non

340 977 443 1013 sunt
471 966 548 1011 filii
570 967 771 1011 Abrahae.
800 967 880 1011 Hie
907 967 1097 1021 habetis,
1119 983 1209 1012 non
1231 977 1294 1012 est
1316 968 1436 1029 quod
1458 968 1624 1012 dicatis.
1649 971 1725 1028 Ip-

341 1055 437 1083 sum
475 1038 707 1082 Dominum
748 1037 871 1092 audi,
909 1038 998 1096 ipse
1020 1036 1103 1081 illis
1138 1037 1245 1082 dixit
1283 1057 1291 1083 :
1328 1057 1347 1080 «
1383 1038 1479 1083 Scio
1514 1039 1616 1098 quia
1647 1038 1726 1081 filii

344 1130 364 1153 »
400 1110 587 1155 Abrahae
610 1109 708 1153 estis
725 1110 755 1152 1.
774 1109 1035 1169 »Numquid
1054 1111 1263 1154 Dominus
1287 1110 1573 1153 mentiretur?
1596 1109 1721 1154 absit.

341 1185 458 1240 Ergo
479 1195 627 1225 verum
655 1189 718 1224 est
740 1179 859 1239 quod
882 1181 1091 1224 Dominus
1114 1181 1221 1225 dixit
1245 1200 1253 1224 ε
1285 1196 1432 1225 verum
1458 1190 1534 1225 est.
1563 1182 1726 1225 Verum

343 1261 407 1296 est
440 1267 542 1310 ergo
571 1249 691 1310 quod
724 1249 787 1293 illi
823 1250 1011 1295 Abrahae
1040 1249 1115 1294 filii
1146 1260 1268 1294 erant
1293 1270 1301 1295 :
1326 1266 1478 1294 verum
1508 1260 1586 1294 est.
1611 1248 1727 1294 Audi

342 1325 485 1382 ipsum
514 1329 761 1379 negantem.
788 1320 874 1373 Qui
898 1319 1006 1363 dixit
1027 1339 1035 1364 :
1071 1339 1091 1361 α
1113 1319 1212 1363 Filii
1235 1320 1421 1364 Abrahae
1444 1320 1540 1364 estis
1557 1355 1567 1375 7
1599 1341 1615 1361 »
1636 1321 1727 1380 ipse

279 1393 286 1398 ’
342 1393 439 1438 illos
462 1392 635 1451 negavit
661 1390 770 1434 filios
803 1391 1006 1434 Abrahee.
1040 1410 1059 1432 «
1089 1390 1131 1435 Si
1149 1390 1225 1434 filii
1248 1391 1434 1435 Abrahae
1463 1391 1580 1446 estis,
1614 1389 1727 1435 faeta

345 1482 365 1505 ³>
402 1463 589 1507 Abrahae
612 1460 754 1504 facite.
775 1463 902 1505 Nunc
924 1469 1067 1503 autem
1088 1460 1279 1520 quaeritis
1302 1476 1371 1504 me
1395 1460 1589 1505 occidere
1604 1496 1614 1515 ,
1642 1462 1726 1505 ho-

345 1552 365 1574 »
401 1531 664 1590 minemqui
692 1531 918 1575 veritatem
941 1530 1062 1575 vobis
1086 1530 1204 1584 dico,
1238 1547 1367 1590 quam
1386 1530 1532 1575 audivi
1549 1547 1573 1575 a
1598 1535 1687 1575 Deo
1715 1551 1724 1577 :

345 1624 364 1646 »
400 1604 484 1647 hoc
498 1603 716 1646 Abraham
733 1617 821 1644 non
839 1600 956 1644 feeit.
968 1603 1055 1644 Vos
1074 1599 1213 1645 facitis
1227 1617 1355 1660 opera
1377 1601 1510 1660 patris
1524 1601 1722 1657 vestri²‚»

342 1674 388 1719 id
417 1683 480 1717 est
497 1672 693 1716 diaboli.
729 1671 959 1724 Quomodo
996 1686 1096 1728 ergo
1131 1681 1174 1715 et
1201 1672 1279 1714 filii
1302 1671 1489 1715 Abrahae
1511 1681 1659 1727 erant,
1685 1681 1727 1716 et

342 1744 419 1788 filii
452 1743 638 1788 Abrahae
673 1757 763 1785 non
798 1742 952 1784 erant?
985 1742 1230 1800 Utrumque
1258 1741 1302 1784 in
1326 1741 1409 1785 illis
1432 1741 1622 1786 ostendit
1648 1761 1656 1786 :
1683 1751 1726 1786 et

341 1815 418 1859 filii
440 1814 628 1858 Abrahae
651 1820 788 1866 erant,
813 1819 990 1870 propter
1010 1810 1218 1867 originem
1241 1811 1379 1854 carnis
1397 1831 1407 1866 3
1428 1820 1473 1854 et
1493 1827 1582 1854 non
1605 1821 1728 1855 erant

341 1886 419 1930 filii
442 1884 630 1929 Abrahae
646 1918 656 1937 ‚
682 1891 859 1941 propter
885 1881 1039 1925 vitium
1074 1880 1299 1925 diabolieae
1321 1882 1623 1940 persuasionis.
1657 1883 1725 1927 Sic

342 1966 386 2001 et
407 1955 642 2000 Dominum
663 1962 705 1996 et
723 1956 862 1996 Deum
885 1961 1080 1995 nostrum
1105 1951 1316 1995 attendite
1335 1971 1342 1996 ;
1360 1962 1402 1995 θῖ
1425 1968 1475 1995 ex
1491 1952 1565 1996 illo
1586 1962 1721 2007 erant,

342 2037 385 2071 et
407 2042 458 2070 ex
480 2024 554 2069 illo
590 2039 679 2067 non
702 2032 837 2066 erant.
864 2022 1095 2075 Quomodo
1133 2037 1185 2064 ex
1222 2020 1296 2064 illo
1326 2024 1482 2065 erant?
1504 2022 1604 2082 quia
1635 2023 1726 2082 ipse

341 2097 501 2143 creavit
517 2095 737 2139 hominem
754 2092 808 2136 de
821 2109 909 2152 quo
924 2093 1012 2136 nati
1032 2101 1168 2136 erant.
1182 2092 1559 2144 Quomodo'exillo
1578 2095 1726 2137 erant?

343 2169 445 2230 quia
477 2168 565 2226 ipse
600 2175 663 2209 θεῖ
686 2163 885 2209 eonditor
920 2174 1087 2207 naturoe
1103 2199 1113 2217 ‚
1139 2164 1229 2222 ipse
1252 2172 1314 2207 est
1336 2173 1503 2208 creator
1523 2164 1661 2208 carnis
1683 2173 1725 2210 et

340 2240 510 2284 animae.
539 2235 770 2289 Quomodo
793 2249 895 2292 ergo
919 2248 968 2276 ex
984 2233 1059 2277 illo
1082 2249 1170 2277 non
1192 2235 1341 2277 erant?
1357 2234 1457 2294 quia
1477 2234 1617 2278 vitiosi
1639 2250 1662 2277 a
1680 2249 1724 2278 se

333 2310 435 2369 ipsis
452 2307 556 2376 speti
579 2315 716 2349 erant.
748 2307 809 2348 Ex
829 2303 904 2348 illo
928 2320 1016 2348 non
1039 2313 1183 2360 erant,
1211 2304 1312 2365 quia
1334 2304 1546 2349 imitando
1567 2304 1722 2350 diaho-

338 2381 454 2434 lum,
481 2378 557 2422 filii
576 2377 737 2421 diaboli
760 2375 862 2420 facti
881 2385 1018 2420 erant.

391 2454 513 2497 XVI.
540 2449 670 2494 Venit
700 2463 800 2507 ergo
830 2447 1039 2493 Dominus
1061 2450 1174 2493 Deus
1197 2446 1253 2492 ad
1274 2447 1497 2493 hominem
1514 2456 1721 2509 peccato-

386 2544 397 2561 1
416 2538 509 2570 Joan.
526 2546 598 2576 vm,
617 2533 674 2576 37.
691 2549 731 2558 -e
757 2531 869 2566 21bid.
890 2531 1012 2574 39-41.
