1809 3173
336 174 415 212 304
754 183 785 209 s.
824 182 1051 211 Aucus'rim
1085 185 1263 211 El‘lscom

334 250 564 309 suscipiens
588 283 599 303 ,
636 257 679 293 et
716 264 889 293 carnem
930 260 1250 308 resurgentem,
1288 264 1399 294 mors
1435 248 1575 293 media
1612 264 1716 294 con-

334 328 506 378 sumpta
522 329 598 363 cst.

393 394 470 435 Xl.
497 411 516 432 «
543 393 636 449 Ego
653 406 765 446 sum,
795 391 951 450 inquit,
978 392 1099 450 panis
1121 392 1220 434 vitae
1237 393 1266 434 ¹.
1298 409 1317 432 »
1345 394 1400 434 Et
1420 393 1534 434 unde
1558 390 1619 434 illi
1643 406 1717 435 su—

337 463 622 522 perbiebant?
653 482 672 505 «
704 466 847 507 Patres
876 463 1027 517 vestri,
1065 463 1229 522 inquit,
1271 462 1645 506 manducaverunt
1674 463 1720 505 in

340 553 358 575 »
393 534 563 578 deserto
586 549 760 588 manna,
781 542 823 576 et
847 532 1009 576 mortui
1027 534 1170 575 sunt2.
1191 551 1209 572 »
1230 533 1344 585 Quid
1360 543 1424 577 est
1444 533 1559 577 unde
1576 548 1723 592 supei·=›

335 605 467 649 bitis?
487 624 506 647 «
529 605 904 650 Manducaverunt
928 620 1082 647 manna
1097 638 1108 655 ,
1136 613 1177 647 et
1201 605 1361 646 mortui
1384 613 1499 648 sunt.
1534 623 1554 644 »
1580 608 1722 656 Quare

335 678 731 730 manducaverunt,
772 685 815 719 et
846 676 1006 720 mortui
1032 677 1162 719 sunt?
1190 675 1300 728 Quia
1337 675 1455 736 quod
1489 675 1717 728 videbant,

335 747 572 791 credebant
598 766 606 790 z
631 746 752 806 quod
777 762 865 789 non
894 746 1124 799 videbant,
1157 761 1245 789 non
1278 746 1593 803 intelligebant.
1620 745 1724 789 Ideo

338 828 478 879 patres
512 818 663 872 vestri,
696 817 798 877 quia
829 816 987 860 similes
1025 816 1124 859 estis
1154 815 1340 859 illorum.
1372 819 1481 861 Nam
1510 825 1724 876 quantum

336 890 548 949 pertinet,
581 888 734 932 fratres
761 887 868 941 mei,
896 887 949 930 ad
975 897 1159 930 mortem
1181 888 1304 931 istam
1329 887 1542 931 visibilem
1567 902 1724 946 corpo-

338 960 487 1014 ralem,
509 957 725 1019 numquid
756 974 834 1002 nos
857 974 945 1002 non
971 958 1181 1001 morimur
1204 958 1278 1018 qui
1307 958 1623 1002 manducamus
1646 974 1724 1017 pa-

337 1047 436 1075 nem
452 1031 506 1074 de
522 1029 634 1075 coelo
651 1029 1018 1074 descendentem?
1034 1030 1101 1073 Sic
1119 1039 1217 1073 sunt
1235 1029 1395 1073 mortui
1413 1039 1455 1073 et
1476 1029 1554 1084 illi,
1571 1045 1726 1089 quem-

340 1102 575 1147 admodum
616 1118 692 1146 nos
737 1117 886 1145 sumus
931 1101 1129 1145 morituri
1155 1122 1165 1158 3
1201 1111 1412 1161 quantum
1461 1102 1640 1157 attinet,
1678 1110 1728 1145 ut

338 1173 441 1229 dixi,
469 1173 524 1217 ad
542 1182 725 1217 mortem
749 1173 876 1232 hujus
895 1172 1085 1230 corporis
1104 1172 1315 1215 visibilem
1337 1182 1467 1232 atque
1490 1171 1724 1215 carnalem.

340 1248 565 1299 Quantum
589 1254 734 1288 autem
757 1243 946 1302 pertinet
973 1242 1028 1286 ad
1050 1242 1168 1286 illam
1190 1253 1396 1297 mortem,
1417 1243 1471 1286 de
1493 1259 1579 1302 qua
1597 1251 1729 1286 terret

340 1317 568 1371 Dominus,
594 1332 680 1376 qua
710 1315 871 1359 mortui
894 1324 996 1358 sunt
1032 1324 1173 1373 patres
1202 1315 1410 1371 istorum,
1446 1314 1728 1359 manducavit

340 1404 499 1431 manna
523 1397 565 1431 et
594 1390 780 1443 Moyses,
806 1385 1086 1428 manducavit
1109 1400 1265 1428 manna
1288 1395 1331 1428 et
1353 1389 1517 1439 Aaron,
1543 1385 1730 1429 mandu-

340 1459 452 1502 cavit
466 1473 623 1501 manna
640 1467 682 1500 et
705 1456 903 1510 Phinees,
925 1455 1300 1499 manducaverunt
1321 1456 1380 1498 ibi
1398 1455 1523 1498 multi
1542 1455 1617 1515 qui
1640 1458 1728 1499 Do-

340 1529 457 1572 mino
472 1527 747 1587 placuerunt,
772 1535 814 1570 et
837 1526 996 1570 mortui
1014 1541 1101 1568 non
1119 1535 1234 1569 sunt.
1255 1528 1428 1578 Quare?
1451 1525 1561 1578 Quia
1578 1525 1727 1569 visibi-

340 1601 426 1644 lem
459 1600 604 1644 cibum
634 1598 882 1657 spiritaliter
915 1597 1222 1640 intellexerunt
1243 1632 1253 1651 ,
1290 1596 1537 1656 spiritaliter
1573 1596 1728 1640 esurie-

342 1681 465 1726 runt,
499 1670 748 1730 spiritaliter
769 1677 1079 1728 gustaverunt,
1108 1677 1157 1711 ut
1180 1667 1429 1726 spiritaliter
1446 1667 1724 1711 satiarentur.

342 1745 448 1787 Nam
473 1751 514 1785 et
537 1758 614 1785 nos
651 1741 781 1785 hodie
804 1740 1038 1798 accipimus
1061 1738 1272 1782 visibilem
1298 1739 1443 1782 cibum
1467 1758 1475 1782 ε
1512 1737 1587 1782 sed
1610 1737 1729 1781 aliud

342 1822 405 1856 est
438 1820 776 1864 sacramentum,
810 1809 928 1853 aliud
952 1810 1088 1852 virtus
1121 1810 1393 1853 sacramenti.
1432 1813 1570 1861 Quam
1600 1807 1728 1851 multi

342 1884 397 1927 de
413 1884 535 1927 altari
554 1882 773 1941 accipiunt
792 1891 834 1924 et
849 1881 1113 1934 moriuntur,
1131 1889 1173 1923 et
1190 1878 1439 1938 accipiendo
1455 1879 1729 1923 moriuntur?

348 1955 470 1999 Unde
500 1955 604 1998 dicit
629 1952 860 2012 Apostolus
893 1970 901 1995 :
932 1971 951 1992 «
979 1951 1197 1994 Judicium
1223 1950 1304 1993 sibi
1327 1949 1562 1994 manducat
1585 1959 1627 1993 et
1658 1949 1728 1993 bi-

348 2046 366 2067 »
407 2027 510 2069 bit3.
544 2043 562 2066 »
587 2028 683 2069 Non
707 2023 822 2067 enim
846 2020 1040 2066 buccella
1062 2021 1283 2064 Dominica
1300 2035 1517 2064 venenum
1542 2019 1625 2064 fuit
1647 2023 1728 2063 Ju-

345 2096 427 2140 dae.
455 2099 511 2140 Et
548 2105 691 2140 tamen
717 2093 908 2152 accepit,
933 2101 976 2135 et
1003 2107 1102 2135 cum
1127 2092 1316 2150 accepit,
1343 2092 1387 2134 in
1413 2106 1511 2134 eum
1532 2091 1729 2134 inimicus

345 2167 520 2210 intravit
540 2185 549 2210 ι
569 2182 658 2209 non
681 2164 782 2225 quia
805 2162 968 2206 malum
993 2162 1156 2221 accepit
1174 2197 1184 2215 ,
1209 2161 1282 2204 sed
1301 2161 1402 2222 quia
1425 2162 1591 2206 bonum
1617 2159 1729 2204 male

347 2237 485 2281 malus
507 2237 684 2295 accepit.
711 2234 860 2278 Videte
876 2249 978 2292 ergo
994 2268 1004 2287 ,
1031 2232 1198 2283 fraires„
1226 2248 1376 2289 panem
1401 2232 1618 2276 coelestem
1643 2231 1729 2290 spi-

347 2307 528 2351 ritaliter
565 2305 823 2350 manducate
839 2338 850 2358 ,
890 2304 1179 2347 innocentiani
1226 2301 1279 2345 ad
1319 2301 1452 2346 altare
1486 2310 1726 2361 apportate.

350 2382 527 2423 Peccata
549 2377 627 2421 etsi
650 2385 751 2420 sunt
773 2374 1046 2434 quotidiana,
1072 2372 1139 2417 vel
1159 2388 1247 2416 non
1275 2373 1362 2416 sint
1384 2372 1618 2417 mortifera.
1636 2375 1730 2416 An·

400 2485 406 2497 ¹
427 2479 520 2508 Joan.
549 2487 596 2516 Vl,
616 2473 669 2516 48.
689 2491 729 2496 -
750 2480 762 2494 2
787 2472 866 2505 lbid.
887 2471 939 2514 49,
957 2488 999 2495 -ν-
1023 2470 1035 2493 3
1054 2483 1064 2503 1
1087 2474 1147 2503 (201-
1178 2482 1220 2510 xi,
1241 2479 1295 2512 29.
