1825 3214
253 191 294 215 ια
329 189 502 218 JoAums
535 192 840 231 EVANGELNJM,
877 197 1022 224 'rumora
1061 199 1206 225 xxxin.
1333 190 1418 229 309

39 252 219 296 nimium
242 269 332 297 esse
351 266 622 300 mansuetum
651 276 657 301 z
679 257 734 300 dc
756 258 829 301 illo
845 261 1006 320 quippe
1031 263 1171 308 fuerat
1193 275 1291 310 ante
1310 283 1421 326 prm-

38 323 228 382 dictum,
253 344 272 367 «
294 328 530 386 Accingere
549 328 691 385 gladio
716 338 790 374 tuo
812 331 921 374 eirca
949 333 1089 378 fomur
1109 345 1248 390 tuum,
1274 348 1422 398 poten-

41 411 61 434 »
98 395 279 453 tissime3
303 399 443 456 specie
464 407 536 442 tua
559 409 601 443 et
625 399 950 458 pulchritudine
976 413 1046 447 tua
1072 406 1272 462 intende,
1301 425 1423 468 pros-

41 482 60 504 »
97 480 197 523 pere
213 467 412 524 procede,
439 477 481 513 et
506 484 633 526 regna
655 489 662 514 :
682 481 858 531 propter
871 474 1093 518 veritatem
1113 486 1155 520 et
1174 490 1426 524 mansuetu-

41 552 60 575 »
96 536 242 580 dinem
261 546 302 581 et
328 540 538 598 justitiam
558 543 585 584 ¹.
602 560 620 582 n
640 545 753 602 Ergo
776 543 920 587 attulit
941 546 1165 591 veritatem
1185 558 1235 592 ut
1254 549 1423 607 doctor,

36 608 415 654 mansuetudinem
434 621 481 655 ut
505 611 736 667 liberator,
757 615 966 673 justitiam
990 627 1038 661 ut
1060 619 1272 678 cognitor.
1294 625 1428 682 Prop-

37 685 102 720 ter
131 678 223 723 ha’c
261 695 359 724 eum
398 697 486 725 esse
522 692 802 741 regnaturum
847 686 891 729 in
932 688 1095 746 Spiritu
1127 701 1276 736 sancto
1323 696 1428 737 Pro-

37 748 166 806 pheta
181 750 476 808 p¹·;1¹dixerat'².
495 754 607 797 Cum
623 753 889 814 loqueretur,
909 759 1064 803 veritas
1078 763 1392 818 agnoscebatur
1414 784 1422 809 :

36 834 136 862 cum
160 819 363 865 adversus
389 823 584 867 inimicos
608 840 695 868 non
724 837 996 884 moveretur,
1027 834 1318 878 mansuetudo
1336 834 1431 880 lau-

36 889 239 934 dabatur.
280 893 392 936 Cum
426 908 529 952 ergo
562 894 617 938 de
651 896 824 941 duobus
861 898 977 954 istis,
1022 901 1065 944 id
1098 912 1182 958 est,
1226 903 1280 948 dc
1319 907 1432 950 veri-

36 967 124 1003 tate
157 970 200 1005 et
224 965 560 1008 mansuetudine
587 966 676 1025 ejus
712 968 875 1012 inimici
902 969 1037 1015 livore
1070 983 1112 1017 et
1148 975 1310 1020 invidia
1343 987 1433 1022 tor-

35 1040 274 1089 querentur
293 1053 300 1077 :
319 1033 364 1077 in
384 1035 533 1089 tertio,
556 1035 601 1079 id
617 1045 678 1080 est
695 1038 877 1096 justitia,
897 1041 1150 1087 scandalum
1173 1059 1427 1105 posuerunt.

33 1103 209 1152 Quare?
243 1104 353 1155 Quia
378 1107 462 1148 Lex
492 1106 678 1164 jusserat
711 1107 930 1154 adulteros
948 1111 1130 1170 lapidari
1167 1135 1174 1159 :
1201 1126 1244 1160 ct
1273 1119 1426 1179 utique

35 1173 120 1215 Lex
139 1173 258 1232 quod
283 1174 491 1234 injustum
513 1187 603 1220 erat
619 1179 774 1238 jubere
797 1196 885 1225 non
908 1192 1078 1241 poterat
1105 1205 1113 1230 :
1140 1187 1173 1230 si
1191 1189 1287 1247 quis
1309 1189 1430 1235 aliud

32 1241 196 1288 diceret
218 1261 348 1305 quam
365 1249 452 1290 Lex
469 1248 655 1306 jusserat
670 1284 695 1312 ,q
710 1250 893 1310 injustus
914 1252 1330 1313 deprehenderetur.
1355 1264 1429 1306 Di-

32 1323 188 1358 xerunt
212 1331 316 1374 ergo
339 1316 455 1375 apud
474 1319 740 1379 semetipsos,
768 1323 906 1367 Verax
939 1335 1121 1383 putatur
1136 1363 1146 1382 ,
1176 1342 1427 1377 mansuetus

29 1383 202 1428 videtur
220 1407 230 1442 3
255 1385 310 1429 de
323 1387 490 1445 justitia
514 1388 575 1431 illi
597 1390 833 1449 quaerenda
851 1393 1068 1441 calumnia
1084 1408 1170 1443 est:
1191 1401 1424 1448 offeramus

27 1455 66 1498 ei
88 1455 315 1500 mulierem
340 1458 384 1500 in
414 1457 629 1504 adulterio
651 1461 965 1520 deprehensam
982 1501 992 1521 ,
1019 1467 1213 1515 dicamus
1237 1474 1343 1532 quid
1367 1474 1421 1520 de

26 1525 100 1570 illa
129 1527 175 1570 in
216 1530 330 1586 Lege
365 1539 634 1589 praeceptum
674 1532 728 1575 sit
758 1552 766 1576 ε
806 1534 839 1576 si
875 1550 966 1579 eam
995 1539 1168 1597 jusserit
1211 1541 1417 1602 lapidari,

25 1597 409 1641 mansuetudinem
441 1615 529 1643 non
564 1601 776 1658 habebit3
801 1604 834 1646 si
863 1620 955 1648 eam
981 1607 1141 1653 dimitti
1173 1615 1415 1670 censuerit,

18 1665 230 1724 justitiam
273 1683 362 1712 nou
404 1669 584 1713 tenebit.
623 1673 678 1715 Ut
718 1681 863 1716 autem
908 1680 1308 1739 mansuetudinem,
1349 1687 1417 1730 in-

23 1737 204 1796 quiunt,
231 1755 318 1783 non
342 1739 519 1799 perdat,
543 1741 588 1784 in
616 1757 702 1802 qua
729 1745 817 1803 jam
842 1747 1011 1805 populis
1046 1752 1242 1798 amabilis
1271 1756 1411 1803 tactus

22 1817 114 1863 est,
129 1809 220 1853 sine
233 1810 371 1854 dubio
393 1827 486 1854 eam
504 1812 664 1856 dimitti
687 1813 848 1859 debere
869 1818 1064 1864 dicturus
1086 1832 1162 1867 est.
1191 1826 1303 1872 Hinc
1332 1845 1411 1874 nos

20 1880 266 1925 invenimus
294 1883 523 1926 accusandi
555 1885 845 1942 occasionem,
872 1898 914 1932 et
951 1906 1072 1935 reum
1099 1894 1283 1942 facimus
1309 1909 1408 1945 tan-

18 1966 150 2010 quam
167 1952 291 2010 Legis
309 1953 682 2010 praevarieatorem
710 1975 719 2000 ι
745 1956 936 2004 dicentes
958 1961 1019 2016 ei,
1046 1966 1188 2010 Hostis
1206 1984 1249 2012 es
1265 1972 1404 2029 Legis,

19 2030 170 2065 contra
185 2025 367 2079 Moysen
390 2023 638 2082 respondes,
663 2026 750 2070 imo
772 2038 922 2073 contra
945 2046 1046 2075 eum
1075 2036 1151 2095 qui
1175 2052 1252 2096 per
1281 2044 1404 2100 Moy-

17 2105 94 2134 sen
116 2094 275 2150 Legem
298 2091 419 2136 dedit
439 2112 448 2137 :
469 2109 566 2138 reus
583 2110 626 2138 es
641 2098 811 2152 mortis,
831 2114 930 2143 cum
955 2100 1027 2146 illa
1049 2113 1092 2148 et
1114 2114 1161 2149 tu
1178 2107 1268 2166 ipse
1289 2109 1401 2171 lapi-

19 2161 204 2205 dandus.
227 2165 372 2206 Posset
400 2163 465 2207 his
488 2164 629 2209 verbis
651 2175 783 2227 atque
809 2169 874 2213 his
898 2175 1120 2219 sententiis
1142 2177 1404 2229 inflammari

19 2230 203 2285 invidia,
241 2231 406 2276 fervere
448 2235 686 2291 accusatio,
724 2237 909 2297 flagitari
947 2242 1183 2292 damnatio.
1218 2253 1301 2297 Sed
1333 2257 1405 2301 cui

20 2301 134 2346 hoc?
157 2303 414 2348 Perversitas
443 2305 714 2361 rectitudini,
741 2307 900 2354 falsitas
931 2314 1120 2371 veritati,
1147 2335 1402 2383 corruptum

20 2387 96 2416 cor
116 2372 238 2416 cordi
272 2384 405 2429 recto,
445 2375 625 2420 stultitia
655 2378 890 2436 sapientiae.
916 2386 1101 2436 Quando
1129 2389 1189 2433 iili
1227 2392 1404 2454 laqueos

21 2453 335 2502 praepararent,
369 2445 413 2488 in
446 2461 555 2504 quos
590 2462 679 2491 non
711 2449 829 2508 prius
862 2452 942 2510 ipsi
975 2468 1105 2513 caput
1147 2461 1403 2521 injicerent?

71 2535 79 2550 ¹
101 2528 177 2561 psal.
200 2539 283 2565 xuv,
305 2529 325 2570 4
344 2535 375 2562 et
390 2530 419 2563 5.
438 2548 477 2553 —-
498 2538 509 2554 ²
530 2534 598 2564 lsai.
616 2543 658 2565 xi.

213 2593 351 2623 cxxii.
1197 2603 1240 2639 -)’,

1197 2630 1218 2639 ,,,
1242 2631 1244 2634 .
