1825 3214
267 179 311 205 m
345 176 522 206 solimus
555 176 866 214 mummuli,
902 175 1048 204 Tuam:
1087 178 1177 203 xxi.
1333 169 1414 206 227

29 242 142 286 enim
162 242 207 286 in
231 241 335 286 Filio
352 241 472 302 quod
495 240 688 286 facturus
700 249 791 285 erat
812 255 887 300 per
905 241 1057 285 Filium
1073 275 1085 297 ‚
1103 242 1244 301 ipsum
1263 242 1418 289 Filium

29 313 180 373 genuit
203 329 425 374 perquem
448 312 609 358 faceret
630 312 792 357 omnia.

87 386 141 429 V.
167 403 187 427 «
214 386 271 429 Et
292 385 455 444 majora
484 383 549 428 his
580 381 899 428 demonstrabit
920 381 959 426 ei
981 397 1136 441 opera,
1167 392 1216 427 ut
1237 399 1311 429 vos
1333 386 1419 430 mi·

30 474 51 498 »
88 456 281 500 remini¹‚
321 459 534 500 »Rursus
570 456 640 500 hic
668 454 831 500 turbat.
860 456 918 498 Et
951 453 1049 514 quis
1089 462 1154 499 est
1186 455 1263 514 qui
1287 456 1419 516 digne

28 535 324 586 perscrutetur
354 527 439 571 hoc
485 535 656 571 tantum
688 526 940 570 secretum?
975 524 1060 570 Sed
1083 526 1174 586 jam
1210 527 1420 586 quoniam

28 597 153 642 nobis
172 598 295 658 loqui
329 596 532 657 dignatus
561 607 645 653 est,
670 597 761 657 ipse
797 597 949 657 aperit.
970 599 1123 658 Neque
1143 598 1261 642 enim
1291 599 1423 645 vellet

28 668 171 713 dicere
191 669 310 728 quod
331 668 467 714 nollet
484 668 665 727 intelligi
683 669 813 728 :quia
830 667 975 713 dicere
993 666 1199 728 dignatus
1221 682 1301 725 est,
1330 671 1421 716 sine

28 741 166 785 dubio
185 742 387 785 excitavit
409 741 676 786 audientiam
704 759 712 785 :
739 739 956 800 numquid
984 756 1114 800 quem
1139 740 1340 786 excitavit
1371 751 1423 788 ut

29 812 220 868 audiret,
253 814 485 858 excitatum
516 813 707 858 deserit?
730 813 923 858 Diximus
958 821 1009 857 ut
1042 813 1290 872 potuimus,
1330 829 1421 859 non

29 884 326 944 temporaliter
351 885 459 929 scire
479 883 659 939 Filium,
684 899 765 928 nec
787 883 905 928 aliud
941 898 1030 928 esse
1052 884 1146 928 Filii
1169 885 1416 943 scientiam,

30 955 148 1000 aliud
170 956 313 1015 ipsum
332 954 501 1010 Filium,
534 964 577 999 et
604 955 725 999 aliud
747 970 837 999 esse
861 953 955 998 Filii
977 955 1203 1011 visionem,
1229 966 1273 1001 et
1299 957 1420 1003 aliud

29 1026 170 1086 ipsum
198 1026 352 1070 Filium
379 1045 387 1070 :
409 1025 484 1070 sed
505 1026 642 1085 ipsam
666 1027 874 1070 visionem
896 1041 986 1071 esse
1008 1026 1160 1070 Filium
1174 1062 1185 1082 ,
1212 1037 1255 1072 et
1276 1028 1416 1088 ipsam

29 1098 253 1142 scientiam
287 1097 358 1142 vel
377 1097 630 1157 sapientiam
664 1097 800 1141 Patris
822 1111 912 1140 esse
939 1095 1117 1152 Filium,
1142 1113 1327 1159 eamque
1354 1116 1425 1145 sa-

31 1168 237 1228 pientiam
260 1177 304 1212 et
332 1182 424 1211 eam
449 1167 659 1212 visionem
681 1177 890 1211 aeternam
915 1182 1005 1212 esse
1027 1166 1081 1211 ab
1108 1177 1288 1224 aeterno,
1316 1179 1359 1215 et
1387 1171 1428 1217 ei

31 1255 54 1284 a
72 1255 161 1300 quo
178 1249 239 1284 est
263 1248 552 1290 coaeternam3
576 1254 658 1284 nec
677 1238 739 1283 ibi
761 1254 839 1299 per
856 1247 1025 1298 tempus
1046 1238 1212 1300 aliquid
1236 1241 1391 1286 variari
1410 1263 1422 1301 3

31 1327 111 1356 nec
132 1310 298 1372 aliquid
322 1311 439 1356 nasci
456 1310 576 1372 quod
598 1327 689 1356 non
722 1319 829 1365 erat,
855 1325 934 1355 nec
956 1309 1123 1371 aliquid
1146 1312 1285 1371 perire
1306 1313 1428 1374 quod

31 1391 137 1426 erat.
159 1382 355 1426 Diximus
373 1390 422 1425 ut
444 1382 683 1442 potuimus.
700 1381 816 1436 Quid
838 1396 940 1440 ergo
955 1381 1026 1427 hic
1044 1382 1176 1427 modo
1198 1382 1302 1429 facit
1322 1395 1431 1432 tem·

32 1468 128 1513 pus,
159 1462 210 1497 ut
231 1452 409 1507 diceret,
440 1472 459 1494 «
479 1454 644 1513 Majora
669 1453 736 1497 his
759 1452 1076 1498 demonstrabit
1096 1454 1135 1498 ei
1157 1459 1318 1516 opera?
1337 1475 1356 1499 »
1383 1458 1429 1503 id

34 1533 97 1569 est
124 1523 505 1568 ‘demonstraturus
537 1534 617 1581 est,
653 1525 737 1570 hoc
759 1534 823 1570 est
855 1525 1186 1571 demonstrabit.
1213 1528 1347 1573 Aliud
1364 1538 1430 1574 est

35 1596 362 1652 demonstravit,
400 1594 518 1640 aliud
549 1606 613 1641 est
645 1596 994 1641 demonstrabit.
1019 1597 1347 1657 demonstravit,
1375 1602 1431 1648 de

35 1666 256 1726 praeterito
290 1666 502 1724 dicimus,
545 1666 909 1713 demonstrabit:
940 1667 995 1711 de
1035 1666 1184 1714 futuro
1225 1669 1424 1718 dicimus.

35 1738 153 1792 Quid
175 1752 275 1796 ergo
289 1737 361 1783 hic
374 1739 556 1796 agimus,
577 1737 730 1782 fratres
742 1739 760 1782 P
773 1741 887 1783 Ecce
901 1754 1032 1798 quem
1048 1738 1292 1787 dixeramus
1311 1744 1428 1789 Patri

37 1819 321 1864 coaeternum,
347 1809 456 1854 nihil
482 1810 528 1854 in
547 1808 624 1854 illo
645 1809 801 1855 variari
823 1825 900 1869 per
919 1818 1108 1870 tempus,
1134 1813 1245 1857 nihil
1265 1816 1431 1862 moveri

37 1895 112 1940 per
128 1880 265 1940 spatia
288 1879 357 1924 vel
380 1889 705 1925 momentorum
728 1878 798 1924 vel
817 1879 1033 1936 locorum,
1058 1896 1235 1928 manere
1260 1901 1430 1946 semper

36 1967 138 1997 cum
171 1955 296 1996 Patre
318 1951 555 2008 videntem,
579 1951 803 1997 videntem
827 1955 999 1996 Patrem
1029 1962 1073 1998 et
1101 1953 1293 2002 videndo
1320 1959 1432 2003 exis-

35 2031 216 2078 tentem,
242 2038 388 2067 rursus
410 2024 536 2068 nobis
555 2033 754 2083 tempora
784 2023 1031 2077 nominans,
1062 2043 1082 2065 «
1104 2027 1430 2076 Demonstrabit

40 2111 60 2134 »
95 2093 150 2147 ei,
174 2093 334 2153 inquit,
355 2093 420 2138 his
434 2096 613 2155 majora.
637 2112 656 2135 »
680 2097 796 2152 Ergo
815 2093 1191 2141 demonstraturus
1209 2099 1428 2146 estadhuc

38 2163 204 2223 aliquid
224 2163 353 2218 Filio,
378 2163 499 2224 quod
511 2179 602 2209 non
620 2164 740 2209 novit
763 2163 926 2208 Filius?
948 2164 1066 2217 Quid
1087 2181 1190 2226 ergo
1216 2167 1431 2218 facimus?

0 2237 1 2294 J
36 2233 158 2295 quod
178 2234 261 2278 hoc
283 2234 593 2293 intelligimus?
611 2237 725 2279 Ecce
742 2235 954 2279 Dominus
975 2245 1122 2280 noster
1144 2240 1268 2285 Jesus
1289 2243 1432 2287 Chris-

0 2314 2 2347 ῑ
36 2313 107 2349 tus
120 2319 292 2348 sursum
305 2314 410 2360 erat,
424 2304 630 2350 deorsum
643 2314 720 2349 est.
728 2305 915 2359 Quando
927 2320 1098 2351 sursum
1113 2311 1231 2354 erat?
1244 2313 1431 2365 Quando

0 2375 171 2432 dixit,
199 2395 214 2414 «
235 2380 530 2438 Quaecumque
549 2376 655 2422 facit
673 2380 814 2431 Pater,
835 2377 929 2421 haec
947 2377 1096 2422 eadem
1116 2389 1160 2424 et
1175 2381 1311 2428 Filius
1327 2384 1433 2429 facit

45 2465 66 2489 ι(
98 2445 333 2491 simitum-2.
376 2466 394 2489 υ
421 2447 548 2493 Unde
575 2447 708 2494 modo
744 2448 981 2492 deorsum?
1007 2466 1028 2490 «
1053 2452 1217 2511 Majora
1254 2454 1319 2500 his
1349 2455 1431 2500 de-

91 2539 99 2555 ¹
114 2511 263 2573 han-iv,
282 2541 332 2564 20.
367 2549 398 2556 ·-
418 2534 524 2566 ²1bid.
546 2546 587 2577 19

1162 2590 1228 2632 15.
