<?xml version="1.0" encoding="UTF-8"?>
<!DOCTYPE html PUBLIC "-//W3C//DTD XHTML 1.0 Transitional//EN"
    "http://www.w3.org/TR/xhtml1/DTD/xhtml1-transitional.dtd">
<html xmlns="http://www.w3.org/1999/xhtml" xml:lang="en" lang="en">
 <head>
  <title>
</title>
<meta http-equiv="Content-Type" content="text/html;charset=utf-8" />
  <meta name='ocr-system' content='tesseract 3.04.00' />
  <meta name='ocr-capabilities' content='ocr_page ocr_carea ocr_par ocr_line ocrx_word'/>
</head>
<body>
  <div class='ocr_page' id='page_1' title='image "./operaomniaaccura15auguuoft_0037.png"; bbox 0 0 1825 3214; ppageno 0'>
   <div class='ocr_carea' id='block_1_1' title="bbox 326 238 1445 287">
    <p class='ocr_par' dir='ltr' id='par_1_1' title="bbox 326 238 1445 287">
     <span class='ocr_line' id='line_1_1' title="bbox 326 238 1445 287; baseline -0.003 -9"><span class='ocrx_word' id='word_1_1' title='bbox 326 251 369 278; x_wconf 71' lang='lat' dir='ltr'>iu</span> <span class='ocrx_word' id='word_1_2' title='bbox 402 248 576 278; x_wconf 68' lang='lat' dir='ltr'>somnis</span> <span class='ocrx_word' id='word_1_3' title='bbox 609 248 920 287; x_wconf 64' lang='lat' dir='ltr'>numanum,</span> <span class='ocrx_word' id='word_1_4' title='bbox 954 248 1100 276; x_wconf 65' lang='lat' dir='ltr'>TnAcr.</span> <span class='ocrx_word' id='word_1_5' title='bbox 1138 251 1231 276; x_wconf 81' lang='lat' dir='ltr'>viu.</span> <span class='ocrx_word' id='word_1_6' title='bbox 1391 238 1445 276; x_wconf 77' lang='lat'>27</span> 
     </span>
    </p>
   </div>
   <div class='ocr_carea' id='block_1_2' title="bbox 2 306 1508 2573">
    <p class='ocr_par' dir='ltr' id='par_1_2' title="bbox 49 306 1448 377">
     <span class='ocr_line' id='line_1_2' title="bbox 49 306 1448 377; baseline -0.001 -16"><span class='ocrx_word' id='word_1_7' title='bbox 49 331 148 377; x_wconf 73' lang='lat' dir='ltr'>,pus</span> <span class='ocrx_word' id='word_1_8' title='bbox 163 351 173 369; x_wconf 87' lang='lat'>‚</span> <span class='ocrx_word' id='word_1_9' title='bbox 204 324 246 361; x_wconf 90' lang='lat' dir='ltr'>et</span> <span class='ocrx_word' id='word_1_10' title='bbox 269 331 355 360; x_wconf 88' lang='lat' dir='ltr'>non</span> <span class='ocrx_word' id='word_1_11' title='bbox 378 306 542 370; x_wconf 55' lang='lat' dir='ltr'>anima,</span> <span class='ocrx_word' id='word_1_12' title='bbox 570 315 613 360; x_wconf 85' lang='lat' dir='ltr'>id</span> <span class='ocrx_word' id='word_1_13' title='bbox 635 325 721 371; x_wconf 88' lang='lat' dir='ltr'>est,</span> <span class='ocrx_word' id='word_1_14' title='bbox 748 316 978 360; x_wconf 78' lang='lat' dir='ltr'>habitatrix</span> <span class='ocrx_word' id='word_1_15' title='bbox 1000 316 1192 374; x_wconf 89' lang='lat' dir='ltr'>corporis</span> <span class='ocrx_word' id='word_1_16' title='bbox 1214 316 1331 373; x_wconf 76' lang='lat' dir='ltr'>agit?</span> <span class='ocrx_word' id='word_1_17' title='bbox 1360 317 1448 361; x_wconf 87' lang='lat' dir='ltr'>Nec</span> 
     </span>
    </p>

    <p class='ocr_par' dir='ltr' id='par_1_3' title="bbox 2 385 1508 2147">
     <span class='ocr_line' id='line_1_3' title="bbox 69 385 1448 447; baseline -0.001 -15"><span class='ocrx_word' id='word_1_18' title='bbox 69 397 211 432; x_wconf 70' lang='lat' dir='ltr'>tamen</span> <span class='ocrx_word' id='word_1_19' title='bbox 246 388 417 431; x_wconf 62' lang='lat' dir='ltr'>videtur</span> <span class='ocrx_word' id='word_1_20' title='bbox 439 387 600 442; x_wconf 83' lang='lat' dir='ltr'>oculis,</span> <span class='ocrx_word' id='word_1_21' title='bbox 632 394 675 431; x_wconf 82' lang='lat' dir='ltr'>&#39;et</span> <span class='ocrx_word' id='word_1_22' title='bbox 696 403 745 431; x_wconf 79' lang='lat' dir='ltr'>ex</span> <span class='ocrx_word' id='word_1_23' title='bbox 773 386 840 431; x_wconf 83' lang='lat' dir='ltr'>liis</span> <span class='ocrx_word' id='word_1_24' title='bbox 871 403 969 447; x_wconf 67' lang='lat' dir='ltr'>quse</span> <span class='ocrx_word' id='word_1_25' title='bbox 999 386 1087 444; x_wconf 83' lang='lat' dir='ltr'>agit</span> <span class='ocrx_word' id='word_1_26' title='bbox 1117 385 1448 431; x_wconf 77' lang='lat' dir='ltr'>admirationem</span> 
     </span>
     <span class='ocr_line' id='line_1_4' title="bbox 68 457 1449 518; baseline -0.001 -15"><span class='ocrx_word' id='word_1_27' title='bbox 68 468 227 503; x_wconf 82' lang='lat' dir='ltr'>movet.</span> <span class='ocrx_word' id='word_1_28' title='bbox 260 458 447 502; x_wconf 73' lang='lat' dir='ltr'>Accedat</span> <span class='ocrx_word' id='word_1_29' title='bbox 464 459 553 518; x_wconf 80' lang='lat' dir='ltr'>jam</span> <span class='ocrx_word' id='word_1_30' title='bbox 596 457 882 502; x_wconf 73' lang='lat' dir='ltr'>consideratio</span> <span class='ocrx_word' id='word_1_31' title='bbox 921 465 992 501; x_wconf 90' lang='lat' dir='ltr'>tua</span> <span class='ocrx_word' id='word_1_32' title='bbox 1015 457 1143 500; x_wconf 83' lang='lat' dir='ltr'>ctiam</span> <span class='ocrx_word' id='word_1_33' title='bbox 1180 457 1235 500; x_wconf 88' lang='lat' dir='ltr'>ad</span> <span class='ocrx_word' id='word_1_34' title='bbox 1262 458 1449 501; x_wconf 82' lang='lat' dir='ltr'>animam</span> 
     </span>
     <span class='ocr_line' id='line_1_5' title="bbox 66 527 1451 586; baseline -0.001 -12"><span class='ocrx_word' id='word_1_35' title='bbox 66 530 318 585; x_wconf 82' lang='lat' dir='ltr'>humanam,</span> <span class='ocrx_word' id='word_1_36' title='bbox 335 531 404 574; x_wconf 89' lang='lat' dir='ltr'>cui</span> <span class='ocrx_word' id='word_1_37' title='bbox 427 530 577 574; x_wconf 79' lang='lat' dir='ltr'>tribuit</span> <span class='ocrx_word' id='word_1_38' title='bbox 600 532 712 574; x_wconf 88' lang='lat' dir='ltr'>Deus</span> <span class='ocrx_word' id='word_1_39' title='bbox 734 528 1002 573; x_wconf 83' lang='lat' dir='ltr'>intellectum</span> <span class='ocrx_word' id='word_1_40' title='bbox 1021 527 1312 586; x_wconf 85' lang='lat' dir='ltr'>cognoscendi</span> <span class='ocrx_word' id='word_1_41' title='bbox 1327 530 1451 573; x_wconf 87' lang='lat' dir='ltr'>Crea-</span> 
     </span>
     <span class='ocr_line' id='line_1_6' title="bbox 68 599 1453 660; baseline -0.001 -15"><span class='ocrx_word' id='word_1_42' title='bbox 68 611 206 646; x_wconf 80' lang='lat' dir='ltr'>torem</span> <span class='ocrx_word' id='word_1_43' title='bbox 233 617 359 646; x_wconf 90' lang='lat' dir='ltr'>suum</span> <span class='ocrx_word' id='word_1_44' title='bbox 376 636 386 655; x_wconf 90' lang='lat'>,</span> <span class='ocrx_word' id='word_1_45' title='bbox 411 600 692 660; x_wconf 84' lang='lat' dir='ltr'>dignoscendi</span> <span class='ocrx_word' id='word_1_46' title='bbox 715 609 755 644; x_wconf 91' lang='lat' dir='ltr'>ct</span> <span class='ocrx_word' id='word_1_47' title='bbox 779 600 1071 658; x_wconf 84' lang='lat' dir='ltr'>distinguendi</span> <span class='ocrx_word' id='word_1_48' title='bbox 1094 600 1205 643; x_wconf 81' lang='lat' dir='ltr'>inter</span> <span class='ocrx_word' id='word_1_49' title='bbox 1228 599 1391 643; x_wconf 88' lang='lat' dir='ltr'>bonum</span> <span class='ocrx_word' id='word_1_50' title='bbox 1410 609 1453 644; x_wconf 92' lang='lat' dir='ltr'>et</span> 
     </span>
     <span class='ocr_line' id='line_1_7' title="bbox 67 670 1453 731; baseline -0.001 -15"><span class='ocrx_word' id='word_1_51' title='bbox 67 671 230 716; x_wconf 88' lang='lat' dir='ltr'>malum</span> <span class='ocrx_word' id='word_1_52' title='bbox 250 707 260 726; x_wconf 91' lang='lat'>‚</span> <span class='ocrx_word' id='word_1_53' title='bbox 293 673 376 717; x_wconf 86' lang='lat' dir='ltr'>hoc</span> <span class='ocrx_word' id='word_1_54' title='bbox 404 679 467 716; x_wconf 86' lang='lat' dir='ltr'>est</span> <span class='ocrx_word' id='word_1_55' title='bbox 495 672 605 716; x_wconf 78' lang='lat' dir='ltr'>inter</span> <span class='ocrx_word' id='word_1_56' title='bbox 637 672 802 731; x_wconf 86' lang='lat' dir='ltr'>justum</span> <span class='ocrx_word' id='word_1_57' title='bbox 826 679 869 715; x_wconf 87' lang='lat' dir='ltr'>et</span> <span class='ocrx_word' id='word_1_58' title='bbox 903 670 1112 729; x_wconf 84' lang='lat' dir='ltr'>injustum</span> <span class='ocrx_word' id='word_1_59' title='bbox 1136 689 1144 713; x_wconf 87' lang='lat'>:</span> <span class='ocrx_word' id='word_1_60' title='bbox 1171 679 1334 730; x_wconf 86' lang='lat' dir='ltr'>quanta</span> <span class='ocrx_word' id='word_1_61' title='bbox 1365 670 1453 728; x_wconf 84' lang='lat' dir='ltr'>agit</span> 
     </span>
     <span class='ocr_line' id='line_1_8' title="bbox 66 739 1453 802; baseline -0.001 -18"><span class='ocrx_word' id='word_1_62' title='bbox 66 758 144 802; x_wconf 84' lang='lat' dir='ltr'>per</span> <span class='ocrx_word' id='word_1_63' title='bbox 160 758 317 802; x_wconf 87' lang='lat' dir='ltr'>corpus</span> <span class='ocrx_word' id='word_1_64' title='bbox 331 744 349 783; x_wconf 62' lang='grc' dir='ltr'><strong>Υ</strong></span> <span class='ocrx_word' id='word_1_65' title='bbox 373 741 596 786; x_wconf 74' lang='lat' dir='ltr'>Attendite</span> <span class='ocrx_word' id='word_1_66' title='bbox 611 742 857 786; x_wconf 84' lang='lat' dir='ltr'>universum</span> <span class='ocrx_word' id='word_1_67' title='bbox 878 741 1027 785; x_wconf 87' lang='lat' dir='ltr'>orbem</span> <span class='ocrx_word' id='word_1_68' title='bbox 1053 750 1262 784; x_wconf 84' lang='lat' dir='ltr'>terrarum</span> <span class='ocrx_word' id='word_1_69' title='bbox 1285 739 1453 784; x_wconf 89' lang='lat' dir='ltr'>ordina-</span> 
     </span>
     <span class='ocr_line' id='line_1_9' title="bbox 12 810 1508 872; baseline -0.001 -16"><span class='ocrx_word' id='word_1_70' title='bbox 12 835 15 837; x_wconf 40' lang='lat'><em>*</em></span> <span class='ocrx_word' id='word_1_71' title='bbox 70 821 161 856; x_wconf 90' lang='lat' dir='ltr'>tum</span> <span class='ocrx_word' id='word_1_72' title='bbox 182 812 226 856; x_wconf 92' lang='lat' dir='ltr'>in</span> <span class='ocrx_word' id='word_1_73' title='bbox 254 813 341 872; x_wconf 85' lang='lat' dir='ltr'>ipsa</span> <span class='ocrx_word' id='word_1_74' title='bbox 369 813 560 856; x_wconf 82' lang='lat' dir='ltr'>bumana</span> <span class='ocrx_word' id='word_1_75' title='bbox 585 812 805 872; x_wconf 80' lang='lat' dir='ltr'>republica</span> <span class='ocrx_word' id='word_1_76' title='bbox 833 831 840 856; x_wconf 93' lang='lat'>:</span> <span class='ocrx_word' id='word_1_77' title='bbox 875 810 1035 871; x_wconf 81' lang='lat' dir='ltr'>quibus</span> <span class='ocrx_word' id='word_1_78' title='bbox 1067 810 1453 855; x_wconf 80' lang='lat' dir='ltr'>administrationi-</span> <span class='ocrx_word' id='word_1_79' title='bbox 1503 823 1508 828; x_wconf 82' lang='grc'>’</span> 
     </span>
     <span class='ocr_line' id='line_1_10' title="bbox 68 880 1453 942; baseline 0 -17"><span class='ocrx_word' id='word_1_80' title='bbox 68 882 176 936; x_wconf 86' lang='lat' dir='ltr'>bus,</span> <span class='ocrx_word' id='word_1_81' title='bbox 198 882 356 942; x_wconf 80' lang='lat' dir='ltr'>quibus</span> <span class='ocrx_word' id='word_1_82' title='bbox 378 882 602 926; x_wconf 81' lang='lat' dir='ltr'>ordinibus</span> <span class='ocrx_word' id='word_1_83' title='bbox 626 891 886 941; x_wconf 85' lang='lat' dir='ltr'>potestatum</span> <span class='ocrx_word' id='word_1_84' title='bbox 903 917 914 936; x_wconf 96' lang='lat'>‚</span> <span class='ocrx_word' id='word_1_85' title='bbox 939 880 1266 926; x_wconf 85' lang='lat' dir='ltr'>conditionibus</span> <span class='ocrx_word' id='word_1_86' title='bbox 1297 880 1453 926; x_wconf 88' lang='lat' dir='ltr'>civita·-</span> 
     </span>
     <span class='ocr_line' id='line_1_11' title="bbox 70 952 1453 1012; baseline -0.001 -15"><span class='ocrx_word' id='word_1_87' title='bbox 70 962 187 1006; x_wconf 84' lang='lat' dir='ltr'>tum‚</span> <span class='ocrx_word' id='word_1_88' title='bbox 213 952 381 1011; x_wconf 76' lang='lat' dir='ltr'>legibus</span> <span class='ocrx_word' id='word_1_89' title='bbox 398 989 408 1009; x_wconf 84' lang='lat'>,</span> <span class='ocrx_word' id='word_1_90' title='bbox 434 954 646 1007; x_wconf 84' lang='lat' dir='ltr'>moribus,</span> <span class='ocrx_word' id='word_1_91' title='bbox 664 953 867 997; x_wconf 75' lang='lat' dir='ltr'>artibus?</span> <span class='ocrx_word' id='word_1_92' title='bbox 890 955 983 998; x_wconf 89' lang='lat' dir='ltr'>Hoc</span> <span class='ocrx_word' id='word_1_93' title='bbox 1004 962 1144 997; x_wconf 92' lang='lat' dir='ltr'>totum</span> <span class='ocrx_word' id='word_1_94' title='bbox 1169 968 1245 1012; x_wconf 88' lang='lat' dir='ltr'>per</span> <span class='ocrx_word' id='word_1_95' title='bbox 1267 953 1453 997; x_wconf 88' lang='lat' dir='ltr'>animam</span> 
     </span>
     <span class='ocr_line' id='line_1_12' title="bbox 69 1023 1455 1083; baseline -0.001 -15"><span class='ocrx_word' id='word_1_96' title='bbox 69 1024 255 1083; x_wconf 79' lang='lat' dir='ltr'>geritur,</span> <span class='ocrx_word' id='word_1_97' title='bbox 277 1033 320 1069; x_wconf 87' lang='lat' dir='ltr'>et</span> <span class='ocrx_word' id='word_1_98' title='bbox 341 1025 435 1069; x_wconf 67' lang='lat' dir='ltr'>hzcc</span> <span class='ocrx_word' id='word_1_99' title='bbox 457 1025 518 1068; x_wconf 87' lang='lat' dir='ltr'>vis</span> <span class='ocrx_word' id='word_1_100' title='bbox 540 1025 695 1068; x_wconf 79' lang='lat' dir='ltr'>animae</span> <span class='ocrx_word' id='word_1_101' title='bbox 718 1038 807 1069; x_wconf 91' lang='lat' dir='ltr'>non</span> <span class='ocrx_word' id='word_1_102' title='bbox 830 1025 1017 1070; x_wconf 84' lang='lat' dir='ltr'>videtur.</span> <span class='ocrx_word' id='word_1_103' title='bbox 1044 1026 1157 1069; x_wconf 88' lang='lat' dir='ltr'>Cum</span> <span class='ocrx_word' id='word_1_104' title='bbox 1185 1023 1455 1069; x_wconf 77' lang='lat' dir='ltr'>subtrahitur</span> 
     </span>
     <span class='ocr_line' id='line_1_13' title="bbox 68 1094 1455 1155; baseline 0 -15"><span class='ocrx_word' id='word_1_105' title='bbox 68 1096 268 1155; x_wconf 90' lang='lat' dir='ltr'>corpori,</span> <span class='ocrx_word' id='word_1_106' title='bbox 293 1095 476 1141; x_wconf 84' lang='lat' dir='ltr'>cadaver</span> <span class='ocrx_word' id='word_1_107' title='bbox 493 1097 608 1155; x_wconf 89' lang='lat' dir='ltr'>jacet</span> <span class='ocrx_word' id='word_1_108' title='bbox 632 1115 640 1140; x_wconf 91' lang='lat'>:</span> <span class='ocrx_word' id='word_1_109' title='bbox 671 1111 771 1141; x_wconf 91' lang='lat' dir='ltr'>cum</span> <span class='ocrx_word' id='word_1_110' title='bbox 795 1105 939 1140; x_wconf 87' lang='lat' dir='ltr'>autem</span> <span class='ocrx_word' id='word_1_111' title='bbox 959 1095 1080 1141; x_wconf 83' lang='lat' dir='ltr'>adest</span> <span class='ocrx_word' id='word_1_112' title='bbox 1101 1095 1294 1155; x_wconf 83' lang='lat' dir='ltr'>corpori,</span> <span class='ocrx_word' id='word_1_113' title='bbox 1314 1094 1455 1154; x_wconf 89' lang='lat' dir='ltr'>primo</span> 
     </span>
     <span class='ocr_line' id='line_1_14' title="bbox 2 1164 1456 1226; baseline -0.001 -15"><span class='ocrx_word' id='word_1_114' title='bbox 2 1187 7 1190; x_wconf 94' lang='lat'>·</span> <span class='ocrx_word' id='word_1_115' title='bbox 68 1164 217 1211; x_wconf 88' lang='lat' dir='ltr'>condit</span> <span class='ocrx_word' id='word_1_116' title='bbox 237 1166 430 1226; x_wconf 85' lang='lat' dir='ltr'>quodam</span> <span class='ocrx_word' id='word_1_117' title='bbox 453 1165 584 1210; x_wconf 90' lang='lat' dir='ltr'>modo</span> <span class='ocrx_word' id='word_1_118' title='bbox 606 1175 798 1225; x_wconf 82' lang='lat' dir='ltr'>putoreS.</span> <span class='ocrx_word' id='word_1_119' title='bbox 813 1166 1120 1226; x_wconf 86' lang='lat' dir='ltr'>Corruptibilis</span> <span class='ocrx_word' id='word_1_120' title='bbox 1142 1175 1205 1209; x_wconf 90' lang='lat' dir='ltr'>est</span> <span class='ocrx_word' id='word_1_121' title='bbox 1227 1166 1343 1209; x_wconf 89' lang='lat' dir='ltr'>enim</span> <span class='ocrx_word' id='word_1_122' title='bbox 1361 1181 1456 1210; x_wconf 93' lang='lat' dir='ltr'>om-</span> 
     </span>
     <span class='ocr_line' id='line_1_15' title="bbox 69 1236 1456 1298; baseline 0.001 -17"><span class='ocrx_word' id='word_1_123' title='bbox 69 1237 135 1281; x_wconf 91' lang='lat' dir='ltr'>nis</span> <span class='ocrx_word' id='word_1_124' title='bbox 157 1252 257 1282; x_wconf 89' lang='lat' dir='ltr'>caro</span> <span class='ocrx_word' id='word_1_125' title='bbox 273 1271 283 1291; x_wconf 92' lang='lat'>‚</span> <span class='ocrx_word' id='word_1_126' title='bbox 310 1236 355 1280; x_wconf 90' lang='lat' dir='ltr'>in</span> <span class='ocrx_word' id='word_1_127' title='bbox 378 1236 630 1296; x_wconf 85' lang='lat' dir='ltr'>putredines</span> <span class='ocrx_word' id='word_1_128' title='bbox 651 1237 831 1293; x_wconf 86' lang='lat' dir='ltr'>defluit,</span> <span class='ocrx_word' id='word_1_129' title='bbox 856 1238 936 1282; x_wconf 88' lang='lat' dir='ltr'>nisi</span> <span class='ocrx_word' id='word_1_130' title='bbox 960 1238 1151 1298; x_wconf 85' lang='lat' dir='ltr'>quodam</span> <span class='ocrx_word' id='word_1_131' title='bbox 1174 1237 1456 1283; x_wconf 90' lang='lat' dir='ltr'>condimento</span> 
     </span>
     <span class='ocr_line' id='line_1_16' title="bbox 69 1308 1456 1369; baseline 0.001 -16"><span class='ocrx_word' id='word_1_132' title='bbox 69 1309 225 1354; x_wconf 84' lang='lat' dir='ltr'>animae</span> <span class='ocrx_word' id='word_1_133' title='bbox 257 1317 471 1353; x_wconf 85' lang='lat' dir='ltr'>teneatur.</span> <span class='ocrx_word' id='word_1_134' title='bbox 500 1308 584 1354; x_wconf 86' lang='lat' dir='ltr'>Sed</span> <span class='ocrx_word' id='word_1_135' title='bbox 605 1309 688 1354; x_wconf 90' lang='lat' dir='ltr'>hoc</span> <span class='ocrx_word' id='word_1_136' title='bbox 722 1325 954 1355; x_wconf 90' lang='lat' dir='ltr'>commune</span> <span class='ocrx_word' id='word_1_137' title='bbox 982 1310 1044 1354; x_wconf 88' lang='lat' dir='ltr'>illi</span> <span class='ocrx_word' id='word_1_138' title='bbox 1074 1319 1139 1355; x_wconf 89' lang='lat' dir='ltr'>est</span> <span class='ocrx_word' id='word_1_139' title='bbox 1165 1325 1266 1355; x_wconf 90' lang='lat' dir='ltr'>cum</span> <span class='ocrx_word' id='word_1_140' title='bbox 1290 1310 1456 1369; x_wconf 89' lang='lat' dir='ltr'>pecoris</span> 
     </span>
     <span class='ocr_line' id='line_1_17' title="bbox 71 1378 1457 1442; baseline 0.001 -18"><span class='ocrx_word' id='word_1_141' title='bbox 71 1380 216 1424; x_wconf 86' lang='lat' dir='ltr'>anima</span> <span class='ocrx_word' id='word_1_142' title='bbox 239 1399 248 1424; x_wconf 75' lang='grc' dir='ltr'><strong><em>ι</em></strong></span> <span class='ocrx_word' id='word_1_143' title='bbox 274 1378 346 1423; x_wconf 91' lang='lat' dir='ltr'>illa</span> <span class='ocrx_word' id='word_1_144' title='bbox 368 1380 502 1437; x_wconf 83' lang='lat' dir='ltr'>magis</span> <span class='ocrx_word' id='word_1_145' title='bbox 524 1380 721 1425; x_wconf 82' lang='lat' dir='ltr'>miranda</span> <span class='ocrx_word' id='word_1_146' title='bbox 744 1396 844 1441; x_wconf 80' lang='lat' dir='ltr'>quae</span> <span class='ocrx_word' id='word_1_147' title='bbox 867 1380 984 1436; x_wconf 83' lang='lat' dir='ltr'>dixi,</span> <span class='ocrx_word' id='word_1_148' title='bbox 1007 1397 1106 1442; x_wconf 87' lang='lat' dir='ltr'>quae</span> <span class='ocrx_word' id='word_1_149' title='bbox 1134 1380 1188 1426; x_wconf 87' lang='lat' dir='ltr'>ad</span> <span class='ocrx_word' id='word_1_150' title='bbox 1206 1390 1396 1425; x_wconf 85' lang='lat' dir='ltr'>mentem</span> <span class='ocrx_word' id='word_1_151' title='bbox 1414 1390 1457 1425; x_wconf 88' lang='lat' dir='ltr'>et</span> 
     </span>
     <span class='ocr_line' id='line_1_18' title="bbox 71 1448 1457 1511; baseline 0.001 -17"><span class='ocrx_word' id='word_1_152' title='bbox 71 1448 341 1494; x_wconf 86' lang='lat' dir='ltr'>intellectum</span> <span class='ocrx_word' id='word_1_153' title='bbox 362 1450 610 1509; x_wconf 79' lang='lat' dir='ltr'>pertinent3</span> <span class='ocrx_word' id='word_1_154' title='bbox 638 1450 714 1495; x_wconf 88' lang='lat' dir='ltr'>ubi</span> <span class='ocrx_word' id='word_1_155' title='bbox 739 1451 867 1496; x_wconf 88' lang='lat' dir='ltr'>etiam</span> <span class='ocrx_word' id='word_1_156' title='bbox 899 1452 953 1496; x_wconf 86' lang='lat' dir='ltr'>ad</span> <span class='ocrx_word' id='word_1_157' title='bbox 977 1452 1210 1511; x_wconf 84' lang='lat' dir='ltr'>imaginem</span> <span class='ocrx_word' id='word_1_158' title='bbox 1243 1451 1457 1496; x_wconf 87' lang='lat' dir='ltr'>Creatoris</span> 
     </span>
     <span class='ocr_line' id='line_1_19' title="bbox 71 1519 1458 1580; baseline 0.001 -16"><span class='ocrx_word' id='word_1_159' title='bbox 71 1521 136 1565; x_wconf 89' lang='lat' dir='ltr'>sui</span> <span class='ocrx_word' id='word_1_160' title='bbox 155 1530 406 1575; x_wconf 84' lang='lat' dir='ltr'>renovatur,</span> <span class='ocrx_word' id='word_1_161' title='bbox 431 1519 488 1564; x_wconf 86' lang='lat' dir='ltr'>ad</span> <span class='ocrx_word' id='word_1_162' title='bbox 504 1521 627 1580; x_wconf 89' lang='lat' dir='ltr'>cujus</span> <span class='ocrx_word' id='word_1_163' title='bbox 649 1522 878 1580; x_wconf 82' lang='lat' dir='ltr'>imaginem</span> <span class='ocrx_word' id='word_1_164' title='bbox 901 1522 1040 1567; x_wconf 82' lang='lat' dir='ltr'>factus</span> <span class='ocrx_word' id='word_1_165' title='bbox 1058 1531 1122 1566; x_wconf 88' lang='lat' dir='ltr'>est</span> <span class='ocrx_word' id='word_1_166' title='bbox 1143 1523 1316 1566; x_wconf 90' lang='lat' dir='ltr'>homo1.</span> <span class='ocrx_word' id='word_1_167' title='bbox 1345 1522 1458 1575; x_wconf 84' lang='lat' dir='ltr'>Quid</span> 
     </span>
     <span class='ocr_line' id='line_1_20' title="bbox 71 1591 1458 1652; baseline 0.001 -17"><span class='ocrx_word' id='word_1_168' title='bbox 71 1591 152 1635; x_wconf 88' lang='lat' dir='ltr'>erit</span> <span class='ocrx_word' id='word_1_169' title='bbox 176 1592 270 1636; x_wconf 85' lang='lat' dir='ltr'>haec</span> <span class='ocrx_word' id='word_1_170' title='bbox 290 1591 354 1636; x_wconf 89' lang='lat' dir='ltr'>vis</span> <span class='ocrx_word' id='word_1_171' title='bbox 372 1591 543 1646; x_wconf 83' lang='lat' dir='ltr'>animae,</span> <span class='ocrx_word' id='word_1_172' title='bbox 558 1607 659 1636; x_wconf 86' lang='lat' dir='ltr'>cum</span> <span class='ocrx_word' id='word_1_173' title='bbox 675 1601 717 1636; x_wconf 91' lang='lat' dir='ltr'>et</span> <span class='ocrx_word' id='word_1_174' title='bbox 739 1608 896 1651; x_wconf 87' lang='lat' dir='ltr'>corpus</span> <span class='ocrx_word' id='word_1_175' title='bbox 914 1593 996 1636; x_wconf 92' lang='lat' dir='ltr'>hoc</span> <span class='ocrx_word' id='word_1_176' title='bbox 1018 1591 1211 1636; x_wconf 91' lang='lat' dir='ltr'>induerit</span> <span class='ocrx_word' id='word_1_177' title='bbox 1231 1592 1458 1652; x_wconf 87' lang='lat' dir='ltr'>incorrup-</span> 
     </span>
     <span class='ocr_line' id='line_1_21' title="bbox 72 1661 1458 1715; baseline 0.001 -10"><span class='ocrx_word' id='word_1_178' title='bbox 72 1662 252 1715; x_wconf 82' lang='lat' dir='ltr'>tionem,</span> <span class='ocrx_word' id='word_1_179' title='bbox 269 1672 312 1706; x_wconf 91' lang='lat' dir='ltr'>et</span> <span class='ocrx_word' id='word_1_180' title='bbox 330 1661 512 1707; x_wconf 84' lang='lat' dir='ltr'>mortale</span> <span class='ocrx_word' id='word_1_181' title='bbox 530 1663 613 1706; x_wconf 89' lang='lat' dir='ltr'>hoc</span> <span class='ocrx_word' id='word_1_182' title='bbox 630 1662 821 1706; x_wconf 89' lang='lat' dir='ltr'>induerit</span> <span class='ocrx_word' id='word_1_183' title='bbox 840 1663 1261 1707; x_wconf 58' lang='lat' dir='ltr'>immortalitatem?</span> <span class='ocrx_word' id='word_1_184' title='bbox 1279 1663 1322 1707; x_wconf 92' lang='lat' dir='ltr'>Si</span> <span class='ocrx_word' id='word_1_185' title='bbox 1338 1672 1458 1708; x_wconf 87' lang='lat' dir='ltr'>tanta</span> 
     </span>
     <span class='ocr_line' id='line_1_22' title="bbox 70 1733 1458 1794; baseline 0.001 -17"><span class='ocrx_word' id='word_1_186' title='bbox 70 1742 213 1794; x_wconf 92' lang='lat' dir='ltr'>potest</span> <span class='ocrx_word' id='word_1_187' title='bbox 234 1748 311 1793; x_wconf 90' lang='lat' dir='ltr'>per</span> <span class='ocrx_word' id='word_1_188' title='bbox 331 1748 504 1778; x_wconf 87' lang='lat' dir='ltr'>carnem</span> <span class='ocrx_word' id='word_1_189' title='bbox 530 1733 857 1793; x_wconf 88' lang='lat' dir='ltr'>corruptibilem</span> <span class='ocrx_word' id='word_1_190' title='bbox 875 1768 886 1788; x_wconf 94' lang='lat'>,</span> <span class='ocrx_word' id='word_1_191' title='bbox 922 1734 1031 1793; x_wconf 85' lang='lat' dir='ltr'>quid</span> <span class='ocrx_word' id='word_1_192' title='bbox 1062 1734 1221 1793; x_wconf 89' lang='lat' dir='ltr'>poterit</span> <span class='ocrx_word' id='word_1_193' title='bbox 1253 1748 1330 1793; x_wconf 88' lang='lat' dir='ltr'>per</span> <span class='ocrx_word' id='word_1_194' title='bbox 1358 1749 1458 1779; x_wconf 86' lang='lat' dir='ltr'>cor—</span> 
     </span>
     <span class='ocr_line' id='line_1_23' title="bbox 71 1803 1458 1863; baseline 0.001 -15"><span class='ocrx_word' id='word_1_195' title='bbox 71 1818 153 1863; x_wconf 90' lang='lat' dir='ltr'>pus</span> <span class='ocrx_word' id='word_1_196' title='bbox 174 1803 363 1863; x_wconf 88' lang='lat' dir='ltr'>spiritale</span> <span class='ocrx_word' id='word_1_197' title='bbox 375 1814 472 1863; x_wconf 90' lang='lat' dir='ltr'>post</span> <span class='ocrx_word' id='word_1_198' title='bbox 494 1804 852 1848; x_wconf 84' lang='lat' dir='ltr'>resurrectionem</span> <span class='ocrx_word' id='word_1_199' title='bbox 873 1805 1177 1849; x_wconf 75' lang='lat' dir='ltr'>mortuorum?</span> <span class='ocrx_word' id='word_1_200' title='bbox 1194 1807 1298 1849; x_wconf 85' lang='lat' dir='ltr'>Haec</span> <span class='ocrx_word' id='word_1_201' title='bbox 1312 1814 1458 1850; x_wconf 88' lang='lat' dir='ltr'>tamen</span> 
     </span>
     <span class='ocr_line' id='line_1_24' title="bbox 72 1873 1457 1936; baseline 0.001 -17"><span class='ocrx_word' id='word_1_202' title='bbox 72 1875 214 1920; x_wconf 85' lang='lat' dir='ltr'>anima</span> <span class='ocrx_word' id='word_1_203' title='bbox 228 1910 239 1930; x_wconf 89' lang='lat'>‚</span> <span class='ocrx_word' id='word_1_204' title='bbox 261 1884 311 1919; x_wconf 89' lang='lat' dir='ltr'>ut</span> <span class='ocrx_word' id='word_1_205' title='bbox 325 1873 438 1930; x_wconf 86' lang='lat' dir='ltr'>dixi,</span> <span class='ocrx_word' id='word_1_206' title='bbox 459 1874 724 1919; x_wconf 85' lang='lat' dir='ltr'>admirabilis</span> <span class='ocrx_word' id='word_1_207' title='bbox 742 1884 911 1919; x_wconf 73' lang='lat' dir='ltr'>naturae</span> <span class='ocrx_word' id='word_1_208' title='bbox 933 1874 1065 1936; x_wconf 87' lang='lat' dir='ltr'>atque</span> <span class='ocrx_word' id='word_1_209' title='bbox 1088 1876 1366 1933; x_wconf 73' lang='lat' dir='ltr'>substantiae,</span> <span class='ocrx_word' id='word_1_210' title='bbox 1389 1878 1457 1921; x_wconf 90' lang='lat' dir='ltr'>in-</span> 
     </span>
     <span class='ocr_line' id='line_1_25' title="bbox 71 1945 1457 2007; baseline 0.001 -17"><span class='ocrx_word' id='word_1_211' title='bbox 71 1945 250 1991; x_wconf 89' lang='lat' dir='ltr'>visibilis</span> <span class='ocrx_word' id='word_1_212' title='bbox 269 1962 333 1990; x_wconf 88' lang='lat' dir='ltr'>res</span> <span class='ocrx_word' id='word_1_213' title='bbox 354 1955 418 1991; x_wconf 90' lang='lat' dir='ltr'>est</span> <span class='ocrx_word' id='word_1_214' title='bbox 445 1956 489 1991; x_wconf 90' lang='lat' dir='ltr'>et</span> <span class='ocrx_word' id='word_1_215' title='bbox 513 1945 796 2005; x_wconf 86' lang='lat' dir='ltr'>intelligibilis</span> <span class='ocrx_word' id='word_1_216' title='bbox 816 1966 825 1991; x_wconf 88' lang='lat'>:</span> <span class='ocrx_word' id='word_1_217' title='bbox 850 1955 894 1991; x_wconf 88' lang='lat' dir='ltr'>et</span> <span class='ocrx_word' id='word_1_218' title='bbox 912 1947 1006 1992; x_wconf 84' lang='lat' dir='ltr'>haec</span> <span class='ocrx_word' id='word_1_219' title='bbox 1034 1956 1179 1991; x_wconf 87' lang='lat' dir='ltr'>tamen</span> <span class='ocrx_word' id='word_1_220' title='bbox 1203 1963 1280 2007; x_wconf 83' lang='lat' dir='ltr'>per</span> <span class='ocrx_word' id='word_1_221' title='bbox 1307 1950 1457 1992; x_wconf 89' lang='lat' dir='ltr'>Jesum</span> 
     </span>
     <span class='ocr_line' id='line_1_26' title="bbox 71 2015 1458 2078; baseline 0.001 -17"><span class='ocrx_word' id='word_1_222' title='bbox 71 2019 208 2061; x_wconf 90' lang='lat' dir='ltr'>Deum</span> <span class='ocrx_word' id='word_1_223' title='bbox 231 2015 343 2061; x_wconf 86' lang='lat' dir='ltr'>facta</span> <span class='ocrx_word' id='word_1_224' title='bbox 361 2026 450 2071; x_wconf 91' lang='lat' dir='ltr'>est,</span> <span class='ocrx_word' id='word_1_225' title='bbox 476 2017 577 2076; x_wconf 87' lang='lat' dir='ltr'>quia</span> <span class='ocrx_word' id='word_1_226' title='bbox 603 2017 693 2076; x_wconf 85' lang='lat' dir='ltr'>ipse</span> <span class='ocrx_word' id='word_1_227' title='bbox 717 2026 782 2061; x_wconf 91' lang='lat' dir='ltr'>est</span> <span class='ocrx_word' id='word_1_228' title='bbox 808 2018 1003 2061; x_wconf 87' lang='lat' dir='ltr'>Verbum</span> <span class='ocrx_word' id='word_1_229' title='bbox 1032 2018 1127 2062; x_wconf 87' lang='lat' dir='ltr'>Dei.</span> <span class='ocrx_word' id='word_1_230' title='bbox 1157 2037 1177 2060; x_wconf 91' lang='lat'>«</span> <span class='ocrx_word' id='word_1_231' title='bbox 1201 2018 1359 2063; x_wconf 83' lang='lat' dir='ltr'>Omnia</span> <span class='ocrx_word' id='word_1_232' title='bbox 1381 2033 1458 2078; x_wconf 90' lang='lat' dir='ltr'>per</span> 
     </span>
     <span class='ocr_line' id='line_1_27' title="bbox 73 2086 1339 2147; baseline 0.003 -18"><span class='ocrx_word' id='word_1_233' title='bbox 73 2105 96 2129; x_wconf 69' lang='lat' dir='ltr'>n</span> <span class='ocrx_word' id='word_1_234' title='bbox 129 2087 271 2146; x_wconf 91' lang='lat' dir='ltr'>ipsum</span> <span class='ocrx_word' id='word_1_235' title='bbox 289 2087 405 2133; x_wconf 87' lang='lat' dir='ltr'>facta</span> <span class='ocrx_word' id='word_1_236' title='bbox 427 2096 529 2132; x_wconf 93' lang='lat' dir='ltr'>sunt</span> <span class='ocrx_word' id='word_1_237' title='bbox 545 2122 556 2142; x_wconf 89' lang='lat'>‚</span> <span class='ocrx_word' id='word_1_238' title='bbox 583 2096 627 2131; x_wconf 89' lang='lat' dir='ltr'>et</span> <span class='ocrx_word' id='word_1_239' title='bbox 647 2087 849 2147; x_wconf 72' lang='lat' dir='ltr'>sineipso</span> <span class='ocrx_word' id='word_1_240' title='bbox 872 2086 1035 2132; x_wconf 85' lang='lat' dir='ltr'>factum</span> <span class='ocrx_word' id='word_1_241' title='bbox 1058 2098 1122 2133; x_wconf 92' lang='lat' dir='ltr'>est</span> <span class='ocrx_word' id='word_1_242' title='bbox 1138 2088 1247 2133; x_wconf 91' lang='lat' dir='ltr'>nihil</span> <span class='ocrx_word' id='word_1_243' title='bbox 1261 2091 1292 2133; x_wconf 76' lang='lat'>³.</span> <span class='ocrx_word' id='word_1_244' title='bbox 1319 2107 1339 2130; x_wconf 89' lang='lat'>»</span> 
     </span>
    </p>

    <p class='ocr_par' dir='ltr' id='par_1_4' title="bbox 70 2158 1457 2573">
     <span class='ocr_line' id='line_1_28' title="bbox 131 2158 1454 2219; baseline 0.003 -17"><span class='ocrx_word' id='word_1_245' title='bbox 131 2161 210 2202; x_wconf 86' lang='lat'>111.</span> <span class='ocrx_word' id='word_1_246' title='bbox 236 2160 349 2203; x_wconf 89' lang='lat' dir='ltr'>Cum</span> <span class='ocrx_word' id='word_1_247' title='bbox 372 2173 474 2217; x_wconf 86' lang='lat' dir='ltr'>ergo</span> <span class='ocrx_word' id='word_1_248' title='bbox 496 2167 615 2203; x_wconf 87' lang='lat' dir='ltr'>tanta</span> <span class='ocrx_word' id='word_1_249' title='bbox 636 2159 860 2204; x_wconf 82' lang='lat' dir='ltr'>videamus</span> <span class='ocrx_word' id='word_1_250' title='bbox 881 2158 994 2204; x_wconf 84' lang='lat' dir='ltr'>facta</span> <span class='ocrx_word' id='word_1_251' title='bbox 1017 2175 1094 2219; x_wconf 87' lang='lat' dir='ltr'>per</span> <span class='ocrx_word' id='word_1_252' title='bbox 1112 2164 1251 2205; x_wconf 91' lang='lat' dir='ltr'>Deum</span> <span class='ocrx_word' id='word_1_253' title='bbox 1278 2163 1427 2206; x_wconf 90' lang='lat' dir='ltr'>Jesum</span> <span class='ocrx_word' id='word_1_254' title='bbox 1443 2197 1454 2217; x_wconf 84' lang='lat'>‚</span> 
     </span>
     <span class='ocr_line' id='line_1_29' title="bbox 71 2227 1457 2291; baseline 0.003 -19"><span class='ocrx_word' id='word_1_255' title='bbox 71 2227 177 2287; x_wconf 88' lang='lat' dir='ltr'>quid</span> <span class='ocrx_word' id='word_1_256' title='bbox 201 2229 408 2273; x_wconf 88' lang='lat' dir='ltr'>miramur</span> <span class='ocrx_word' id='word_1_257' title='bbox 429 2244 586 2289; x_wconf 82' lang='lat' dir='ltr'>aquam</span> <span class='ocrx_word' id='word_1_258' title='bbox 607 2229 653 2272; x_wconf 92' lang='lat' dir='ltr'>in</span> <span class='ocrx_word' id='word_1_259' title='bbox 682 2229 832 2273; x_wconf 85' lang='lat' dir='ltr'>vinum</span> <span class='ocrx_word' id='word_1_260' title='bbox 859 2245 1112 2275; x_wconf 84' lang='lat' dir='ltr'>conversam</span> <span class='ocrx_word' id='word_1_261' title='bbox 1138 2246 1213 2291; x_wconf 89' lang='lat' dir='ltr'>per</span> <span class='ocrx_word' id='word_1_262' title='bbox 1233 2232 1457 2276; x_wconf 91' lang='lat' dir='ltr'>hominem</span> 
     </span>
     <span class='ocr_line' id='line_1_30' title="bbox 70 2297 1456 2362; baseline 0.004 -20"><span class='ocrx_word' id='word_1_263' title='bbox 70 2300 245 2342; x_wconf 80' lang='lat' dir='ltr'>Jesum?</span> <span class='ocrx_word' id='word_1_264' title='bbox 262 2301 412 2358; x_wconf 72' lang='lat' dir='ltr'>Neque</span> <span class='ocrx_word' id='word_1_265' title='bbox 435 2299 550 2343; x_wconf 90' lang='lat' dir='ltr'>enim</span> <span class='ocrx_word' id='word_1_266' title='bbox 575 2299 634 2344; x_wconf 87' lang='lat' dir='ltr'>sic</span> <span class='ocrx_word' id='word_1_267' title='bbox 657 2297 794 2344; x_wconf 85' lang='lat' dir='ltr'>factus</span> <span class='ocrx_word' id='word_1_268' title='bbox 812 2309 875 2344; x_wconf 88' lang='lat' dir='ltr'>est</span> <span class='ocrx_word' id='word_1_269' title='bbox 893 2301 1040 2355; x_wconf 87' lang='lat' dir='ltr'>homo,</span> <span class='ocrx_word' id='word_1_270' title='bbox 1058 2310 1106 2345; x_wconf 87' lang='lat' dir='ltr'>ut</span> <span class='ocrx_word' id='word_1_271' title='bbox 1125 2302 1323 2361; x_wconf 88' lang='lat' dir='ltr'>perderet</span> <span class='ocrx_word' id='word_1_272' title='bbox 1336 2301 1456 2362; x_wconf 88' lang='lat' dir='ltr'>quod</span> 
     </span>
     <span class='ocr_line' id='line_1_31' title="bbox 72 2369 1454 2432; baseline 0.004 -20"><span class='ocrx_word' id='word_1_273' title='bbox 72 2372 185 2413; x_wconf 86' lang='lat' dir='ltr'>Deus</span> <span class='ocrx_word' id='word_1_274' title='bbox 202 2378 291 2413; x_wconf 88' lang='lat' dir='ltr'>erat</span> <span class='ocrx_word' id='word_1_275' title='bbox 317 2389 325 2414; x_wconf 90' lang='lat'><strong>:</strong></span> <span class='ocrx_word' id='word_1_276' title='bbox 353 2370 528 2414; x_wconf 84' lang='lat' dir='ltr'>accessit</span> <span class='ocrx_word' id='word_1_277' title='bbox 549 2369 611 2413; x_wconf 88' lang='lat' dir='ltr'>illi</span> <span class='ocrx_word' id='word_1_278' title='bbox 634 2370 786 2426; x_wconf 89' lang='lat' dir='ltr'>homo,</span> <span class='ocrx_word' id='word_1_279' title='bbox 811 2387 900 2415; x_wconf 91' lang='lat' dir='ltr'>non</span> <span class='ocrx_word' id='word_1_280' title='bbox 920 2372 1098 2416; x_wconf 83' lang='lat' dir='ltr'>amissus</span> <span class='ocrx_word' id='word_1_281' title='bbox 1116 2382 1178 2417; x_wconf 86' lang='lat' dir='ltr'>est</span> <span class='ocrx_word' id='word_1_282' title='bbox 1202 2376 1329 2418; x_wconf 87' lang='lat' dir='ltr'>Deus.</span> <span class='ocrx_word' id='word_1_283' title='bbox 1359 2377 1454 2432; x_wconf 87' lang='lat' dir='ltr'>Ipse</span> 
     </span>
     <span class='ocr_line' id='line_1_32' title="bbox 71 2439 1453 2503; baseline 0.004 -20"><span class='ocrx_word' id='word_1_284' title='bbox 71 2452 174 2499; x_wconf 82' lang='lat' dir='ltr'>ergo</span> <span class='ocrx_word' id='word_1_285' title='bbox 195 2439 299 2484; x_wconf 88' lang='lat' dir='ltr'>fecit</span> <span class='ocrx_word' id='word_1_286' title='bbox 320 2440 402 2485; x_wconf 87' lang='lat' dir='ltr'>boc</span> <span class='ocrx_word' id='word_1_287' title='bbox 420 2476 430 2495; x_wconf 92' lang='lat'><strong>‚</strong></span> <span class='ocrx_word' id='word_1_288' title='bbox 456 2441 533 2501; x_wconf 89' lang='lat' dir='ltr'>qui</span> <span class='ocrx_word' id='word_1_289' title='bbox 559 2440 631 2484; x_wconf 78' lang='lat' dir='ltr'>illa</span> <span class='ocrx_word' id='word_1_290' title='bbox 655 2442 814 2485; x_wconf 87' lang='lat' dir='ltr'>omnia.</span> <span class='ocrx_word' id='word_1_291' title='bbox 841 2444 938 2487; x_wconf 89' lang='lat' dir='ltr'>Non</span> <span class='ocrx_word' id='word_1_292' title='bbox 961 2443 1108 2503; x_wconf 81' lang='lat' dir='ltr'>itaque</span> <span class='ocrx_word' id='word_1_293' title='bbox 1127 2445 1333 2488; x_wconf 89' lang='lat' dir='ltr'>miremur</span> <span class='ocrx_word' id='word_1_294' title='bbox 1355 2446 1453 2503; x_wconf 85' lang='lat' dir='ltr'>quia</span> 
     </span>
     <span class='ocr_line' id='line_1_33' title="bbox 73 2508 1454 2573; baseline 0.004 -20"><span class='ocrx_word' id='word_1_295' title='bbox 73 2512 184 2553; x_wconf 89' lang='lat' dir='ltr'>Deus</span> <span class='ocrx_word' id='word_1_296' title='bbox 207 2508 308 2554; x_wconf 86' lang='lat' dir='ltr'>fecit</span> <span class='ocrx_word' id='word_1_297' title='bbox 335 2530 343 2554; x_wconf 87' lang='lat'>;</span> <span class='ocrx_word' id='word_1_298' title='bbox 371 2510 446 2554; x_wconf 90' lang='lat' dir='ltr'>sed</span> <span class='ocrx_word' id='word_1_299' title='bbox 478 2526 671 2554; x_wconf 85' lang='lat' dir='ltr'>amemus</span> <span class='ocrx_word' id='word_1_300' title='bbox 694 2511 795 2570; x_wconf 83' lang='lat' dir='ltr'>quia</span> <span class='ocrx_word' id='word_1_301' title='bbox 821 2513 933 2562; x_wconf 88' lang='lat' dir='ltr'>inter</span> <span class='ocrx_word' id='word_1_302' title='bbox 969 2528 1047 2557; x_wconf 89' lang='lat' dir='ltr'>nos</span> <span class='ocrx_word' id='word_1_303' title='bbox 1082 2512 1185 2558; x_wconf 87' lang='lat' dir='ltr'>fecit</span> <span class='ocrx_word' id='word_1_304' title='bbox 1211 2523 1253 2558; x_wconf 90' lang='lat' dir='ltr'>et</span> <span class='ocrx_word' id='word_1_305' title='bbox 1277 2524 1454 2573; x_wconf 82' lang='lat' dir='ltr'>propter</span> 
     </span>
    </p>
   </div>
   <div class='ocr_carea' id='block_1_3' title="bbox 121 2594 1207 2640">
    <p class='ocr_par' dir='ltr' id='par_1_5' title="bbox 121 2594 1207 2640">
     <span class='ocr_line' id='line_1_34' title="bbox 121 2594 1207 2640; baseline 0.003 -15"><span class='ocrx_word' id='word_1_306' title='bbox 121 2602 126 2615; x_wconf 92' lang='lat'><em>¹</em></span> <span class='ocrx_word' id='word_1_307' title='bbox 145 2594 262 2626; x_wconf 64' lang='lat' dir='ltr'>coloss.</span> <span class='ocrx_word' id='word_1_308' title='bbox 284 2607 334 2634; x_wconf 76' lang='grc' dir='ltr'>ιιι,</span> <span class='ocrx_word' id='word_1_309' title='bbox 357 2607 405 2626; x_wconf 81' lang='lat' dir='ltr'>io.</span> <span class='ocrx_word' id='word_1_310' title='bbox 424 2603 487 2618; x_wconf 70' lang='lat'>—2</span> <span class='ocrx_word' id='word_1_311' title='bbox 508 2607 518 2628; x_wconf 84' lang='grc' dir='ltr'>ι</span> <span class='ocrx_word' id='word_1_312' title='bbox 541 2596 682 2628; x_wconf 79' lang='lat' dir='ltr'>Corinth.</span> <span class='ocrx_word' id='word_1_313' title='bbox 707 2607 760 2637; x_wconf 84' lang='lat' dir='ltr'>xv,</span> <span class='ocrx_word' id='word_1_314' title='bbox 779 2597 832 2640; x_wconf 71' lang='lat'>53,</span> <span class='ocrx_word' id='word_1_315' title='bbox 857 2596 908 2638; x_wconf 70' lang='grc'>54.</span> <span class='ocrx_word' id='word_1_316' title='bbox 927 2615 968 2620; x_wconf 89' lang='grc'>-</span> <span class='ocrx_word' id='word_1_317' title='bbox 991 2597 1003 2621; x_wconf 84' lang='lat'>3</span> <span class='ocrx_word' id='word_1_318' title='bbox 1021 2600 1110 2630; x_wconf 81' lang='lat' dir='ltr'>Joan.</span> <span class='ocrx_word' id='word_1_319' title='bbox 1136 2611 1161 2636; x_wconf 76' lang='lat' dir='ltr'>x,</span> <span class='ocrx_word' id='word_1_320' title='bbox 1179 2600 1207 2630; x_wconf 80' lang='lat'>3.</span> 
     </span>
    </p>
   </div>
  </div>
 </body>
</html>
