1825 3214
288 288 332 315 ιΝ
365 285 538 316 somnis
570 284 877 324 numenium,
911 282 1058 312 TnAcr.
1095 286 1187 312 xxi.
1353 273 1439 312 229

54 368 212 408 remus,
237 353 312 413 qui
337 368 423 398 non
441 344 627 407 eramus,
653 350 797 396 adhue
817 349 1008 394 habebat
1041 350 1204 394 discere
1224 358 1271 394 ut
1303 364 1441 394 resus-

53 425 316 470 citaremur?
333 423 449 477 Quid
468 439 572 482 ergo
592 422 711 484 quod
734 422 829 466 vult
844 421 1020 466 dicere?

111 498 210 539 vll.
240 494 467 539 Descendit
497 495 612 538 enim
650 493 703 537 ad
727 509 820 547 nos,
846 502 889 537 et
913 493 987 552 qui
1008 491 1138 551 paulo
1161 500 1261 535 ante
1290 492 1444 552 loque-

53 566 181 611 batur
198 575 247 610 ut
261 569 389 620 Deus,
407 566 539 625 ccepit
563 565 682 625 loqui
707 574 755 608 ut
778 565 926 609 homo.
950 567 1046 623 lpse
1065 571 1128 608 est
1149 572 1296 607 tamen
1313 563 1446 609 homo

53 638 128 698 qui
159 641 287 691 Deus,
326 638 427 698 qnia
462 641 574 681 Deus
600 637 739 681 factus
766 645 830 680 est
858 637 1020 681 homo:
1047 634 1122 680 sed
1156 634 1296 680 factus
1327 635 1448 695 quod

53 723 141 753 non
170 719 283 762 crat,
321 723 409 752 non
441 708 640 751 amittens
673 706 794 767 quod
817 716 922 751 erat.
952 709 1068 765 Ergo
1106 706 1283 751 accessit
1313 706 1448 750 homo

56 783 159 834 Deo,
186 788 234 822 ut
252 788 361 823 esset
385 779 516 823 homo
529 779 605 839 qui
628 789 719 824 erat
733 782 847 823 Deus
867 794 981 823 :non
1000 787 1050 822 ut
1065 780 1156 839 jam
1171 779 1304 822 homo
1321 787 1447 834 esset,

56 860 98 895 et
123 866 210 894 non
233 859 342 894 esset
363 853 489 893 Deus.
518 849 758 894 Audiamus
781 866 884 910 ergo
914 866 1015 895 eum
1046 849 1242 905 fratrem,
1275 850 1351 910 qui
1369 865 1450 894 au-

56 921 280 966 diebamus
298 921 567 965 conditorem
598 941 605 965 ;
623 922 912 976 conditorem,
928 921 1030 982 quia
1048 920 1244 965 Verbum
1267 921 1312 964 in
1330 921 1452 981 prin-

53 993 194 1052 cipio3
220 991 414 1046 fratrem,
440 993 540 1051 quia
569 1002 721 1037 natum
738 1008 788 1036 ex
803 993 969 1052 virgine
992 993 1129 1038 Maria
1151 990 1451 1037 :conditorem

53 1073 154 1108 ante
176 1063 396 1121 Abraham
414 1098 424 1117 ‚
460 1072 560 1107 ante
586 1063 748 1119 Adam,
787 1073 887 1109 ante
911 1073 1069 1108 terram
1087 1099 1098 1120 ‚
1140 1073 1240 1108 ante
1260 1062 1449 1118 coelum,

53 1144 152 1179 ante
167 1122 314 1179 omnia
332 1133 571 1194 corporalia
595 1143 637 1178 et
659 1135 865 1194 spiritalia
887 1156 898 1192 3
923 1135 1101 1179 fratrem
1135 1143 1281 1178 autem
1303 1149 1355 1178 ex
1381 1148 1451 1177 se-

53 1205 171 1249 mine
194 1205 404 1259 Abralm,
436 1220 486 1248 ex
521 1205 639 1248 tribu
676 1204 790 1249 Juda
809 1240 820 1259 ‚
846 1221 896 1249 ex
931 1206 1099 1264 virgine
1130 1204 1379 1249 Israelitica.
1409 1201 1456 1248 Si

53 1291 155 1334 ergo
173 1276 374 1319 novimus
400 1276 533 1330 hune,
560 1276 635 1335 qui
659 1274 786 1319 nobis
814 1274 1033 1335 loquitur,
1063 1284 1107 1320 et
1129 1278 1269 1319 Deum
1293 1284 1337 1318 et
1371 1275 1454 1318 ho-

54 1348 242 1401 minem,
279 1346 576 1404 intelligamus
606 1346 740 1390 verba
768 1346 845 1390 Dei
877 1356 920 1391 et
949 1347 1139 1391 hominis
1176 1365 1184 1391 :
1217 1344 1456 1406 aliquando

53 1418 167 1462 enim
194 1418 293 1461 talia
317 1417 441 1461 nobis
464 1417 568 1461 dicit
591 1432 690 1477 quse
713 1420 961 1477 pertineant
978 1417 1032 1462 ad
1054 1419 1326 1478 majestatem
1341 1451 1352 1472 ‚
1374 1415 1456 1460 ali-

51 1487 232 1549 quando
267 1503 365 1547 quae
398 1488 657 1545 pertineant*
671 1488 726 1531 ad
759 1487 1069 1539 humilitatem.
1109 1491 1207 1547 Ipse
1234 1487 1349 1531 enim
1379 1502 1455 1530 ex-

52 1558 222 1614 celsus,>
244 1559 322 1619 qni
350 1558 528 1602 humilis
556 1569 604 1603 ut
633 1574 711 1603 nos
733 1559 918 1603 humiles
940 1558 1074 1604 faciat
1103 1558 1309 1604 excelsos.
1336 1555 1455 1611 Quid

53 1645 156 1688 ergo
184 1629 277 1673 ait?
304 1647 323 1671 «
349 1628 675 1673 Demonstrabit
709 1629 816 1672 mihi
840 1633 968 1673 Pater
995 1630 1060 1673 his
1091 1630 1278 1690 majora,
1303 1637 1353 1672 ut
1377 1643 1454 1673 vos

55 1719 75 1742 »
110 1700 328 1744 miremini
344 1702 374 1743 ¹.
404 1717 423 1740 »
446 1702 561 1758 Ergo
585 1699 711 1743 nobis
734 1709 798 1743 est
833 1698 1230 1755 demonstraturus,
1253 1715 1344 1744 non
1371 1698 1452 1744 illi.

52 1773 164 1817 Cum
184 1786 285 1829 ergo
305 1771 431 1815 nobis
453 1771 508 1814 sit
536 1769 914 1815 demonstraturus
939 1774 1067 1816 Pater
1094 1790 1103 1816 :
1128 1780 1361 1831 propterea
1383 1768 1455 1814 di-

53 1843 130 1897 xit,
172 1862 192 1885 «
217 1852 266 1886 ut
289 1857 363 1885 vos
385 1842 617 1885 miremini.
650 1859 670 1883 »
691 1841 905 1901 Exposuit
931 1843 1047 1886 enim
1071 1842 1192 1902 quod
1219 1841 1360 1897 voluit
1388 1841 1457 1885 di-

0 1966 1 1971 *
52 1928 163 1968 cere,
188 1933 208 1955 «
234 1912 557 1957 Demonstrabit
580 1911 687 1955 mihi
719 1915 861 1974 Pater.
891 1931 910 1954 »
933 1915 1076 1966 Quare
1105 1929 1196 1959 non
1225 1913 1348 1968 dixit,
1370 1915 1456 1957 De-

0 1985 1 2016 ἶ
54 1985 312 2029 monstrabit
331 1984 453 2028 vobis
482 1987 608 2028 Pater
625 2019 635 2037 ,
659 1983 733 2027 sed
758 1984 1079 2030 demonstrabit
1098 1984 1246 2029 Filio?
1278 1985 1388 2038 Quia
1410 1993 1455 2028 et

54 2072 131 2101 nos
153 2056 349 2100 membra
371 2070 521 2099 sumus
548 2055 644 2099 Filii
664 2076 674 2112 3
695 2064 738 2099 et
760 2071 838 2100 nos
871 2057 1070 2101 membra
1095 2065 1307 2117 tanquam
1331 2053 1453 2116 quod

0 2135 2 2183 ξ
55 2127 276 2181 discimus,
292 2127 382 2185 ipse
404 2126 528 2170 discit
543 2127 735 2186 quodam
754 2126 887 2172 modo
910 2127 955 2172 in
970 2127 1177 2172 membris
1199 2128 1300 2172 suis.
1326 2130 1450 2180 Quo-

0 2189 4 2380 i

54 2197 187 2242 modo
213 2196 338 2241 discit
359 2196 404 2239 in
437 2196 598 2240 nobis?
624 2197 854 2249 Quomodo
882 2198 1046 2257 patitur
1069 2198 1116 2241 in
1139 2197 1296 2242 nobis?
1327 2195 1454 2240 'Unde

56 2268 293 2327 probamus
328 2266 430 2326 quia
460 2266 625 2326 patitur
659 2267 705 2310 in
739 2267 879 2312 nobis.
906 2271 972 2312 Ex
994 2268 1068 2312 illa
1097 2283 1203 2312 voce
1231 2267 1286 2312 de
1318 2266 1450 2322 coelo,

58 2357 78 2380 «
115 2337 258 2392 Saule,
291 2336 418 2381 Saule
446 2336 554 2396 quid
588 2351 655 2380 me
688 2338 1025 2398 perseque1·is2?
1044 2358 1061 2379 »
1088 2341 1244 2383 Nonne
1265 2338 1356 2396 ipse
1385 2345 1450 2381 est

55 2409 129 2468 qui
145 2407 281 2468 judex
308 2407 352 2451 in
375 2407 460 2450 fine
482 2406 629 2451 saeeuli
655 2407 878 2464 residebit,
905 2418 948 2453 et
975 2410 1116 2469 justos
1153 2408 1208 2454 ad
1231 2408 1452 2452 dexteram

0 2529 4 2537 ,
55 2494 237 2539 ponens,
264 2479 436 2538 iniquos
459 2487 605 2522 autem
628 2478 684 2523 ad
707 2479 941 2536 sinistram,
970 2479 1168 2526 dicturus
1189 2488 1252 2524 est
1279 2498 1286 2523 :
1316 2498 1337 2520 «
1363 2481 1450 2522 Ve-

61 2566 82 2591 »
116 2549 222 2603 nite,
254 2547 471 2593 benedicti
500 2549 636 2593 Patris
661 2549 770 2604 mei,
804 2550 1013 2610 percipite
1049 2565 1254 2609 regnum3
1291 2547 1449 2591 es=.uivi

107 2639 115 2655 ¹
134 2635 222 2664 ¹Ioan.
244 2644 274 2674 v,
291 2642 345 2666 ρο.
372 2650 412 2655 -
434 2640 445 2655 ‘¹
471 2635 607 2666 Act.1x.
631 2632 662 2674 4.
