1809 3173
389 147 472 185 300
820 156 853 184 S.
891 158 1117 186 Accos'rim
1157 162 1332 187 EPISCOPI

384 219 613 274 Bibebant,
634 219 792 280 inquit,
817 219 871 264 de
894 222 1073 281 spiritali
1090 232 1297 283 sequente
1314 230 1455 282 petra:
1478 231 1599 281 petra
1618 233 1762 268 autem

381 298 472 332 erat
499 288 708 333 Christus.
736 287 844 333 Inde
875 291 995 349 panis
1012 326 1023 347 ‚
1051 291 1154 335 inde
1177 301 1318 352 potus.
1346 294 1470 334 Petra
1495 291 1690 336 Christus
1719 292 1765 335 in

379 356 502 416 signo
519 392 530 414 ,
554 373 681 403 verus
704 358 900 404 Christus
925 360 971 404 in
1003 360 1148 405 Verbo
1166 371 1209 406 et
1230 363 1276 406 in
1297 376 1440 406 carne.
1469 363 1526 405 Et
1541 362 1765 421 quomodo

378 427 616 473 biberunt?
644 431 848 474 Percussa
870 440 933 475 est
955 439 1076 491 petra
1098 431 1152 475 de
1174 432 1294 492 virga
1324 433 1411 476 bis¹
1441 451 1450 477 2
1482 432 1651 490 gemina
1672 448 1765 492 per-

377 496 543 554 cussio,
568 496 658 542 duo
677 497 796 558 ligna
813 499 952 543 crucis
972 499 1200 558 significat.
1223 520 1242 542 «
1263 501 1342 546 Hic
1364 511 1428 547 est
1449 517 1550 561 ergo
1568 502 1689 562 panis
1710 500 1765 547 de

379 585 400 610 »
436 568 548 614 coelo
570 569 838 615 descendens
852 605 863 627 ,
889 580 938 615 ut
957 571 992 615 si
1015 571 1111 631 quis
1134 572 1463 618 manducaverit
1480 590 1532 617 ex
1550 574 1658 633 ipso,
1674 589 1764 619 non

379 657 400 682 »
435 641 688 686 moriatur2.
704 659 723 682 »
743 643 828 686 Sed
844 641 965 702 quod
984 643 1173 702 pertinet
1193 644 1249 688 ad
1266 644 1473 689 virtutem
1491 646 1762 702 sacramenti,
1800 700 1801 706 ἵ

376 727 467 757 11011
488 712 609 773 quod
631 712 817 772 pertinet
840 713 896 758 ad
922 714 1089 759 visibile
1106 724 1424 760 sacramentum
1443 734 1455 762 z
1480 716 1557 776 qui
1573 715 1764 761 mandu-

376 791 445 827 cat
465 783 599 840 intus,
619 798 710 828 non
729 782 835 829 foris
856 803 865 829 ι
887 784 964 845 qui
986 785 1222 830 manducat
1238 787 1284 831 in
1303 788 1450 843 corde,
1470 802 1562 832 non
1577 788 1652 848 qui
1667 802 1763 848 pre-

376 854 456 899 mit
477 855 625 899 dente.

432 926 555 969 XIII.
582 943 603 967 «
626 926 721 986 Ego
743 940 840 969 sum
858 925 979 984 panis
1001 925 1140 984 vivus,
1165 927 1241 987 qui
1263 925 1317 971 de
1336 926 1448 972 coelo
1471 926 1713 973 descendi³.
1737 946 1758 971 »

373 993 479 1041 Ideo
501 996 647 1053 vivus,
673 996 775 1056 quia
797 995 851 1040 de
872 996 987 1041 coelo
1008 995 1227 1042 descendi.
1254 1001 1316 1042 De
1338 998 1452 1043 coelo
1474 997 1699 1044 descendit
1719 1008 1762 1045 et

371 1081 532 1111 manna
554 1085 564 1113 ε
589 1066 665 1112 sed
686 1083 846 1112 manna
869 1069 1025 1113 umbra
1042 1079 1134 1113 erat
1150 1104 1162 1125 ,
1184 1071 1262 1114 iste
1279 1070 1434 1115 veritas
1456 1079 1534 1114 est.
1559 1089 1580 1112 «
1606 1070 1649 1115 Si
1665 1071 1762 1131 quis

373 1155 393 1179 »
429 1137 758 1184 manducaverit
781 1155 834 1183 ex
851 1141 934 1184 hoc
955 1155 1090 1200 pane,
1111 1140 1234 1186 vivet
1253 1141 1299 1184 in
1315 1151 1527 1185 aeternum
1547 1159 1555 1185 :
1574 1151 1617 1185 01
1639 1143 1761 1200 panis

374 1225 394 1249 »
430 1224 563 1270 quem
585 1224 663 1268 ego
686 1209 802 1254 dabo
818 1244 830 1267 ,
855 1226 955 1255 caro
982 1226 1079 1256 mea
1099 1221 1162 1256 est
1189 1226 1268 1271 pro
1290 1211 1445 1255 mundi
1465 1211 1595 1256 vita&
1621 1230 1640 1253 »
1667 1215 1761 1257 Hoc

371 1277 549 1339 quando
572 1290 743 1341 caperet
775 1297 874 1326 caro
892 1316 903 1337 ,
924 1282 1044 1342 quod
1067 1282 1173 1326 dixit
1189 1298 1347 1342 panem
1362 1317 1373 1338 ,
1394 1284 1600 1327 carnem?
1618 1284 1759 1329 Voca-

370 1359 441 1394 tur
471 1366 570 1396 caro
588 1385 600 1408 ‚
633 1351 754 1411 quod
776 1368 866 1397 non
885 1354 1002 1412 capit
1029 1370 1128 1398 caro
1155 1372 1164 1398 2
1190 1362 1234 1397 et
1255 1354 1353 1397 ideo
1374 1354 1507 1412 magis
1530 1369 1620 1398 non
1641 1354 1758 1414 capit

341 1479 346 1487 ἱ
370 1437 492 1478 caro,
518 1423 620 1482 quia
633 1432 814 1468 vocatur
835 1439 952 1468 caro.
972 1426 1066 1469 Hoc
1092 1425 1208 1468 enim
1231 1425 1579 1481 exhorruerunt,
1600 1426 1685 1470 hoc
1705 1424 1760 1469 ad

369 1508 414 1537 se
432 1493 621 1538 multum
643 1509 732 1538 esse
754 1493 979 1551 dixerunt,
1016 1496 1098 1541 1100
1115 1511 1204 1540 11011
1222 1511 1345 1556 posse
1368 1497 1459 1540 lieri
1475 1505 1756 1556 putaverunt.

376 1584 397 1606 «
413 1566 524 1611 Caro
538 1581 633 1609 mea
648 1575 727 1622 est,
740 1565 899 1626 inquit,
915 1582 994 1626 pro
1007 1566 1161 1611 mundi
1179 1568 1311 1611 vita.»
1323 1570 1493 1613 Norunt
1503 1567 1651 1612 fideles
1663 1583 1761 1612 cor-

372 1652 452 1696 pus
467 1637 642 1694 Christi,
660 1637 696 1682 si
709 1653 866 1698 corpus
882 1639 1041 1684 Christi
1057 1654 1146 1683 esse
1164 1654 1253 1682 non
1269 1638 1508 1698 negligant.
1526 1639 1653 1683 Fiant
1669 1654 1758 1684 cor-

370 1722 453 1766 pus
472 1708 650 1764 Christi,
666 1708 701 1751 si
720 1707 876 1753 volunt
897 1710 1039 1754 vivere
1057 1708 1111 1752 de
1131 1709 1295 1769 Spiritu
1312 1709 1486 1754 Christi.
1515 1712 1575 1753 De
1599 1709 1760 1769 Spiritu

371 1778 531 1824 Christi
551 1794 642 1823 non
670 1779 798 1834 vivit,
833 1779 915 1822 nisi
936 1795 1093 1839 corpus
1116 1780 1292 1825 Christi.
1326 1778 1582 1839 Intelligite,
1606 1779 1759 1825 fratres

373 1850 474 1906 mei,
501 1850 608 1910 quid
626 1849 821 1893 dixerim.
842 1853 984 1895 Homo
1001 1866 1060 1906 es,
1079 1860 1122 1895 et
1142 1851 1341 1910 spiritum
1364 1851 1513 1907 habes,
1538 1860 1581 1894 et
1602 1866 1759 1910 corpus

371 1921 521 1965 habes.
541 1921 750 1982 Spiritum
765 1921 862 1966 (1100
878 1937 977 1982 quae
991 1921 1134 1965 anima
1144 1931 1342 1977 vocatur,
1354 1938 1439 1981 qua
1457 1931 1626 1966 constat
1638 1922 1759 1982 quod

372 1993 504 2038 homo
521 2008 564 2038 es
579 2012 587 2038 ;
604 2003 773 2038 constas
795 1994 911 2037 enim
934 2008 985 2037 ex
1006 1993 1147 2037 anima
1168 2001 1210 2036 et
1232 2008 1426 2052 corpore.
1446 1992 1590 2036 Habes
1611 1993 1759 2053 itaque

372 2063 573 2123 spiritum
607 2064 868 2110 invisibilem
882 2098 893 2120 ,
937 2079 1093 2123 corpus
1130 2063 1313 2108 visibile.
1347 2063 1425 2107 Dic
1449 2064 1553 2107 mihi
1579 2064 1688 2124 quid
1707 2079 1758 2108 ex

373 2151 462 2196 quo
484 2137 600 2181 vivat
625 2155 634 2182 ι
659 2126 832 2196 spiritus
855 2145 955 2180 tuus
981 2136 1088 2181 vivit
1109 2150 1160 2179 ex
1182 2150 1362 2195 corpore
1394 2144 1467 2180 tuo
1484 2169 1495 2191 ‚
1520 2151 1578 2180 an
1597 2150 1754 2195 corpus

373 2216 501 2250 tuum
527 2222 578 2251 ex
604 2208 756 2267 spiritu
783 2208 890 2252 tuo?
925 2206 1177 2266 Respondet
1213 2206 1353 2251 omnis
1385 2206 1459 2267 qui
1489 2206 1595 2251 vivit
1618 2225 1627 2251 2
1652 2206 1756 2267 (qui

373 2287 520 2323 autem
540 2279 623 2323 hoc
644 2294 734 2323 non
761 2287 904 2339 potest
930 2279 1211 2338 respondere,
1247 2279 1389 2322 nescio
1406 2279 1443 2323 si
1458 2278 1564 2324 vivit
1588 2277 1754 2338 :)quid
1806 2289 1809 2326 ἴ

371 2349 605 2410 respondet
626 2350 765 2395 omnis
782 2350 858 2411 qui
880 2350 1015 2396 vivit?
1037 2353 1204 2411 Corpus
1227 2350 1378 2410 utique
1399 2365 1549 2394 meum
1568 2350 1674 2395 vivit
1694 2348 1748 2394 de
1806 2340 1809 2361 ²

371 2422 527 2482 spiritu
546 2437 660 2467 meo.
692 2422 768 2467 Vis
797 2437 899 2482 ergo
921 2431 965 2468 ct
992 2431 1041 2468 tu
1056 2422 1201 2468 vivere
1222 2421 1277 2467 de
1301 2421 1473 2482 Spiritu
1491 2421 1680 2467 Christi?
1702 2424 1755 2467 ln

427 2514 436 2530 ¹
461 2509 551 2540 Num.
568 2519 599 2549 x,
625 2518 677 2540 11.
697 2523 737 2530 ——
757 2514 769 2529 ²
787 2509 880 2540 Joan.
897 2519 945 2549 Vl,
962 2508 1014 2541 50.
1032 2525 1072 2531 -
1095 2506 1108 2531 3
1122 2507 1205 2540 lbid.
1224 2506 1277 2541 51.
1300 2524 1340 2530 -·—
1359 2506 1375 2536 4
1397 2506 1475 2539 lbid.
1494 2506 1547 2539 52.
