1809 3173
386 158 468 195 200
816 173 848 199 s.
886 171 1115 204 Aueusmlm
1146 178 1325 207 EPISCOPI

385 248 451 277 ras
469 233 624 292 vitam3
649 232 750 278 audi
775 239 944 282 Patrem
968 255 1043 298 per
1069 242 1239 288 Filium.
1265 247 1415 303 Surge,
1436 249 1578 308 recipe
1600 251 1731 295 vitam
1752 272 1760 297 :
1797 274 1800 297 ι

380 312 430 348 ut
453 304 496 347 in
525 319 576 348 eo
598 306 776 364 recipias
797 308 931 353 vitam
954 327 1085 370 quam
1116 329 1205 358 non
1228 316 1361 360 habes
1387 318 1431 361 in
1454 327 1511 375 te,
1539 321 1614 379 qui
1633 322 1764 368 habet
1798 311 1799 314 Ἴ

380 374 512 418 vitam
542 375 587 419 in
609 378 853 437 semetipso.
880 381 1079 426 Vivificat
1108 398 1210 442 crgo
1233 394 1275 429 te
1298 390 1439 442 Pater,
1466 398 1508 432 et
1532 391 1665 436 Filius
1692 412 1699 436 :
1722 403 1765 438 ct

380 445 520 503 agitur
541 447 678 505 prima
701 451 971 505 resurreetio,
998 453 1175 511 quando
1207 458 1388 515 resurgis
1418 458 1471 502 ad
1499 462 1764 521 participan-
1798 475 1800 477 ’

378 516 479 559 dam
501 517 632 561 vitam
655 519 773 578 quod
803 529 850 563 tu
874 537 962 565 non
985 538 1043 577 es,
1080 533 1123 567 et
1156 526 1453 585 participando
1476 531 1658 576 efficeris
1694 535 1759 577 vi—

378 602 496 631 vens.
520 591 711 647 Resurge
733 605 755 632 a
787 600 924 634 morte
959 601 1028 636 tua
1058 594 1101 636 in
1128 594 1260 638 vitam
1292 606 1425 652 tuam,
1452 600 1527 658 qui
1564 611 1627 645 est
1650 605 1762 649 Deus
1794 635 1795 638 =

377 667 505 715 tuus,
546 669 588 702 et
612 662 741 704 transi
766 676 787 703 a
818 671 956 706 morte
979 663 1023 706 in
1057 664 1188 708 vitam
1224 676 1443 712 aeternam.
1472 671 1614 715 Habet
1648 675 1762 719 enim
1794 688 1796 736 ζ

378 729 510 772 vitam
538 739 743 773 [eternam
769 734 893 774 Pater
911 733 953 775 in
992 735 1222 793 semetipso
1248 755 1256 780 ;
1283 746 1324 780 et
1346 738 1425 782 nisi
1450 740 1608 786 Filium.
1636 743 1763 788 talem
1794 766 1795 769 ¹

377 809 616 856 generaret,
643 801 717 859 qui
738 800 915 846 haberet
938 804 1069 847 vitam
1101 805 1145 847 in
1168 808 1414 866 semetipso,
1440 825 1528 854 non
1550 812 1661 856 sicut
1683 817 1763 858 Pa·-
1794 799 1796 805 i

376 878 441 912 ter
463 870 640 913 suscitat
658 880 850 916 mortuos
876 882 917 916 et
939 873 1143 929 vivificat,
1171 875 1230 920 sic
1264 886 1307 921 et
1338 878 1471 941 Filius
1494 897 1604 940 quos
1632 883 1763 929 vellet

376 939 627 983 vivificaret.

436 1012 552 1053 XlV.
586 1012 701 1063 Quid
734 1027 836 1069 ergo
872 1013 926 1056 de
961 1013 1033 1057 illa
1063 1018 1375 1062 resurrectione
1408 1022 1632 1080 corporis?
1654 1026 1762 1069 Nam

374 1080 441 1123 isti
474 1081 549 1139 qui
585 1081 771 1125 audiunt
792 1092 835 1126 et
860 1084 1029 1139 vivunt,
1064 1086 1181 1130 unde
1213 1088 1293 1131 nisi
1321 1090 1541 1136 audiendo
1576 1093 1763 1138 vivunt?

378 1151 553 1195 Amicus
569 1153 683 1194 enim
706 1154 850 1211 sponsi
873 1163 972 1206 stat,
998 1165 1040 1199 et
1062 1157 1183 1201 audit
1205 1173 1323 1213 eum,
1349 1169 1391 1203 et
1414 1161 1572 1219 gaudio
1604 1164 1762 1220 gaudet

376 1231 553 1280 propter
565 1238 715 1266 vocem
736 1224 895 1283 sponsi,
913 1241 999 1269 non
1019 1237 1195 1285 propter
1213 1244 1363 1273 vocem
1382 1246 1500 1275 suam
1518 1236 1529 1258 ¹
1550 1253 1559 1277 :
1585 1234 1667 1278 hoc
1679 1244 1756 1290 est,

377 1292 692 1351 participando,
719 1310 808 1338 non
831 1296 1051 1340 existendo
1068 1297 1252 1342 audiunt
1278 1309 1320 1343 et
1336 1301 1491 1345 vivunt
1516 1321 1526 1347 :
1552 1312 1595 1347 et
1612 1319 1761 1349 omnes

375 1363 451 1421 qui
475 1363 662 1406 audiunt
683 1364 861 1422 vivunt,
886 1367 987 1424 quia
1001 1369 1238 1427 omnesqui
1258 1369 1471 1416 obediunt
1491 1373 1659 1418 vivunt.
1684 1375 1761 1419 Dic

376 1430 567 1490 aliquid,
595 1434 797 1488 Domine,
823 1436 951 1478 etiam
972 1435 1026 1478 de
1049 1439 1361 1483 resurreetione
1389 1443 1543 1487 carnis.
1566 1446 1763 1490 Fuerunt

374 1501 489 1544 enim
511 1503 587 1561 qui
603 1518 695 1546 eam
720 1515 944 1562 negarent,
970 1516 1013 1549 et
1036 1506 1228 1553 dicerent
1247 1510 1348 1569 quia
1370 1511 1449 1555 ista
1488 1513 1575 1557 sola
1603 1524 1666 1559 est
1693 1531 1761 1559 re·

374 1573 597 1627 surrectio,
618 1589 716 1633 quae
741 1575 789 1618 fit
820 1590 893 1634 per
926 1576 1071 1620 fidem.
1099 1580 1232 1638 Cujus
1263 1583 1588 1627 resurrectionis
1626 1585 1759 1630 modo

373 1644 583 1687 Dominus
620 1643 722 1689 feeit
750 1649 1231 1704 commemorationem,
1253 1661 1295 1695 et
1339 1652 1625 1699 inflammavit
1662 1672 1756 1712 nos,

373 1714 474 1772 quia
518 1713 695 1773 quidam
725 1734 744 1756 «
770 1718 932 1760 Mortui
970 1718 1148 1763 audient
1186 1736 1336 1765 vocem
1368 1721 1466 1766 Filii
1503 1725 1596 1780 Dei,
1625 1734 1667 1769 et
1695 1727 1759 1770 vi-

376 1803 396 1825 »
433 1795 537 1828 vent
555 1788 585 1828 2.
616 1804 635 1826 »
653 1789 750 1830 Non
768 1803 918 1832 eorum
937 1790 1242 1848 quiaudierint
1259 1792 1331 1836 alii
1348 1795 1603 1849 morientur,
1624 1805 1666 1840 et
1688 1797 1758 1841 alii
1798 1799 1800 1824 l

372 1856 520 1899 vivent
545 1875 553 1900 ι
579 1856 653 1900 sed
673 1873 822 1901 omnes
855 1878 873 1899 «
899 1860 981 1912 Qui
1007 1861 1224 1906 audierint
1253 1864 1415 1919 vivent,
1444 1882 1463 1905 n
1485 1866 1587 1924 quia
1609 1882 1758 1913 omnes
1778 1863 1799 1907 s

371 1927 446 1986 qui
469 1927 712 1972 obedierint
726 1929 886 1974 vivent.
909 1934 1020 1975 Eece
1036 1932 1234 1977 videmus
1258 1937 1615 1981 resurrectionem
1632 1954 1756 1983 men·
1798 1990 1799 1996 ¹

371 1999 423 2040 tis
451 2014 568 2041 :non
606 2014 707 2057 ergo
742 2000 989 2045 amittamus
1022 2002 1153 2046 fidem
1185 2003 1239 2047 de
1262 2006 1572 2051 resurrectione
1600 2009 1752 2054 car-nis.

373 2071 431 2112 Et
453 2069 532 2112 nisi
559 2079 622 2124 tu,
652 2072 833 2115 Domine
866 2075 984 2128 Jesti,
1011 2072 1168 2118 dixeris
1188 2090 1281 2119 eam
1298 2111 1308 2131 ,
1333 2092 1464 2136 quem
1487 2076 1756 2138 opponemus
1798 2087 1799 2090 ’

373 2141 796 2186 contradictoribus?
836 2145 995 2187 Omnes
1028 2146 1143 2189 enim
1183 2155 1326 2202 sectae,
1360 2164 1459 2207 quae
1487 2165 1531 2193 se
1565 2149 1755 2210 aliquam

372 2209 620 2267 religionem
646 2213 895 2257 hominibus
910 2215 1095 2259 inserere
1120 2229 1504 2277 praesumpserunt,
1522 2236 1611 2265 non
1623 2237 1756 2280 nega·
1799 2218 1802 2226 ’

370 2291 528 2325 verunt
552 2282 676 2326 istam
701 2284 909 2328 mentium
933 2288 1290 2331 resurrectionem
1314 2309 1321 2333 :
1344 2305 1398 2333 ne
1435 2291 1651 2335 diceretur
1677 2293 1751 2347 eis,
1800 2283 1802 2286 Ι

372 2351 524 2409 Sinon
547 2355 727 2411 resurgit
751 2355 906 2409 anima,
942 2373 1075 2416 quare
1106 2359 1210 2402 mihi
1231 2359 1454 2419 loqueris?
1473 2362 1580 2422 quid
1614 2362 1659 2406 in
1685 2378 1755 2407 me

370 2421 510 2465 faeere
540 2423 601 2467 vis
619 2426 636 2467 Ρ
657 2424 691 2467 si
713 2440 801 2468 non
830 2425 933 2470 facis
961 2444 1011 2472 ex
1034 2429 1245 2474 deteriore
1266 2431 1504 2489 meliorem,
1531 2440 1665 2493 quare
1681 2433 1750 2478 lo-

423 2514 432 2528 ¹
452 2509 542 2539 Joan.
563 2519 607 2547 in,
628 2517 680 2550 29.
702 2526 742 2532 -
761 2517 773 2533 ²
796 2511 841 2543 Id.
863 2522 893 2549 v,
915 2512 968 2544 25.
