1825 3214
237 244 276 269 m
313 241 486 270 numus
520 242 828 281 RVANGELIUM,
863 243 1008 271 TnAwr.
1047 246 1172 272 xviii.
1329 237 1409 273 185»

26 315 185 350 cuntur
208 306 260 350 ad
285 307 424 350 lucem
450 326 458 351 :
480 316 521 351 et
541 323 640 352 cum
664 306 876 361 viderint,
907 308 1073 366 fulgore
1096 311 1186 368 ipso
1210 311 1409 355 reverbe-

29 387 176 420 rantur
192 378 382 437 quodam
401 379 544 429 inodo,
557 388 599 422 et
618 378 880 439 respondent
896 379 1063 423 medico
1077 380 1407 437 demonstranti,

27 448 209 506 Jamjam
240 447 350 502 vidi,
391 448 464 492 sed
487 449 632 492 videre
666 465 753 493 non
798 465 986 508 possum.
1014 449 1130 503 Quid
1170 466 1272 509 ergo
1314 452 1411 497 iacit

29 517 253 561 medicus?
285 528 455 562 revocat
486 518 540 562 ad
568 520 720 573 solita,
760 529 803 563 et
837 520 957 563 addit
991 520 1247 577 collyrium,
1278 532 1324 565 ut
1357 523 1410 567 ad

26 586 134 631 illud
167 588 285 648 quod
320 589 458 632 visum
483 600 545 633 est
566 625 576 643 ,
604 600 646 634 et
668 591 803 634 videri
836 607 921 634 non
947 591 1114 650 potuit,
1149 590 1410 636 desiderium

25 659 214 711 nutriat,
240 669 353 702 etex
394 660 485 719 ipso
516 660 729 705 desiderio
763 671 940 705 curetur
970 661 1163 721 plenius,
1189 672 1230 705 et
1263 663 1295 706 si
1327 679 1410 723 qua

26 729 242 772 mordacia
282 731 534 788 reparandae
571 731 740 775 sanitati
763 731 1055 786 adhibentur,
1084 732 1251 776 fortiter
1277 733 1407 788 ferat,

23 807 73 841 ut
95 813 238 842 amore
263 799 374 843 illius
398 800 504 844 lucis
528 817 731 845 accensus
758 801 872 845 dieat
911 802 989 845 sibi
1011 839 1020 856 ,
1048 802 1233 855 Quando
1257 804 1337 847 erit
1363 813 1411 848 ut

26 867 133 911 illud
161 869 292 912 firmis
315 871 449 913 oculis
480 872 647 914 videam
669 907 678 925 ,
708 872 827 932 quod
857 873 1008 916 sauciis
1031 873 1299 933 infirmisque
1323 889 1410 918 non

24 939 176 996 potui?
204 941 333 997 Urget
358 940 591 992 medicum,
618 951 659 985 vt
684 952 805 1001 rogat
828 952 874 986 ut
901 953 1036 987 curet.
1066 946 1202 1002 Ergo,
1231 943 1380 988 fratres
1397 981 1407 999 ,

24 1009 57 1052 si
80 1008 192 1052 forte
215 1009 299 1052 tale
323 1010 487 1070 aliquid
513 1010 674 1055 finctum
699 1022 761 1056 est
786 1015 825 1057 in
850 1013 1053 1058 cordibus
1083 1015 1255 1069 vestris,
1280 1015 1313 1059 si
1336 1025 1409 1058 ut-

24 1093 214 1138 cumque
243 1081 431 1124 erexistis
454 1097 528 1125 eor
555 1092 743 1126 vestrum
769 1084 821 1126 ad
857 1084 1095 1128 videndum
1120 1085 1340 1140 Verbum,
1366 1095 1409 1130 et

25 1150 154 1208 ipsius
178 1150 274 1194 luce
312 1152 570 1195 reverberati
605 1152 658 1196 ad
688 1153 810 1197 solita
838 1155 1074 1208 recidistis,
1101 1164 1246 1211 rogate
1269 1155 1408 1199 medi-

23 1235 125 1263 cum
154 1229 203 1263 ut
229 1222 432 1266 adhibeat
468 1222 646 1279 collyria
687 1223 899 1267 mordacia
920 1260 930 1277 ,
963 1235 1177 1284 praecepta
1207 1226 1404 1285 justitiae.

26 1292 100 1334 Est
122 1291 240 1350 quod
259 1291 418 1345 videas,
438 1292 510 1336 sod
531 1308 617 1336 non
642 1303 705 1337 est
728 1294 843 1337 unde
861 1294 1020 1339 videas.
1042 1298 1138 1340 Non
1154 1297 1257 1340 mibi
1283 1306 1408 1341 antea

25 1359 245 1412 credebas,
268 1363 367 1420 quia
391 1372 451 1405 est
470 1362 589 1422 quod
608 1364 751 1408 videas
771 1385 779 1408 ;
804 1365 916 1409 duce
933 1367 1120 1425 quadam
1147 1367 1311 1410 ratione
1333 1366 1409 1411 ad-

25 1432 182 1474 ductus
205 1446 274 1485 es,
302 1433 625 1492 propinquasti,
653 1435 900 1489 intendisti,
928 1436 1163 1496 palpitasti,
1192 1435 1403 1496 refugisti.

27 1501 114 1544 Scis
133 1510 248 1544 certe
269 1517 358 1545 esse
380 1503 498 1561 qnod
523 1503 667 1547 videas
684 1539 694 1558 ,
720 1504 795 1548 sed
818 1505 1022 1549 idoneum
1049 1522 1135 1550 non
1161 1516 1202 1550 te
1224 1522 1312 1550 esse
1332 1508 1406 1567 qui

23 1570 183 1614 videas.
210 1574 325 1630 Ergo
361 1588 525 1616 curare.
556 1577 663 1626 Quae
699 1584 800 1618 sunt
827 1575 1044 1633 collyria?
1076 1576 1172 1621 Noli
1208 1577 1405 1633 mentiri,

25 1640 113 1685 noli
136 1643 378 1701 perjurare,
401 1643 486 1687 noli
505 1644 764 1700 adulterare,
791 1647 880 1690 noli
899 1647 1050 1701 furari,
1073 1647 1162 1691 noli
1184 1647 1401 1692 fraudare.

28 1713 111 1757 Sed
133 1714 375 1767 consuesti,
401 1724 444 1758 et
465 1730 563 1759 cum
600 1716 745 1776 aliquo
768 1718 919 1762 dolore
947 1735 969 1763 a
991 1718 1308 1763 consuetudine
1338 1736 1408 1764 re-

26 1783 222 1826 vocaris:
251 1784 331 1826 boc
358 1793 420 1828 est
448 1785 566 1844 quod
590 1786 784 1841 mordet,
811 1788 885 1832 sed
912 1799 1049 1832 sanat.
1080 1792 1187 1834 Nam
1211 1789 1309 1835 dico
1330 1791 1409 1835 tibi

27 1852 226 1905 liberius,
255 1856 305 1895 ex
327 1854 481 1898 timore
503 1865 545 1899 et
563 1872 658 1901 meo
681 1867 723 1900 et
748 1866 822 1901 tuo
849 1878 856 1902 :
886 1859 926 1903 Si
951 1859 1089 1903 curari
1114 1859 1340 1915 destiteris,
1367 1870 1410 1905 et

28 1937 116 1965 esse
136 1922 316 1966 idoneus
334 1924 387 1967 ad
411 1924 723 1983 perfruendum
744 1928 822 1972 hac
846 1928 943 1973 luce
967 1929 1215 1987 neglexeris,
1238 1931 1408 1974 valetu-

28 1991 129 2035 dine
153 1991 380 2036 oculorum
406 2003 579 2039 tuorum
604 2017 614 2052 3
644 1999 844 2042 tenebras
867 1999 1029 2044 amabis
1047 2021 1057 2057 3
1078 2010 1119 2044 et
1143 2001 1328 2045 amando
1346 2011 1411 2045 te-

29 2062 210 2116 nebras,
243 2063 288 2106 in
321 2065 520 2109 tenebras
554 2069 820 2125 remanebis3
856 2078 898 2112 et
923 2071 1185 2115 remanendo
1211 2072 1255 2115 in
1286 2081 1410 2115 tene-

30 2133 143 2186 bris,
175 2133 302 2176 etiam
330 2133 374 2176 in
403 2136 602 2179 tenebras
624 2139 852 2182 exteriores
885 2140 1149 2198 projicieris:
1179 2160 1198 2183 «
1232 2142 1298 2185 Ibi
1329 2142 1409 2186 erit

33 2221 52 2243 »
89 2203 216 2246 fletus
237 2211 280 2245 et
301 2203 460 2247 stridor
480 2204 677 2249 dentium
694 2210 722 2250 ¹.
741 2209 815 2253 »Si
840 2209 946 2253 nihil
962 2211 1005 2253 in
1029 2219 1070 2254 te
1088 2209 1273 2256 faciebat
1288 2228 1408 2257 amor

30 2272 137 2316 lucis
152 2307 162 2324 ,
189 2272 317 2316 faciat
338 2273 463 2318 timor
486 2275 662 2319 doloris.

88 2344 191 2385 XII.
222 2343 496 2388 Sufficienter
531 2360 599 2388 me
637 2347 830 2391 locutum
865 2349 1079 2403 arbitror,
1107 2360 1148 2394 et
1182 2351 1412 2397 lectionem

29 2420 172 2454 tamen
191 2413 484 2470 evangelicam
507 2431 593 2459 non
620 2416 737 2460 finivi
765 2437 773 2461 ι
799 2419 838 2461 εἰ
854 2419 994 2462 dicam
1017 2420 1198 2480 reliqua,
1219 2423 1412 2466 onerabo

31 2495 129 2535 VOS,
166 2490 209 2525 et
241 2482 373 2527 timeo
409 2500 463 2528 ne
497 2486 625 2530 etiam
658 2487 778 2545 quod
808 2488 1009 2534 haustum
1036 2500 1097 2535 est
1127 2491 1407 2536 effundatur:

81 2572 89 2587 ¹
117 2566 236 2598 Manli.
257 2578 333 2608 xxii,
364 2569 414 2601 13.
