1809 3173
335 155 420 196 422
761 164 795 192 s.
833 163 1065 195 Aneusnm
1095 164 1278 194 nmscom

334 231 437 277 felle
467 241 512 276 et
547 213 875 290 aceto-potatus
909 240 994 286 est,
1037 239 1160 275 erant
1193 230 1393 274 membra
1424 231 1608 286 Christi,
1641 247 1720 291 pro

333 303 495 364 quibus
512 301 621 346 dixit
642 318 651 343 z
673 321 692 344 «
716 306 843 346 Pater
858 302 1030 360 ignosce
1053 301 1135 345 illis
1157 336 1170 356 ,
1191 302 1293 361 quia
1312 301 1512 345 nesciunt
1526 302 1634 361 quid
1653 302 1720 347 fa-

337 392 359 416 »
394 374 555 417 ciunt¹.
576 391 596 414 »
617 372 736 426 Quid
765 381 913 416 autem
937 368 1145 416 con'verso
1163 388 1251 416 non
1274 372 1529 430 ignoscitur,
1549 373 1582 416 si
1602 371 1721 418 susus

331 443 492 490 Christi
521 445 694 503 sanguis
725 444 999 502 ignoscitur?
1022 443 1123 494 Quis
1145 442 1407 486 homicidam
1436 443 1652 502 desperet,
1687 445 1722 489 si

327 515 376 559 in
401 530 523 574 spem
560 513 755 558 redditus
777 523 842 557 est
864 529 886 556 a
909 527 1000 572 quo
1038 511 1167 555 etiam
1204 513 1400 556 Christus
1422 514 1586 558 occisus
1623 516 1721 559 est?

327 585 627 631 Crediderunt
645 585 747 628 inde
773 583 898 626 multi
915 603 926 638 3
945 582 1131 626 donatus
1153 591 1215 626 est
1239 582 1297 626 eis
1334 584 1507 640 sanguis
1527 585 1686 628 Christi
1706 605 1718 644 3

327 665 378 700 ut
394 656 529 714 magis
550 660 649 699 eu'm
672 655 872 697 biberent
888 669 976 713 quo
997 652 1306 707 liberarentur,
1326 669 1459 712 quam
1482 655 1543 697 rei
1567 655 1621 698 de
1643 654 1719 700 illo

327 728 467 772 effuso
484 734 765 770 tenerentur:
785 725 882 784 quis
903 725 1133 784 desperet?
1151 728 1205 768 Et
1226 725 1259 768 si
1281 724 1325 767 in
1348 740 1476 769 cruce
1499 724 1610 770 latro
1631 727 1717 770 sal-

325 807 449 843 vatus
468 807 532 841 est
548 831 559 852 ,
586 805 687 840 ante
709 795 938 855 paululum
966 794 1206 849 homicida,
1234 804 1332 854 post
1345 795 1573 854 paululum
1587 812 1718 841 accu-

325 878 465 922 satus,
492 867 718 911 convietus
735 901 746 921 ,
784 865 1043 920 damnatus,
1076 881 1308 924 suspensus
1325 901 1336 921 ,
1362 866 1597 922 liberatus,
1628 867 1719 912 noli

324 939 484 983 mirari.
522 938 607 982 Ubi
634 937 885 992 convictus,
920 937 980 980 ibi
1007 936 1238 980 damnatus
1265 956 1274 980 :
1296 938 1372 980 sed
1398 937 1459 980 ibi
1486 936 1715 993 liberatus,

319 1011 398 1055 ubi
427 1018 636 1053 mutatus.
666 1011 717 1052 In
735 1009 818 1052 hoc
842 1023 944 1066 ergo
962 1007 1128 1067 populo
1164 1008 1234 1052 cui
1269 1008 1481 1052 Dominus
1503 1007 1720 1068 loqueba-

320 1091 408 1133 tur,
425 1090 548 1125 erant
564 1080 639 1139 qui
655 1080 699 1123 in
716 1088 892 1138 peccato
910 1095 988 1122 suo
1011 1079 1186 1122 fuerant
1204 1079 1403 1123 morituri
1422 1098 1430 1123 ι
1452 1088 1573 1123 erant
1588 1081 1720 1124 etiam

321 1154 398 1214 qui
425 1152 469 1195 in
503 1152 646 1210 ipsum
678 1151 753 1210 qui
783 1151 1070 1210 loquebatur,
1100 1149 1275 1194 fuerant
1301 1150 1536 1206 credituri,
1582 1160 1626 1195 et
1663 1151 1717 1195 ab

325 1223 444 1268 omni
462 1232 639 1281 peccato
657 1221 884 1265 liberandi.

385 1295 510 1336 VIII.
540 1295 701 1336 Tamen
719 1292 802 1335 hoe
820 1291 996 1335 attende
1014 1326 1024 1345 ,
1043 1290 1163 1350 quod
1178 1290 1236 1332 ait
1250 1289 1459 1334 Dominus
1482 1290 1682 1336 Christus
1703 1307 1712 1333 :

279 1406 286 1412 ‚
331 1382 348 1404 «
388 1363 429 1407 Si
452 1378 542 1406 non
556 1361 826 1406 credideritis
844 1362 943 1421 quia
967 1376 1045 1418 ego
1063 1375 1181 1413 sum,
1201 1360 1446 1403 moriemini
1463 1361 1507 1404 in
1528 1362 1718 1420 peccatis

330 1452 350 1476 »
386 1433 551 1476 vestris.
574 1452 592 1473 n
613 1431 729 1485 Quid
745 1441 823 1484 est,
845 1451 864 1473 «
892 1432 933 1475 Si
954 1447 1043 1475 non
1069 1431 1338 1474 credideritis
1364 1433 1464 1490 quia
1486 1447 1567 1490 ego
1589 1435 1718 1476 sum?

331 1521 354 1546 υ)
388 1507 482 1562 Ego
504 1520 598 1547 sum
613 1538 624 1558 ,
655 1522 674 1544 »
701 1502 971 1563 quid?Nihil
994 1501 1163 1546 addidit
1189 1511 1256 1546 :et
1277 1502 1378 1562 quia
1402 1502 1512 1545 nihil
1529 1502 1715 1559 addidit,

327 1574 519 1618 multum
548 1577 612 1617 est
645 1573 766 1633 quod
799 1571 1138 1617 commendavit.
1164 1573 1490 1630 Expectahatur
1526 1574 1642 1616 enim
1670 1583 1720 1618 ut

330 1643 493 1689 diceret
509 1642 617 1704 quid
639 1652 770 1698 esset,
786 1659 866 1687 nee
884 1652 1029 1687 tamen
1051 1641 1188 1686 dixit?
1205 1642 1321 1695 Quid
1344 1643 1652 1702 expectabatur
1670 1653 1720 1688 ut

328 1715 520 1760 diceret?
544 1718 674 1758 Forte
694 1734 713 1756 «
732 1715 821 1759 Nisi
843 1713 1112 1758 credideritis
1127 1714 1229 1773 quia
1247 1729 1327 1772 ego
1350 1729 1446 1757 sum
1465 1733 1484 1756 »
1503 1715 1716 1770 Christus,

332 1804 353 1828 (t
387 1786 469 1829 nisi
500 1784 768 1829 credideritis
792 1785 893 1844 quia
918 1800 998 1842 ego
1020 1799 1116 1828 sum
1142 1803 1161 1825 υ
1190 1784 1265 1828 Dei
1289 1784 1438 1839 Filius,
1470 1804 1488 1826 «
1515 1786 1596 1829 nisi
1625 1800 1720 1829 cre-

331 1874 351 1898 »
387 1856 581 1899 dideritis
604 1856 704 1915 quia
739 1870 819 1913 ego
841 1869 938 1898 sum
965 1873 983 1895 »
1008 1855 1203 1898 Verbum
1230 1855 1389 1912 Patris,
1419 1873 1438 1895 «
1465 1855 1547 1898 nisi
1578 1855 1720 1899 credi-

330 1944 351 1968 »
387 1925 534 1970 deritis
555 1926 657 1985 quia
678 1939 756 1982 ego
774 1939 870 1968 sum
896 1942 914 1965 »
942 1924 1143 1967 conditor
1165 1923 1344 1979 mundi,
1367 1943 1385 1965 «
1405 1924 1494 1969 Nisi
1516 1924 1718 1968 credide-

332 2015 353 2039 »
388 1997 480 2041 ritis
503 1997 605 2056 quia
627 2011 706 2054 ego
730 2011 827 2039 sum
852 2014 872 2036 »
898 1995 1085 2039 hominis
1122 1994 1331 2039 formator
1354 2005 1397 2038 et
1432 1995 1717 2052 reformator,

328 2076 496 2111 creator
515 2076 558 2110 et
581 2075 793 2110 recreator
811 2100 822 2120 ,
842 2064 979 2109 {actor
1001 2074 1045 2108 et
1064 2063 1249 2108 refactor
1263 2099 1274 2118 ,
1299 2083 1318 2103 κ
1340 2065 1420 2108 nisi
1441 2084 1460 2106 »
1479 2066 1563 2110 hoc
1589 2084 1608 2106 «
1629 2080 1720 2110 cre-

333 2155 354 2179 »
389 2137 605 2191 dideritis,
627 2137 729 2196 quia
744 2151 824 2195 ego
842 2151 954 2190 suni,
977 2134 1222 2178 moriemini
1237 2135 1282 2177 iu
1300 2136 1484 2194 peccatis
1502 2135 1667 2180 vestris.
1695 2153 1716 2177 »

329 2207 522 2253 Multum
545 2206 745 2266 estquod
768 2207 850 2261 ait,
876 2206 1019 2264 ipsum
1045 2224 1065 2246 «
1086 2220 1167 2263 ego
1184 2220 1280 2248 sum
1307 2224 1316 2248 :
1345 2224 1364 2246 »
1390 2206 1573 2265 quia'sic
1596 2205 1719 2250 dixe-

326 2287 393 2322 rat
423 2287 466 2322 et
489 2282 602 2322 Deus
632 2278 774 2334 Moysi
800 2296 809 2321 ε
838 2295 858 2318 (ε
884 2278 976 2333 Ego
998 2291 1094 2319 sum
1127 2275 1203 2335 qui
1226 2290 1318 2318 sum
1337 2278 1370 2319 ².
1402 2293 1421 2316 »
1453 2276 1556 2328 Quis
1587 2276 1719 2335 digne

324 2347 556 2408 eloquatur
573 2382 585 2402 ,
611 2347 719 2407 quid
752 2346 832 2400 sit,
862 2366 882 2387 «
906 2348 1030 2389 sum?
1057 2345 1300 2390 »Mittebat
1329 2349 1441 2389 Deus
1472 2361 1549 2405 per
1571 2349 1718 2405 Ange-

317 2418 414 2464 lum
451 2435 604 2475 suum‚
645 2433 819 2463 servum
859 2433 988 2461 suum
1023 2420 1207 2474 Moysen
1250 2416 1304 2461 ad
1346 2417 1626 2462 liberandum
1666 2433 1717 2461 ex

374 2511 385 2525 ¹
412 2505 489 2536 Luc.
510 2515 597 2542 xxiii,
614 2501 667 2544 315*
692 2520 732 2524 —-
753 2510 765 2525 ²
786 2502 883 2533 Exod.
905 2514 949 2540 ni,
975 2501 1023 2542 ¹4·
