1825 3214
328 196 367 221 m
402 191 576 221 JwAans
610 194 888 222 EVANGEMLM
906 213 916 233 ‚
954 195 1098 223 'simoin
1137 199 1211 224 vu.
1414 190 1462 226 123

79 258 210 301 lucris
234 258 458 312 mentitus,
487 259 546 302 ibi
575 258 740 303 carebis
764 259 858 319 ipso
890 260 1100 304 beneficio
1124 261 1317 320 rescripti
1339 297 1349 317 ,
1375 279 1464 322 quo

77 326 314 386 perduxisti
333 329 604 388 rescriptum.
629 332 742 374 Deus
760 339 906 374 autem
930 330 1007 389 qui
1038 331 1160 374 novit
1183 340 1328 375 utrum
1347 348 1465 377 men-

79 399 217 454 tiaris,
244 414 298 442 an
321 415 470 444 verum
504 400 647 456 dicas,
685 416 773 446 non
808 401 909 445 facit
947 410 996 444 ut
1023 401 1067 444 in
1085 400 1250 460 judicio
1274 403 1350 446 tibi
1376 419 1464 448 non

77 469 210 527 prosit
233 488 241 513 :
266 468 341 514 scd
358 485 437 515 nee
456 470 688 530 impetrare
705 480 746 516 te
760 471 991 531 permittit,
1011 471 1112 531 quia
1132 486 1260 517 ausus
1282 488 1326 516 es
1348 489 1464 518 men-

76 539 143 583 tiri
167 540 348 585 veritati.

134 612 233 654 XII.
259 611 375 664 Quid
403 626 505 671 ergo
533 611 726 657 facturus
754 628 797 657 es
814 616 831 655 ἱ)
861 612 931 658 dic
954 613 1074 656 mihi.
1101 613 1288 673 Implere
1323 613 1462 673 legem

74 695 125 725 ex
143 681 262 725 omni
282 691 428 741 parte,
456 683 514 727 ita
533 692 581 727 ut
603 683 647 726 in
670 682 792 728 nullo
810 683 1024 738 offendas,
1045 681 1224 727 difficile
1246 698 1309 728 est
1335 703 1344 728 ;
1372 700 1465 729 rea-

76 760 142 796 tus
163 767 264 811 ergo
291 762 433 797 certus
461 763 552 810 est3
590 753 781 798 remedio
814 755 879 799 uti
903 769 991 799 non
1026 754 1120 798 vis?
1142 757 1255 799 Ecce
1274 790 1284 810 ,
1312 754 1464 800 fratres

75 825 178 879 mei,
203 824 332 884 quale
350 823 591 868 remedium
615 826 757 884 posuit
779 826 991 871 Dominus
1009 834 1160 871 contra
1182 826 1463 885 aegritudines

72 894 243 938 animae.
271 894 397 947 Quod
430 896 564 955 ergo?
590 897 701 941 Cum
738 906 870 956 eaput
897 896 975 941 tibi
1006 895 1153 951 dolet,
1182 896 1407 941 laudamus
1429 899 1461 942 si

72 966 355 1026 Evangelium
379 966 434 1011 ad
456 976 587 1027 caput
611 968 690 1012 tibi
720 969 939 1028 posueris,
972 977 1015 1012 et
1043 983 1130 1013 non
1156 968 1210 1012 ad
1232 968 1461 1027 ligaturam

71 1039 327 1083 cucurreris.
361 1038 430 1082 Ad
467 1038 550 1082 hoc
577 1039 692 1082 enim
728 1039 937 1098 perducta
969 1048 1033 1082 est
1060 1039 1287 1082 infirmitas
1317 1040 1461 1084 homi-

72 1125 179 1154 num
200 1145 210 1165 ‚
237 1119 280 1154 et
302 1110 358 1154 ita
379 1108 616 1168 plangendi
637 1119 740 1154 sunt
762 1110 960 1155 homines
981 1109 1058 1169 qui
1076 1118 1261 1153 currunt
1282 1109 1336 1154 ad
1357 1110 1462 1169 liga-

70 1189 188 1224 turas
205 1215 215 1235 ,
241 1189 291 1224 ut
322 1180 588 1239 gaudeamus
610 1181 789 1240 quando
817 1180 1015 1224 videmus
1038 1181 1259 1224 hominem
1278 1180 1324 1224 in
1345 1180 1460 1225 lecto

70 1267 148 1296 suo
170 1252 477 1306 constitutum,
510 1252 662 1311 jactari
691 1250 885 1295 febribus
921 1261 964 1296 ct
999 1251 1251 1306 doloribus,
1285 1267 1364 1296 ncc
1387 1252 1462 1296 ali-

69 1322 171 1366 cubi
193 1337 312 1382 spem
331 1322 520 1382 posuisse
536 1356 547 1377 ,
572 1322 652 1367 nisi
676 1331 725 1366 ut
747 1322 828 1366 sibi
846 1321 1134 1381 Evangelium
1156 1320 1211 1365 ad
1228 1331 1359 1381 caput
1381 1339 1461 1382 po-

71 1401 214 1437 neret:
233 1408 322 1437 non
344 1392 445 1452 quia
469 1392 525 1436 ad
548 1392 630 1436 hoc
655 1391 818 1436 factum
837 1401 916 1450 est,
932 1392 1007 1436 sed
1024 1392 1126 1452 quia
1149 1391 1377 1451 praelatum
1397 1403 1461 1437 est

71 1464 357 1523 Evangelium
380 1463 591 1522 ligaturis.
620 1464 663 1509 Si
684 1479 787 1522 ergo
817 1463 871 1507 ad
893 1472 1026 1523 caput
1043 1464 1221 1523 ponitur
1243 1473 1292 1508 ut
1315 1465 1460 1524 quies-

69 1543 138 1578 cat
155 1533 280 1578 dolor
296 1533 447 1593 capitis
465 1568 475 1588 ,
497 1532 553 1577 ad
575 1548 650 1578 cor
677 1549 767 1578 non
786 1534 964 1593 ponitur
984 1543 1034 1577 ut
1063 1542 1240 1578 sanctur
1262 1549 1283 1578 a
1303 1549 1458 1593 pccca-

73 1605 152 1648 tis?
177 1606 271 1649 Fiat
301 1619 420 1664 ergo.
446 1604 564 1657 Quid
596 1604 704 1648 flat?
734 1607 927 1648 Ponatur
949 1603 1003 1647 ad
1027 1618 1101 1648 cor
1119 1638 1129 1658 ,
1160 1613 1336 1648 sanetur
1365 1620 1455 1650 cor.

70 1678 240 1720 Bonum
268 1684 358 1729 est,
391 1675 559 1719 bonum
577 1709 588 1729 ,
613 1683 664 1718 ut
695 1674 750 1717 de
772 1673 910 1718 salute
931 1674 1122 1733 eorporis
1147 1690 1235 1719 non
1262 1685 1425 1733 satagas
1444 1711 1454 1731 ,

70 1745 151 1790 nisi
169 1755 219 1790 ut
240 1749 367 1790 aDeo
384 1744 501 1789 illam
523 1754 659 1804 petas.
674 1745 714 1790 Si
731 1745 809 1789 scit
828 1745 907 1789 tibi
929 1744 1148 1805 prodesse,
1164 1745 1287 1790 dabit
1309 1746 1426 1790 illam
1446 1767 1453 1791 ;

69 1816 102 1861 si
138 1832 228 1862 non
262 1816 342 1860 tibi
379 1814 569 1870 dederit,
609 1830 698 1860 non
726 1814 931 1874 proderat
962 1816 1124 1860 habere
1156 1815 1291 1861 illam.
1317 1820 1456 1871 Quam

69 1886 197 1932 multi
219 1895 431 1946 aegrotant
448 1886 493 1930 in
513 1885 629 1931 lecto
645 1886 915 1943 innocentes,
937 1895 980 1932 et
996 1888 1029 1931 si
1048 1888 1141 1932 sani
1157 1887 1337 1945 fuerint,
1355 1904 1457 1948 pro-

66 1959 232 2003 cedunt
247 1958 303 2002 ad
323 1958 482 2002 scelera
503 1957 848 2002 committenda?
865 1960 1007 2011 Quam
1029 1958 1178 2003 multis
1200 1960 1324 2005 obest
1341 1961 1456 2005 sani-

68 2030 166 2074 tas?
199 2032 329 2073 Latro
361 2029 437 2089 qui
464 2027 663 2087 procedit
690 2027 744 2072 ad
775 2026 945 2073 faucem
980 2030 1175 2074 occidere
1204 2031 1451 2086 homiuem,

67 2111 229 2160 quanto
248 2098 312 2143 illi
334 2097 488 2142 melius
511 2107 602 2142 erat
627 2107 675 2142 ut
697 2101 955 2157 aegrotaret?
977 2100 1063 2154 Qui
1085 2109 1220 2146 noctu
1241 2102 1379 2160 surgit
1400 2100 1455 2145 ad

69 2169 325 2215 fodiendum
342 2169 548 2228 parietem
564 2169 770 2224 alienum,
788 2179 954 2230 quanto
970 2170 1032 2214 illi
1047 2171 1201 2216 melius
1213 2172 1248 2216 si
1260 2170 1455 2217 febribus

62 2241 330 2302 jactaretur?
363 2239 645 2284 Innocentius
677 2249 932 2298 aegrotaret,
969 2239 1174 2286 scelerate
1209 2257 1338 2286 sanus
1372 2251 1449 2287 est.

67 2312 196 2357 Novit
218 2326 319 2369 ergo
337 2314 450 2355 Deus
471 2310 579 2370 quid
598 2311 722 2355 nobis
745 2310 942 2370 expediat
961 2328 971 2354 :
996 2312 1041 2356 id
1065 2328 1241 2371 agamus
1262 2322 1450 2369 tantum,

68 2392 117 2427 ut
133 2399 207 2428 cor
228 2392 425 2427 nostrum
449 2397 602 2426 sanum
620 2382 673 2425 sit
696 2397 719 2424 a
736 2382 920 2440 peccatis
945 2401 953 2426 ;
979 2391 1022 2426 et
1043 2383 1221 2442 quando
1243 2382 1355 2428 forte
1380 2385 1453 2428 ssa-

68 2453 277 2511 gellamur
312 2453 355 2496 in
383 2468 590 2512 corpore,
622 2453 762 2510 ipsum
798 2451 1097 2511 deprecemur.
1137 2454 1320 2512 Rogavit
1352 2469 1451 2497 eum

70 2523 228 2568 Paulus
250 2522 469 2584 apostolus
484 2557 495 2577 ,
520 2531 569 2567 ut
591 2521 781 2567 auferret
801 2521 1025 2567 stimulum
1057 2523 1196 2568 carnis
1211 2558 1222 2579 ,
1243 2533 1286 2568 et
1309 2523 1450 2569 noluit
