1825 3214
336 237 374 261 1³
412 234 583 262 ,tonnis
617 236 928 273 aumantium,
963 239 1108 268 Tium.
1148 240 1220 266 xx.
1365 230 1446 267 217

128 303 202 344 lx.
232 302 436 361 Sequitur
458 311 499 345 et
523 303 609 361 ipse
627 302 667 345 iu
692 302 832 346 verbis
849 303 952 356 suis,
973 313 1016 348 et
1033 304 1142 347 male
1162 305 1451 365 intelligentes

65 371 315 425 conturbat,
353 382 400 416 ut
439 371 492 416 ad
531 382 695 416 rectum
736 372 1005 417 intellectum
1043 386 1213 420 revocet
1242 388 1446 423 errantes.

65 443 175 485 Cum
198 441 386 495 dixisset,
416 461 434 483 ι(
464 444 556 486 Nou
583 452 722 501 potest
749 443 878 486 Filius
901 461 920 485 :i
944 459 988 488 se
1022 443 1158 488 facere
1189 448 1446 508 quidquam,

69 531 88 551 »
125 513 204 555 nisi
228 512 346 573 quod
366 513 518 557 viderit
545 517 710 557 Putrem
739 513 965 558 timentem
987 535 994 560 :
1020 535 1038 556 υ
1060 533 1112 560 ne
1136 517 1247 561 sorte
1271 522 1450 565 earnalis

65 582 317 642 subreperet
336 583 596 638 intellectus,
612 594 653 628 et
678 595 888 630 averteret
908 596 1113 642 mentem,
1134 599 1176 632 et
1200 588 1451 635 sacerctsibi

65 653 195 696 liomo
217 655 338 713 quusi
361 655 469 698 duos
505 655 664 709 fabros,
692 671 828 699 unum
853 659 1120 714 magistrum,
1153 659 1337 703 alterum
1364 661 1450 705 dis-

64 724 257 783 cipulum
294 727 415 785 quasi
447 727 741 771 attendentem
764 727 816 772 ad
842 729 1110 787 magistrum,
1142 732 1262 775 verbi
1297 733 1446 789 gratia,

65 794 293 839 llicit—niem
323 813 491 854 arcam,
526 798 813 858 utquomodo
837 798 908 842 ille
934 798 1031 844 fecit
1065 816 1224 854 arcam,
1258 802 1385 847 faciat
1407 814 1449 848 et

18 858 22 862 ⁴
63 866 141 909 iste
163 866 340 910 alteram
360 884 500 911 arcam
526 868 765 912 secuudum
789 870 997 913 visionem
1023 887 1153 931 quam
1189 873 1369 931 inspexit
1406 875 1448 917 in

64 939 267 995 magistro
296 948 517 996 operante.
548 938 629 983 Sed
654 956 707 982 ne
734 939 818 983 tale
841 940 1004 1000 aliquid
1033 943 1113 986 sibi
1143 943 1384 1002 duplicaret
1405 945 1448 988 in

63 1005 135 1051 illa
178 1007 359 1066 simplici
396 1007 621 1053 divinitate
652 1009 897 1055 intellectus
927 1012 1124 1069 carnalis,
1166 1024 1337 1059 secutus
1371 1016 1444 1071 ait,

67 1097 86 1118 «
121 1081 418 1138 Quseeumque
436 1081 548 1123 enim
568 1083 693 1124 Pater
716 1080 833 1135 facit,
852 1083 945 1125 liaee
967 1082 1116 1126 eadem
1133 1094 1175 1128 et
1191 1085 1323 1129 Filius
1345 1086 1448 1130 facit

62 1147 272 1192 similiter.
291 1152 387 1194 Non
410 1149 508 1194 facit
527 1151 760 1206 Patcralia,
783 1161 825 1196 et
841 1152 918 1196 alia
945 1153 1074 1198 Filius
1091 1155 1261 1210 similia,
1283 1156 1357 1200 sed
1373 1172 1445 1201 ea-

62 1217 160 1262 dem
178 1219 386 1264 similiter.
404 1224 498 1266 Non
522 1222 637 1266 enim
653 1223 725 1277 ait,
745 1227 1041 1285 Quaecumque
1058 1224 1159 1270 facit
1178 1230 1317 1281 Pater,
1344 1228 1447 1272 facit

61 1298 103 1333 et
125 1289 254 1334 Filius
269 1291 350 1335 alia
366 1292 516 1336 similia
541 1313 547 1336 :
569 1293 658 1347 sed,
682 1315 700 1334 «
723 1298 1033 1356 Quaecumque,
1053 1296 1209 1357 inquit,
1234 1301 1358 1343 Pater
1380 1298 1446 1344 fa-

64 1378 83 1400 »
109 1360 183 1414 cit,
205 1361 297 1404 lime
312 1360 460 1406 eadem
479 1372 521 1406 et
541 1362 674 1407 Filius
690 1362 1009 1409 facitsimiliter.
1030 1385 1048 1407 »
1068 1369 1174 1420 Quae
1191 1367 1278 1423 ille,
1297 1369 1390 1414 haec
1404 1379 1446 1414 et

61 1431 150 1489 ipse
171 1430 411 1476 :mundum
440 1436 578 1487 Pater,
602 1434 814 1478 mundum
838 1435 994 1490 Filius,
1022 1438 1239 1483 mundum
1263 1440 1445 1499 Spiritus

61 1510 246 1545 sanctus.
270 1502 312 1546 Si
327 1511 410 1546 tres
427 1503 499 1556 dii,
523 1514 602 1547 tres
618 1505 767 1548 mundi
787 1525 794 1550 ;
813 1507 846 1550 si
861 1522 973 1551 unus
989 1511 1100 1552 Deus
1117 1512 1241 1553 Pater
1257 1520 1296 1554 et
1311 1510 1445 1555 Filius

60 1582 102 1616 et
123 1573 303 1632 Spiritus
317 1584 504 1629 sanetus,
523 1592 634 1619 uuus
654 1576 842 1621 mundus
864 1577 1000 1623 faetus
1021 1589 1083 1624 est
1100 1597 1123 1624 a
1143 1584 1267 1625 Patre
1284 1598 1358 1641 per
1377 1584 1455 1634 Fi<

60 1642 166 1687 lium
181 1645 223 1688 in
240 1645 399 1703 Spiritu
414 1656 576 1690 sancto.
594 1650 695 1691 Haee
708 1663 810 1706 ergo
824 1647 925 1693 facit
938 1650 1084 1704 Filius,
1097 1651 1302 1711 quaelacit
1316 1662 1359 1697 et
1371 1657 1445 1698 Pa-

60 1723 140 1768 ter,
157 1724 198 1758 et
213 1730 299 1758 non
319 1714 578 1760 dissimiliter
599 1717 697 1760 facit
719 1734 726 1758 :
747 1729 788 1762 et
807 1720 898 1764 liaec
924 1720 1038 1774 facit,
1057 1731 1098 1764 et
1114 1721 1307 1766 similiter
1323 1722 1439 1768 flacit.

118 1786 173 1828 X.
206 1787 302 1828 Jam
327 1783 523 1841 dixerat,
548 1806 566 1828 «
597 1790 697 1832 Haec
736 1789 866 1846 sacit3
896 1809 914 1831 »
941 1806 1074 1850 quare
1106 1791 1300 1846 addidit,
1329 1813 1348 1834 «
1378 1794 1445 1838 Si-

63 1874 82 1895 »
118 1854 275 1899 militer
304 1856 407 1900 facit
426 1859 443 1896 ’ἓ
479 1875 497 1897 »
527 1859 589 1901 Ne
618 1858 725 1902 alius
755 1874 912 1918 pravus
946 1860 1192 1906 intellectus
1228 1863 1294 1907 vel
1326 1879 1445 1909 error

59 1926 103 1968 in
147 1925 291 1969 animo
328 1937 588 1972 nasceretur.
628 1930 752 1973 Vides
794 1931 909 1974 enim
947 1932 1135 1976 hou-inis
1173 1949 1307 1993 opus,
1350 1936 1446 1979 ani-

58 2011 154 2039 mus
189 2005 251 2040 est
279 1996 321 2039 in
350 1997 525 2041 homine
556 2008 598 2042 et
628 2015 784 2058 corpus
813 2020 820 2044 :
847 2002 1014 2046 animus
1046 2003 1229 2062 imperat
1256 2007 1441 2064 corpori,

56 2066 131 2109 sed
170 2066 357 2111 multum
395 2069 571 2112 interest
600 2069 711 2113 inter
737 2086 893 2130 eorpus
931 2081 974 2115 et
1015 2073 1207 2117 animum
1241 2094 1249 2118 :
1289 2091 1446 2135 eorpus

58 2134 225 2179 visibile
261 2145 348 2189 est,
380 2137 548 2181 animus
587 2139 808 2184 invisibilis
841 2161 848 2185 ;
888 2141 1001 2185 iuter
1037 2145 1276 2201 potentiam
1305 2145 1444 2190 virtu-

61 2214 234 2266 temque
268 2207 431 2261 animi,
464 2218 506 2252 et
543 2210 728 2269 cujusvis
744 2211 846 2256 licet
878 2213 1063 2258 coelestis
1101 2217 1291 2275 eorporis
1327 2217 1444 2261 mul-

55 2285 150 2320 tum
173 2278 364 2322 interest.
392 2281 581 2338 Imperat
610 2289 753 2325 tamen
772 2284 938 2327 animus
961 2287 1131 2345 corpori
1154 2303 1249 2342 suo,
1276 2297 1319 2331 et
1340 2287 1445 2333 facit

55 2361 210 2406 corpus
232 2367 239 2392 :
262 2357 305 2392 et
322 2349 440 2408 quod
459 2350 629 2394 videtur
652 2353 820 2396 animus
852 2353 1015 2409 facere,
1044 2356 1124 2401 hoe
1150 2356 1250 2402 facit
1279 2368 1323 2402 et
1344 2374 1442 2403 cor-

54 2432 150 2476 pus.
171 2416 353 2461 Videtur
375 2434 475 2477 ergo
500 2435 656 2479 eorpus
684 2423 766 2466 lioc
789 2423 904 2467 idem
931 2425 1072 2470 facere
1101 2428 1220 2486 quod
1255 2429 1439 2484 animus,

0 2547 3 2553 k
55 2486 130 2529 sed
151 2501 240 2530 non
261 2487 471 2532 similiter.
500 2490 726 2541 Quomodo
749 2493 831 2537 hoc
849 2493 965 2538 idem
989 2494 1106 2551 facit,
1123 2497 1198 2541 sed
1216 2513 1304 2542 non
1325 2499 1444 2542 simi-

106 2577 113 2592 ¹
142 2572 231 2603 Joan.
252 2582 285 2612 v,
316 2583 363 2614 ¹9-
