1809 3173
366 196 448 236 948
805 203 837 231 s.
877 204 1104 232 aucus-rtur
1138 205 1316 233 EPICOSN

365 294 384 315 n
419 288 489 317 me
510 272 706 317 Christus
725 274 756 316 ¹.
788 290 807 313 »
827 271 921 316 Vita
945 282 1088 316 nostra
1110 281 1317 332 tanquam
1341 280 1502 326 nostra,
1523 270 1566 315 id
1588 280 1665 325 cst,
1691 272 1745 316 de

360 343 585 389 voluntate
613 343 786 402 propria
811 352 954 386 nostra
973 378 983 397 ,
1010 358 1099 386 non
1128 343 1208 385 erit
1230 342 1307 385 nisi
1338 342 1472 396 mala,
1507 342 1741 401 peccatrix,

358 415 507 475 iniqua
535 433 544 458 :
567 414 655 457 vita
677 429 780 457 vero
797 414 910 457 bona
933 413 987 456 de
1011 416 1099 456 Deo
1117 411 1162 454 in
1185 412 1310 456 nobis
1327 421 1406 466 est,
1437 428 1523 456 non
1549 429 1571 456 a
1594 413 1743 470 nobis,

359 501 382 530 a
406 488 494 529 Deo
511 483 634 528 nobis
658 482 808 537 datur,
831 498 919 526 non
937 499 960 525 a
983 481 1121 525 nobis.
1141 482 1336 525 Christus
1352 492 1495 525 autem
1521 482 1564 524 in
1587 491 1746 526 semet-

356 556 450 615 ipso
471 554 605 598 habet
617 553 749 597 vitam
768 553 877 596 sicut
901 555 1042 601 Pater,
1063 550 1165 610 quia
1182 551 1375 594 Verbum
1393 552 1484 594 Dei.
1506 554 1602 595 Non
1615 552 1746 596 modo

356 626 468 671 male
490 626 610 678 vivit,
631 635 674 668 et
691 623 824 667 modo
846 623 956 666 bene
968 622 1076 667 vivit
1103 641 1111 666 :
1138 622 1269 666 homo
1287 631 1448 676 autem,
1467 621 1596 666 modo
1616 621 1742 677 male,

355 696 487 741 modo
510 696 636 739 bene.
658 694 742 746 Qui
766 692 876 737 male
898 692 1086 746 vivebat,
1111 691 1157 734 in
1178 691 1266 735 vita
1288 707 1363 735 sua
1387 700 1478 735 erat
1498 711 1506 736 :
1534 693 1610 751 qui
1635 693 1746 735 bene

356 768 478 822 vivit,
504 767 559 810 ad
582 766 715 810 vitam
737 765 895 809 Christi
914 762 1094 807 transiit.
1118 763 1335 821 Particeps
1357 762 1496 807 factus
1518 763 1634 817 vitae,
1654 778 1745 807 non

356 854 449 882 eras
471 836 591 897 quod
612 835 830 894 accepisti,
864 843 907 877 et
937 847 1029 877 eras
1052 834 1126 892 qui
1157 833 1371 892 acciperes
1399 852 1407 877 :
1434 833 1569 876 Filius
1600 842 1745 876 autem

357 908 435 953 Dei
463 923 553 950 non
585 905 706 965 quasi
730 905 870 964 primo
904 902 988 947 fuit
1010 903 1099 946 sine
1121 903 1207 947 vita
1227 939 1238 958 ,
1270 912 1312 947 et
1335 904 1501 963 accepit
1521 903 1670 947 vitam.
1704 903 1747 947 Si

355 978 470 1022 enim
495 978 553 1021 sic
576 975 695 1019 illam
718 976 948 1034 acciperet,
979 989 1069 1018 non
1091 989 1185 1017 eam
1215 974 1394 1018 haberet
1423 975 1468 1017 in
1498 974 1741 1032 semetipso.

355 1047 471 1102 Quid
494 1056 557 1091 est
578 1046 715 1100 enim,
751 1065 770 1085 «
797 1048 847 1089 In
870 1046 1130 1104 semetipso?
1155 1062 1174 1085 »
1202 1053 1252 1088 ut
1275 1044 1365 1103 ipsa
1388 1044 1474 1088 vita
1506 1045 1596 1103 ipse
1618 1053 1740 1087 esset.

415 1121 471 1162 X.
509 1117 666 1161 Adbuc
702 1115 819 1159 aliud
862 1115 1033 1174 planius
1072 1113 1251 1158 fortasse
1298 1114 1456 1158 dicam.
1504 1117 1746 1158 Lucernam

354 1189 540 1248 quisque
562 1186 760 1231 accendit
784 1205 792 1230 :
814 1185 1012 1244 Exempli
1045 1186 1195 1244 gratia,
1226 1185 1402 1229 lucerna
1423 1185 1494 1228 illa
1516 1188 1581 1243 (2)
1603 1200 1747 1244 quan-

356 1269 451 1303 tum
475 1258 663 1317 pertinet
685 1257 739 1300 ad
762 1255 1031 1300 flammulam
1046 1271 1145 1315 quae
1162 1255 1224 1298 ibi
1241 1255 1374 1309 lucet,
1392 1255 1502 1313 ignis
1523 1254 1596 1298 ille
1615 1255 1747 1298 habet

357 1329 498 1372 lucem
522 1327 566 1370 in
584 1327 814 1384 semetipso
841 1345 849 1369 :
876 1325 991 1369 oculi
1012 1334 1157 1368 autem
1182 1326 1244 1368 tui
1268 1325 1344 1384 qui
1368 1324 1546 1368 lucerna
1570 1323 1747 1367 absente

348 1398 554 1457 jacebant
575 1406 618 1440 et
639 1396 749 1439 nihil
771 1395 997 1450 videbant,
1024 1396 1113 1454 jam
1137 1404 1179 1438 et
1200 1395 1281 1453 ipsi
1302 1394 1466 1438 habent
1487 1394 1646 1448 lucem,
1671 1394 1748 1438 sed

357 1484 447 1512 non
470 1468 515 1510 in
535 1466 786 1525 semetipsis.
807 1464 993 1509 Proinde
1011 1465 1043 1508 si
1057 1480 1100 1508 se
1116 1481 1137 1508 a
1161 1464 1338 1508 lucerna
1356 1465 1604 1519 averterint,
1625 1473 1749 1508 tene-

358 1538 543 1581 brantur
571 1555 580 1580 ε
617 1536 650 1579 si
688 1551 732 1579 se
768 1535 1077 1589 converterint,
1106 1533 1424 1577 illuminantur.
1457 1536 1513 1577 At
1545 1549 1647 1577 vero
1675 1533 1748 1577 ille

362 1608 471 1664 ignis
502 1605 698 1666 quandiu
732 1615 817 1660 est,
850 1605 968 1649 lucet
999 1624 1007 1649 ι
1033 1605 1066 1647 si
1097 1604 1285 1648 volueris
1306 1603 1369 1646 illi
1400 1602 1543 1647 lucem
1576 1603 1744 1658 tollere,

360 1676 490 1720 simul
511 1686 554 1720 et
581 1677 722 1735 ipsum
747 1675 989 1734 extinguis3
1023 1689 1122 1718 nam
1146 1674 1237 1718 sine
1269 1673 1367 1718 luce
1394 1689 1483 1718 non
1505 1683 1647 1733 potest
1677 1690 1747 1717 re-

359 1761 549 1790 manere.
599 1745 682 1790 Sed
715 1745 789 1789 lux
824 1745 1020 1790 Christus
1057 1744 1397 1804 inextinguibilis
1431 1754 1475 1789 et
1507 1754 1748 1789 coaeternus

358 1818 491 1871 Patri,
517 1832 685 1876 semper
714 1816 919 1870 candens,
949 1831 1118 1875 semper
1154 1815 1320 1869 lucens,
1347 1831 1517 1875 semper
1539 1816 1744 1860 fervens:

359 1903 459 1931 nam
482 1889 515 1930 si
539 1902 628 1930 non
652 1886 851 1939 ferveret,
872 1885 1088 1945 numquid
1107 1885 1324 1929 diceretur
1341 1886 1385 1928 in
1406 1886 1602 1930 Psalmo:
1625 1905 1644 1927 (ι
1659 1888 1748 1931 Nec

361 1976 381 1998 »
418 1968 482 2001 est
504 1958 579 2016 qui
597 1972 641 2001 se
659 1955 895 2000 abscondat
917 1972 940 1999 a
958 1955 1087 2000 corde
1105 1957 1195 2015 ejus
1211 1957 1257 1999 2?
1281 1974 1300 1996 »
1324 1958 1389 1999 Tu
1411 1965 1557 2000 autem
1579 1956 1624 1999 in
1643 1971 1748 2015 pec-

361 2036 458 2071 cato
473 2037 549 2071 tuo
579 2026 761 2085 frigidus
783 2042 890 2080 eras,
916 2026 1179 2070 converteris
1203 2034 1254 2069 ut
1283 2024 1494 2069 fervescas
1521 2045 1530 2070 ε
1552 2026 1587 2070 si
1610 2041 1749 2070 reces-

361 2098 478 2150 seris,
498 2096 702 2155 frigescis.
726 2099 776 2140 In
791 2106 968 2155 peccato
991 2106 1066 2140 tuo
1085 2096 1340 2140 tenebrosus
1359 2112 1466 2147 eras,
1486 2097 1748 2142 converteris

360 2177 411 2210 ut
433 2166 689 2210 illumineris
717 2186 724 2210 ;
750 2167 782 2210 si
801 2167 1001 2211 averteris
1026 2176 1084 2221 te,
1104 2166 1418 2210 obscuraberis.
1442 2166 1629 2210 Proinde
1646 2167 1749 2227 quia

363 2239 408 2281 in
430 2247 473 2281 te
501 2238 694 2281 tenebrae
723 2253 835 2292 eras,
868 2253 968 2281 cum
999 2237 1327 2288 illuminaberis,
1352 2253 1441 2281 non
1470 2238 1550 2281 eris
1572 2237 1745 2292 lumen,

363 2309 559 2367 quamvis
580 2308 634 2351 sis
655 2309 700 2350 in
723 2307 901 2350 lumine.
929 2308 1000 2351 Ait
1022 2308 1136 2351 enim
1156 2307 1387 2366 Apostolus
1408 2323 1416 2349 ε
1447 2326 1467 2349 «
1493 2308 1651 2352 Fuistis
1667 2308 1748 2352 ali-

362 2396 383 2419 »
421 2378 598 2436 quando
613 2377 820 2430 tenebrae,
841 2393 959 2421 nunc
989 2387 1135 2421 autem
1166 2376 1242 2420 lux
1261 2377 1305 2420 in
1328 2377 1554 2421 Dominoss.
1585 2395 1606 2418 »
1633 2379 1745 2422 Cum

360 2448 547 2502 dixisset,
573 2462 691 2491 nunc
711 2456 854 2490 autem
877 2447 951 2490 lux
978 2466 986 2491 ε
1013 2446 1196 2501 addidit,
1215 2447 1260 2489 in
1284 2448 1482 2493 Domino.
1504 2450 1555 2491 In
1575 2456 1618 2491 te
1639 2462 1742 2506 ergo

416 2537 422 2553 ¹
445 2531 513 2562 Gal.
537 2542 572 2572 n,
589 2540 641 2562 πο.
670 2547 709 2554 -—-
726 2538 738 2553 ²
760 2530 838 2564 psal,
862 2542 954 2572 xvm,
972 2542 1002 2572 7.
1021 2548 1061 2554 —-
1082 2529 1096 2553 3
1115 2529 1231 2572 Eplues.
1253 2540 1284 2570 v,
1301 2529 1331 2561 8.
