1809 3173
331 199 415 236 326
770 207 804 236 s.
840 206 1070 236 Aucus-nm
1101 209 1281 236 muscom

332 270 558 318 consilium
581 270 636 315 de
657 271 791 331 gloria
815 272 1006 327 dabant,
1045 291 1063 314 «
1093 275 1278 331 Tempus
1303 271 1448 329 gloriae
1470 288 1577 316 meae
1600 289 1710 317 non-

330 362 352 386 »
387 342 493 386 dum
516 343 648 386 venit.
680 361 699 383 n
727 343 882 387 Videte
904 358 1034 402 quam
1074 342 1340 401 profundum
1379 343 1431 386 sit
1461 363 1469 387 ε
1499 343 1552 386 dc
1576 344 1710 402 gloria

330 412 393 457 illi
428 412 748 468 admonebant,
790 414 865 457 sed
898 413 971 456 ille
1002 412 1142 456 voluit
1173 412 1444 456 altitudinem
1468 414 1713 458 humilitate

332 483 594 544 praecedere,
611 493 654 527 et
671 483 724 527 ad
739 485 873 543 ipsam
893 482 1190 526 celsitudinem
1206 499 1283 541 per
1297 484 1585 527 humilitatem
1601 486 1715 528 viam

335 564 539 600 sternere.
558 556 665 597 Nam
687 563 729 597 et
750 554 811 596 illi
831 552 1028 610 discipuli
1053 554 1203 611 utique
1221 553 1398 610 gloriam
1418 554 1712 614 requirebant,

330 625 406 685 qui
433 625 641 669 volebant
669 625 817 668 sedere
840 639 952 666 unus
985 623 1038 666 ad
1061 623 1282 666 dexteram
1321 625 1413 684 ejus
1430 659 1440 679 ,
1466 634 1508 668 et
1530 625 1638 668 alter
1661 626 1715 670 ad

329 696 542 740 sinistram
571 713 580 738 ε
603 694 889 737 attendebant
906 708 1010 752 quo,
1035 702 1078 736 et
1095 709 1183 736 non
1205 693 1415 737 videbant
1432 710 1517 753 qua
1537 714 1545 739 z
1572 695 1716 739 Domi-

330 782 413 811 nus
449 781 520 809 eos
542 774 590 807 ut
621 764 818 808 ordinate
840 764 1038 808 venirent
1075 764 1128 807 ad
1164 764 1346 822 patriam
1366 800 1376 820 ,
1405 766 1622 809 revocavit
1661 766 1716 809 ad

330 838 460 882 viam.
484 835 659 880 Excelsa
681 845 744 879 est
761 836 873 879 enim
894 835 1031 894 patria
1047 869 1059 889 ,
1078 835 1254 878 humilis
1276 836 1359 879 via.
1387 837 1526 880 Patria
1551 846 1614 880 est
1631 837 1717 880 vita

332 906 512 960 Christi,
539 906 605 949 via
628 915 691 949 est
715 921 829 949 mors
852 905 1011 950 Christi
1038 923 1047 949 :
1080 906 1218 964 patria
1256 914 1317 948 est
1341 907 1505 950 mansio
1528 907 1714 962 Christi,

332 978 401 1023 via
423 986 487 1021 est
508 976 646 1035 passio
668 976 840 1020 Christi.
867 976 951 1029 Qui
974 985 1144 1020 recusat
1165 976 1279 1019 viam
1298 1011 1308 1029 ,
1335 976 1441 1036 quid
1459 977 1615 1037 quaerit
1640 992 1719 1035 pa-

334 1048 495 1093 triam?
515 1048 710 1106 Denique
735 1056 778 1091 et
800 1046 882 1091 illis
910 1048 993 1091 hoc
1016 1046 1265 1106 respondit,
1297 1048 1593 1106 quaerentibus
1622 1048 1721 1091 alti-

333 1118 555 1172 tudinem,
592 1137 611 1159 «
637 1118 819 1161 Potestis
855 1118 1005 1161 bibere
1027 1116 1204 1161 calicem
1237 1133 1367 1176 quem
1397 1133 1476 1176 ego
1504 1118 1719 1162 bibiturus

339 1209 356 1231 »
392 1203 488 1231 sum
506 1190 517 1214 1
534 1190 551 1231 P
571 1206 590 1227 »
613 1190 725 1231 Ecce
748 1203 833 1246 qua
857 1189 1029 1230 venitur
1052 1186 1106 1230 ad
1132 1186 1433 1230 celsitudinem
1458 1203 1589 1247 quam
1607 1188 1723 1231 desi-

336 1259 508 1303 deratis.
535 1257 724 1303 Calicem
747 1259 910 1317 quippe
927 1257 1297 1301 commemorabat
1312 1257 1567 1301 humilitatis
1590 1267 1721 1318 atque

337 1329 560 1389 passionis.

391 1402 467 1443 VI.
488 1402 599 1456 Ergo
611 1407 653 1442 et
666 1398 752 1453 hic,
773 1416 792 1440 «
810 1400 997 1456 Tempus
1014 1411 1161 1440 meum
1174 1395 1369 1440 nondum
1385 1397 1522 1448 venit,
1543 1406 1721 1457 tempus

315 1459 319 1466 ⁷
342 1489 362 1512 »
399 1478 543 1513 autem
568 1478 755 1512 vestrum
771 1504 781 1523 ,
805 1486 825 1508 »
850 1467 895 1511 id
933 1476 1017 1522 est,
1041 1466 1194 1510 mundi
1227 1466 1381 1525 gloria,
1420 1485 1438 1507 «
1472 1482 1640 1527 semper
1662 1477 1725 1512 est

343 1559 363 1582 »
399 1549 615 1599 paratum.
644 1557 663 1580 »
692 1541 785 1583 Hoc
803 1547 867 1582 est
889 1547 1060 1597 tempus
1077 1536 1130 1580 de
1153 1553 1242 1596 quo
1266 1538 1309 1580 in
1332 1538 1560 1596 prophetia
1577 1537 1724 1597 loqui-

342 1620 414 1655 tur
429 1610 625 1654 Christus
645 1644 655 1664 ,
681 1608 725 1652 id
749 1618 813 1652 est
829 1643 839 1663 ‚
864 1623 1020 1667 corpus
1041 1608 1200 1653 Christi
1227 1627 1236 1652 ε
1262 1610 1374 1652 Cum
1398 1623 1604 1666 accepero
1622 1617 1725 1651 tem-

342 1697 450 1742 pus,
486 1696 566 1739 ego
592 1680 778 1740 justitias
799 1678 1023 1739 judicabo.
1056 1677 1190 1723 Modo
1223 1679 1338 1722 enim
1360 1694 1449 1722 non
1472 1687 1535 1722 est
1559 1687 1726 1738 tempus

338 1751 591 1813 judicandi,
617 1751 692 1794 sed
714 1750 884 1809 iniquos
920 1748 1148 1793 tolerandi.
1175 1752 1303 1792 Ferat
1326 1749 1458 1807 igitur
1475 1749 1608 1793 modo
1629 1764 1726 1793 cor-

344 1838 426 1882 pus
448 1822 635 1876 Christi,
661 1830 704 1864 et
725 1820 881 1864 toleret
905 1820 1180 1879 iniquitatem
1203 1818 1315 1863 male
1347 1820 1603 1864 viventium.
1638 1823 1727 1864 Ha-

346 1894 449 1937 beat
466 1902 611 1936 tamen
635 1891 846 1951 justitiam
868 1890 1021 1943 modo,
1047 1899 1280 1949 antequam
1304 1891 1460 1934 habeat
1480 1892 1694 1951 judicium
1717 1911 1726 1936 ι

348 1979 425 2023 per
452 1962 662 2022 justitiam
687 1961 801 2004 enim
832 1960 1055 2020 perveniet
1090 1959 1391 2020 adjudicium.
1428 1961 1730 2005 Tolerantibus

348 2034 511 2094 quippe
533 2033 739 2076 membris
756 2032 1027 2091 iniquitatem
1049 2031 1194 2074 saeculi
1217 2031 1368 2089 hujus,
1389 2030 1493 2090 quid
1513 2032 1731 2090 Scriptura

351 2114 497 2149 sancta
522 2103 628 2147 dicit
664 2103 709 2146 in
733 2102 933 2146 Psalmo?
964 2120 983 2142 «
1009 2103 1104 2145 Non
1128 2100 1308 2159 repellet
1330 2101 1538 2145 Dominus
1560 2101 1732 2160 plebem

357 2193 377 2216 »
413 2189 533 2218 suam
546 2178 577 2217 Ἰ.
606 2192 625 2214 »
653 2173 842 2217 Laborat
878 2172 1038 2231 quippe
1074 2171 1198 2230 plebs
1227 2173 1319 2231 ejus
1353 2172 1467 2214 inter
1499 2171 1728 2230 indignOS,

352 2245 466 2288 inter
494 2244 686 2303 iniquOS,
712 2243 824 2286 inter
850 2242 1223 2300 blasphemantes,
1254 2242 1367 2285 inter
1384 2251 1729 2297 murmurantes,

356 2314 631 2359 detrahentes
646 2347 656 2366 ‚
678 2313 958 2366 insectantes,
984 2321 1025 2355 et
1048 2312 1082 2355 si
1105 2312 1231 2355 liceat
1250 2312 1523 2370 perimentes.
1544 2312 1734 2355 Laborat

355 2385 560 2446 quidem:
597 2403 616 2425 ιι
644 2383 727 2427 Sed
757 2399 844 2425 non
884 2382 1062 2440 repellet
1092 2383 1299 2426 Dominus
1323 2382 1492 2440 plebem
1517 2397 1635 2425 suam
1658 2418 1667 2436 ,
1693 2391 1735 2425 et

361 2476 381 2499 »
417 2455 712 2500 haereditatem
735 2468 855 2496 suam
881 2468 967 2496 non
990 2452 1283 2511 derelinquet,
1310 2453 1595 2512 quoadusque
1610 2452 1736 2512 justi-—

408 2548 416 2562 ¹
438 2539 556 2571 Mattli.
580 2549 632 2575 xx,
648 2547 700 2568 α’),
724 2554 763 2558 -—-
782 2545 792 2559 '1
813 2537 889 2568 psal.
912 2547 993 2576 xeui,
1016 2536 1068 2576 14.
