1825 3214
353 204 396 230 m
430 200 605 230 somnus
636 201 942 241 EVANGEleM,
977 202 1123 231 Timc‘r.
1162 203 1249 230 xm.
1406 191 1482 230 451

101 269 287 313 liberare
310 279 470 328 potest,
487 269 562 329 qui
585 269 701 313 venit
722 269 813 312 sine
835 279 1027 328 peccato,
1053 280 1096 315 ct
1118 270 1258 315 factus
1276 279 1339 314 cst
1359 270 1490 314 sacri-

101 339 248 384 ficium
274 356 351 399 pro
374 349 567 398 peccato.
597 339 786 383 Audistis
808 340 923 383 enim
947 357 1046 384 cum
1069 341 1302 400 Apostolus
1324 340 1491 398 legere-

100 418 200 456 tur:
219 430 239 452 «
259 414 341 455 Pro
355 410 528 455 Christo
544 445 555 465 ,
580 410 738 470 inquit,
765 409 983 469 legatione
1007 410 1258 469 fungimur,
1283 421 1490 471 tanquam

102 499 122 522 n
161 485 250 526 Deo
282 483 538 526 exhortante
561 497 637 541 per
667 497 768 537 nos,
794 483 1071 526 obsecramus
1105 498 1183 541 pro
1210 483 1433 528 Cliristo¹z
1467 500 1487 524 »

99 552 144 597 id
162 561 241 607 est,
267 562 475 613 tanquam
498 569 573 598 vos
595 553 792 599 Christus
813 553 1026 598 obsecret.
1054 554 1200 606 Quid?
1224 554 1492 598 reconciliari

98 628 198 668 Deo.
223 623 265 669 Si
288 625 540 670 exhortatur
559 634 602 668 ct
619 625 817 670 obsecrat
834 624 1068 685 Apostolus
1092 633 1141 668 ut
1163 625 1493 669 reconciliemur

100 697 206 750 Deo,
227 696 389 740 inimici
415 712 583 741 eramus
604 700 706 741 De0.
723 698 860 742 Nemo
883 697 998 741 enim
1018 695 1322 741 reconciliatur
1340 696 1419 740 nisi
1442 711 1492 739 cx

97 765 345 810 inimicitiis.
374 768 575 812 Inimicos
598 777 746 812 autem
769 783 846 813 nos
874 783 964 812 non
992 777 1146 812 natura
1164 803 1175 822 ,
1210 766 1286 811 sed
1313 775 1488 826 peccata

96 834 308 882 feceruut.
336 838 460 883 Unde
482 839 642 883 inimici
665 838 779 883 illius
794 873 805 893 ,
827 839 929 883 inde
951 839 1061 883 servi
1084 839 1263 898 peccati.
1286 841 1383 884 Non
1402 839 1482 882 ha-

97 907 172 952 bet
201 912 314 953 Deus
337 909 495 953 liberos
518 910 735 965 inimicos,
762 925 934 955 necesse
951 919 1015 954 est
1037 911 1148 955 servi
1173 909 1259 954 sint
1284 929 1293 955 ε
1314 918 1357 954 et
1374 908 1485 954 servi

97 980 404 1034 remanebunt,
430 980 511 1024 nisi
529 981 582 1024 ab
608 980 681 1024 illo
703 980 961 1035 liberentur,
987 981 1056 1025 cui
1079 981 1302 1040 peccando
1322 979 1486 1024 inimici

97 1066 187 1094 esse
224 1050 474 1095 voluerunt.
503 1051 790 1097 Obsecramus
820 1068 950 1112 ergo,
977 1053 1148 1113 inquit,
1176 1069 1255 1112 pro
1284 1053 1486 1107 Christo,

98 1122 364 1166 reconciliari
384 1126 487 1166 Deo.
514 1124 746 1176 Quomodo
764 1134 910 1168 autem
934 1124 1280 1180 reconciliamur,
1301 1125 1380 1168 nisi
1403 1122 1492 1168 sol-

97 1202 223 1237 vatur
245 1193 366 1253 quod
385 1194 497 1237 inter
517 1210 592 1238 nos
614 1204 657 1238 et
675 1196 815 1254 ipsum
837 1197 1038 1253 separat?
1061 1195 1134 1240 Ait
1156 1197 1270 1239 cnim
1291 1210 1366 1254 per
1385 1198 1489 1240 Pro-

98 1264 295 1322 phetam:
312 1281 400 1309 non
418 1266 611 1323 gravavit
625 1281 773 1310 aurem
791 1282 846 1309 nc
867 1265 1031 1321 audiat,
1056 1267 1132 1310 sed
1152 1277 1328 1325 peccata
1348 1275 1493 1311 vestra

97 1346 297 1395 separant
316 1336 429 1380 inter
463 1352 538 1381 vos
560 1346 602 1381 et
624 1340 762 1382 Deum
777 1340 808 1381 ².
843 1339 953 1391 Quia
985 1353 1089 1396 ergo
1121 1353 1211 1381 non
1234 1336 1487 1381 reconcilia-

97 1422 195 1451 mur
212 1407 293 1452 nisi
311 1407 455 1452 ablato
478 1407 598 1468 quod
617 1409 663 1452 in
684 1409 827 1453 medio
850 1418 913 1452 est
929 1444 940 1464 ,
965 1417 1008 1451 et
1030 1408 1170 1466 posito
1192 1409 1312 1468 quod
1337 1408 1382 1451 in
1405 1422 1491 1451 me-

96 1476 170 1522 dio
186 1478 254 1522 sit.
281 1481 357 1522 Est
374 1482 490 1521 enim
514 1478 709 1522 medium
733 1493 952 1537 separans,
977 1476 1052 1522 sed
1075 1487 1226 1522 contra
1249 1488 1313 1522 est
1330 1477 1489 1522 media-

97 1555 165 1592 tor
180 1549 484 1594 reconcilians:
501 1548 693 1593 medium
711 1564 912 1607 separans
930 1558 994 1592 est
1017 1558 1260 1607 peccatum,
1278 1548 1491 1593 mediator

95 1620 381 1665 reconcilians
399 1629 462 1665 est
481 1622 689 1665 Dominus
707 1624 728 1665 J
736 1636 831 1665 esus
845 1621 1042 1665 Christus
1061 1639 1070 1665 z
1090 1636 1204 1664 unus
1223 1621 1339 1664 enim
1356 1623 1485 1674 Deus,

95 1699 139 1734 et
156 1706 269 1735 unus
291 1690 505 1735 mediator
528 1692 604 1735 Dei
621 1700 664 1735 et
682 1692 926 1746 hominum,
943 1692 1074 1735 homo
1098 1691 1294 1735 Christus
1312 1693 1336 1733 J
1341 1704 1436 1734 esus
1451 1691 1483 1733 3.

100 1764 153 1807 Ut
174 1777 275 1819 ergo
299 1762 478 1807 tollatur
498 1763 683 1804 maceria
701 1775 903 1819 separans
920 1758 1042 1819 quod
1063 1769 1127 1803 est
1149 1770 1394 1819 peccatum,
1411 1777 1488 1805 ve-

95 1832 160 1876 nit
187 1830 260 1874 ille
284 1830 521 1886 mediator,
547 1839 591 1874 et
618 1829 758 1874 factus
779 1839 842 1874 est
864 1829 1118 1873 sacrificium
1150 1830 1348 1875 sacerdos
1374 1831 1481 1891 ipse.

95 1904 152 1946 Et
183 1901 284 1961 quia
320 1901 577 1945 sacrificium
609 1900 750 1946 factus
786 1910 849 1945 est
881 1916 960 1960 pro
997 1910 1202 1960 peccato,
1228 1902 1416 1946 offerens
1439 1917 1484 1948 se

94 1971 237 2031 ipsum
269 1971 314 2015 in
336 1970 640 2015 holocaustum
662 1971 708 2015 in
744 1985 872 2015 cruce
904 1971 1112 2031 passionis
1135 1988 1251 2026 suae,
1285 1973 1484 2033 sequitur

95 2040 327 2101 Apostolus
341 2050 385 2084 et
405 2040 526 2095 dicit,
541 2056 643 2086 cum
662 2040 860 2086 dixisset:
877 2059 893 2080 «
910 2041 1197 2086 Obsecramus
1218 2058 1296 2101 pro
1310 2043 1483 2089 Christo

100 2131 120 2154 »
156 2111 422 2157 reconciliari
443 2115 532 2156 Deo
546 2113 561 2137 ⁴
582 2131 590 2157 z
614 2131 633 2153 »
659 2113 782 2172 quasi
803 2113 1046 2157 diceremus
1062 2147 1074 2167 ,
1107 2113 1332 2173 quomodo
1356 2124 1483 2174 pote-

96 2185 230 2229 rimus
259 2183 556 2228 reconciliari'?
580 2202 599 2226 «
625 2186 739 2227 Eum
755 2218 766 2239 ,
791 2183 960 2244 inquit,
987 2183 1032 2228 id
1054 2193 1138 2239 est,
1164 2185 1307 2244 ipsum
1329 2186 1481 2231 Chris-

100 2273 120 2296 »
155 2264 250 2298 tum
269 2289 280 2309 ,
295 2253 381 2314 qui
413 2269 503 2298 non
530 2262 708 2298 noverat
726 2263 954 2313 peccatum
970 2289 980 2308 ,
1005 2264 1231 2313 peccatum
1255 2271 1333 2315 pro
1356 2257 1482 2301 nobis

99 2344 120 2367 u
154 2325 284 2380 fecit,
304 2335 355 2369 ut
370 2340 447 2369 nos
470 2324 783 2384 simusjustitia
807 2326 883 2369 Dei
904 2325 951 2369 in
970 2325 1063 2385 ipso
1079 2327 1110 2368 ⁵.
1134 2345 1154 2368 »
1180 2329 1295 2370 Eum
1316 2327 1477 2386 ipsum,

97 2396 261 2457 inquit,
282 2395 504 2441 Christum
522 2399 660 2439 Deum
681 2429 692 2450 ,
717 2395 794 2454 qui
815 2410 905 2440 non
927 2405 1106 2441 noverat
1126 2406 1368 2456 peccatum.
1394 2399 1483 2442 Ve-

151 2500 161 2517 ¹
180 2505 194 2525 1
215 2493 288 2524 Cor.
313 2503 348 2534 v,
367 2503 418 2526 20.
445 2507 487 2515 —
501 2494 691 2535 ²Isai.1.1x,
711 2503 741 2533 1,
757 2500 790 2525 2.
809 2508 853 2515 —
869 2489 883 2515 3
903 2502 917 2525 1
938 2492 1019 2526 Tim.
1042 2504 1083 2532 11,
1101 2493 1134 2526 5.
1159 2510 1201 2516 —
1217 2491 1234 2518 4
1253 2502 1270 2526 2
1285 2495 1358 2526 Cor.
1374 2505 1408 2535 v,
1428 2503 1482 2527 20.

101 2566 144 2573 —
161 2547 177 2572 ⁵
195 2548 279 2583 Ibid.
304 2556 359 2581 21.

1208 2602 1274 2641 29.
