1809 3173
382 184 463 221 258
809 191 841 218 s.
878 188 1103 217 Anousnm
1136 188 1317 215 Emscom

373 257 498 303 Unde
524 264 671 301 autem
695 255 832 314 gravis
859 256 950 298 est?
973 254 1081 307 Quia
1117 268 1273 315 corpus
1296 250 1419 311 quod
1439 251 1756 309 corrumpitur,

372 336 576 387 aggravat
598 326 804 380 animam,
825 334 868 369 ct
884 324 1090 383 deprimit
1112 333 1282 367 terrena
1312 321 1571 365 inhabitatio
1590 336 1763 364 sensum
1799 330 1809 382 12}

370 398 510 444 multa
529 399 833 457 cogitantem¹.
857 399 919 442 Ne
942 395 1053 440 forte
1088 410 1190 453 ergo
1220 393 1430 453 possimus
1465 407 1638 436 sensum
1661 407 1763 436 nos-
1805 403 1809 439 g

371 482 489 517 trum
522 487 547 516 a
580 470 728 515 multis
759 468 962 526 colligere
986 466 1040 511 ad
1071 463 1231 521 unum,
1266 475 1310 510 et
1337 464 1537 510 evulsum
1566 480 1589 507 a
1617 463 1764 517 multis

370 543 559 589 relevare
571 542 627 587 ad
648 557 787 586 unum
804 542 844 598 ι(
863 538 983 599 quod
1004 537 1186 598 quidem
1205 553 1292 581 non
1311 537 1565 596 poterimus,
1586 544 1636 579 ut
1657 534 1762 591 dixi,

367 615 449 659 nisi
471 613 646 674 adjuvet
667 612 739 656 ille
761 612 837 671 qui
860 609 915 654 ad
937 625 981 653 se
1004 609 1100 653 vult
1117 607 1253 652 levari
1282 608 1446 651 animas
1468 616 1634 651 nostras
1655 624 1664 650 2
1684 608 1701 664 )
1722 615 1770 650 eb
1806 603 1809 651 ἶ

367 686 671 743 contingamus
693 698 744 726 ex
767 682 913 741 aliqua
934 688 1073 739 parte,
1101 678 1322 739 quomodo
1348 678 1543 721 Verbum
1568 677 1645 720 Dei
1665 676 1765 720 uni-
1801 667 1809 709 ,¹

368 771 444 801 cus
474 755 616 809 Patri,
651 762 894 806 coaeternus
929 760 972 794 et
999 749 1182 810 aequalis
1222 750 1360 803 Patri,
1399 763 1489 791 non
1522 745 1651 790 faciat
1684 745 1767 789 nisi

367 826 488 888 quod
511 825 666 870 viderit
690 827 864 868 Patrem
906 821 1142 866 facientem
1163 854 1174 875 ,
1218 834 1320 863 cum
1349 827 1495 862 tamen
1523 820 1650 861 Pater
1676 816 1768 875 ipse
1801 803 1808 817 ι

366 913 456 942 11011
480 895 608 940 saciat
630 893 795 955 aliquid
821 893 899 936 nisi
923 908 1000 951 per
1019 892 1180 935 Filium
1200 889 1441 935 videntem.
1460 888 1645 932 Videtur
1662 886 1769 931 mihi

368 967 578 1029 quoniam
606 966 817 1010 Dominus
846 966 971 1008 Jesus
997 963 1044 1007 in
1075 963 1158 1006 hoc
1194 961 1291 1006 loco
1321 975 1529 1018 magnum
1557 958 1769 1019 quiddam

366 1038 586 1083 insinuare
607 1035 758 1082 volens
778 1035 971 1090 intentis,
993 1043 1037 1078 ct
1054 1031 1290 1076 infundere
1315 1030 1562 1090 capacibus,
1588 1030 1766 1088 incapa-

367 1125 437 1154 ces
465 1117 613 1153 autem
636 1107 820 1151 excitare
844 1107 900 1149 ad
929 1104 1140 1157 studium,
1168 1112 1215 1146 ut
1246 1101 1442 1146 nondum
1476 1100 1766 1158 intelligentes

366 1181 478 1225 bene
501 1177 688 1224 vivendo
709 1192 887 1236 capaces
911 1176 1032 1227 fiant,
1060 1173 1298 1217 insinuavit
1322 1171 1446 1215 nobis
1469 1171 1657 1213 animam
1680 1170 1765 1213 hu-
1796 1193 1802 1198 -

366 1266 542 1296 manam
570 1258 613 1293 et
636 1257 828 1292 mentem
859 1244 1139 1298 rationalem,
1173 1259 1273 1304 quae
1307 1243 1416 1285 inest
1452 1240 1644 1295 homini,
1677 1254 1768 1284 non

369 1326 481 1366 inest
500 1321 660 1381 pecori,
686 1335 776 1363 non
797 1316 1006 1376 vegetari,
1024 1331 1113 1360 11011
1134 1313 1385 1367 beatificari,
1404 1327 1494 1355 non
1511 1309 1764 1366 illuminari,

369 1393 451 1436 nisi
472 1393 526 1435 ab
560 1392 652 1452 ipsa
673 1389 915 1434 substantia
946 1387 1022 1431 Dei
1047 1406 1055 1429 ι
1083 1400 1265 1444 eamque
1294 1383 1484 1427 animam
1517 1380 1659 1425 facere
1691 1379 1768 1441 ali?

369 1461 479 1523 quid
513 1477 589 1522 per
612 1475 768 1520 corpus
800 1468 843 1502 et
877 1457 932 1501 de
954 1471 1152 1516 corpore,
1178 1464 1309 1514 atque
1331 1453 1490 1513 habere
1517 1453 1798 1511 subjectum⁴1

368 1549 542 1593 corpus,
570 1542 612 1576 et
639 1547 713 1591 per
741 1528 981 1589 corporalia
1018 1526 1201 1571 mulceri
1237 1539 1360 1584 posse
1393 1537 1542 1566 sensus
1574 1520 1764 1581 corporis
1807 1579 1809 1581 .

371 1606 442 1652 vel
472 1597 660 1658 offendi,
688 1612 730 1646 et
767 1610 944 1661 propter
972 1600 1073 1654 hoc,
1119 1598 1165 1640 id
1195 1606 1258 1640 est
1297 1605 1475 1655 propter
1503 1594 1768 1638 consortium

374 1676 598 1737 quoddam
618 1675 773 1718 animae
796 1682 840 1716 et
862 1671 1053 1730 corporis
1076 1669 1123 1712 in
1143 1669 1225 1712 hac
1249 1667 1337 1711 vita
1365 1672 1496 1724 atque
1519 1663 1766 1723 complexu,
1808 1721 1809 1728 ἵ

376 1747 583 1792 delectari
604 1746 793 1790 animam
813 1743 973 1797 lenitis,
1001 1740 1068 1785 vel
1094 1738 1339 1784 contristari
1370 1736 1546 1781 offensis
1580 1734 1771 1794 corporis
1806 1762 1809 1798 5

377 1818 595 1864 sensibus:
612 1815 928 1860 beatitudinem
943 1823 1088 1856 tamen
1100 1812 1135 1871 ej
1143 1827 1189 1854 us
1203 1825 1288 1869 qua
1308 1810 1357 1853 fit
1370 1808 1495 1851 beata
1510 1808 1598 1866 ipsa
1610 1807 1770 1861 anima,
1794 1820 1809 1860 .5

380 1906 472 1935 non
496 1888 592 1932 'fieri
620 1887 699 1930 nisi
724 1884 1050 1946 participatione
1082 1881 1196 1924 illius
1219 1881 1319 1924 vitae
1348 1894 1517 1938 semper
1545 1879 1680 1932 vivae,
1704 1863 1808 1944 iss‘l

383 1958 726 2012 commutabilis,
766 1965 1028 2014 aeternaeque
1049 1952 1301 1996 substantiae
1322 1985 1332 2005 ,
1351 1965 1449 2010 quae
1473 1952 1584 1992 Deus
1607 1957 1671 1991 est
1697 1966 1704 1992 :
1726 1954 1776 1991 ut
1802 1945 1809 2016 g

386 2031 607 2093 quomodo
643 2028 784 2074 anima
817 2042 916 2087 quae
938 2023 1114 2068 inferior
1140 2026 1229 2066 Deo
1249 2030 1336 2076 est,
1362 2020 1405 2064 id
1429 2020 1550 2079 quod
1577 2018 1668 2077 ipsa
1700 2017 1775 2061 111-
1802 2015 1809 2077 l

388 2105 520 2150 serius
537 2113 616 2159 est,
641 2103 724 2145 hoc
746 2109 808 2144 est
836 2114 1009 2158 corpus,
1035 2094 1136 2140 facit
1157 2096 1324 2149 vivere,
1349 2092 1407 2136 sic
1441 2089 1640 2135 eamdem
1669 2074 1809 2143 ani-'f¹

321 2194 327 2200 ·
391 2190 507 2220 mam
544 2189 632 2218 11011
654 2172 784 2217 faciat
806 2171 930 2213 beate.
964 2167 1123 2221 vivere,
1151 2165 1231 2208 nisi
1264 2161 1384 2224 quod
1416 2162 1508 2221 ipsa
1531 2160 1676 2205 anima
1709 2159 1784 2203 est¹

396 2247 608 2307 superius.
638 2243 840 2304 Superior
863 2239 977 2285 enim
1003 2240 1144 2283 anima
1166 2252 1299 2297 quam
1320 2249 1493 2294 corpus,
1517 2243 1561 2277 et
1586 2222 1801 2292 superior,

399 2333 532 2379 quam
571 2316 714 2362 anima
737 2318 865 2359 Deus.
887 2316 1066 2356 Praestat
1102 2308 1267 2368 aliquid
1308 2303 1519 2359 inferiori,
1554 2311 1785 2363 praestatur¹

400 2389 463 2434 illi
487 2406 509 2434 a
541 2388 775 2448 superiore.
806 2383 969 2430 Serviat
1005 2380 1190 2426 Domino
1224 2394 1328 2433 suo,
1368 2393 1423 2421 ne
1456 2373 1737 2420 conculcetur
1757 2375 1802 2437 a(

403 2476 526 2506 servo
560 2474 653 2504 suo.
682 2460 785 2502 Haec
807 2465 886 2511 est,
925 2453 1077 2498 iratres
1098 2451 1202 2508 mci,
1228 2449 1376 2508 religio
1397 2445 1629 2492 christiana
1648 2480 1659 2501 ,
1684 2440 1801 2506 quaes‘s

452 2551 462 2569 ¹
486 2549 563 2588 Sap.
574 2555 619 2582 ix,
642 2542 693 2576 15.
