1825 3214
299 203 338 227 m
374 201 545 228 JoANMs
580 201 888 239 ΕνΛΝο-ιςωυΜ,
924 204 1068 231 amer.
1110 208 1166 232 xi.
1352 203 1397 236 Sl

31 279 121 318 sua,
137 263 323 308 occurrit
345 265 382 307 ei
406 264 612 323 Angelus,
627 274 670 309 et
683 265 788 309 dixit
806 286 814 310 :
831 286 850 308 «
865 269 982 320 Quid
1004 278 1082 323 est,
1118 274 1229 328 Agar
1251 274 1406 319 ancilla

35 352 54 376 »
74 336 187 379 Sarae
202 336 250 378 Ρ»
263 350 363 379 cum
379 345 613 395 conquesta
628 346 735 381 esset
753 336 807 381 dc
829 338 1021 393 domina,
1045 340 1151 398 quid
1167 343 1330 390 audivit
1354 347 1409 390 ab

31 404 197 462 Angelo
211 408 229 446 ’ἰ
245 424 260 445 «
283 409 510 451 Revertere
524 406 578 451 ad
597 406 817 452 dominam
835 411 993 453 tuam¹.
1011 410 1109 454 »Ad
1130 411 1211 456 hoc
1230 430 1332 474 ergo
1355 416 1412 461 af-

32 474 212 534 fligitur,
233 485 281 520 ut
298 486 547 521 revertatur.
562 481 705 539 Atque
728 479 893 524 utinam
917 486 1290 543 revertatur3quia
1314 502 1414 545 pro-

33 546 92 591 les
125 548 236 606 ejus,
279 548 389 593 sicut
422 549 495 594 filii
535 550 701 608 Jacob,
736 566 837 596 cum
870 552 1079 599 fratribus
1116 556 1413 604 haereditatem

36 617 213 661 tenebit.

101 690 219 733 XIV.
256 690 470 735 Mirantur
500 701 644 736 autem
684 693 785 752 quia
823 705 1157 740 commoventur
1187 707 1420 756 potestates

33 757 277 803 christianae
295 761 498 806 adversus
512 761 789 808 detestandos
803 762 1075 825 dissipatores
1094 767 1312 814 Ecclesiae.
1326 774 1422 817 Non

34 844 138 888 ergo
172 835 479 876 moverentur?
513 836 567 877 Et
599 834 823 893 quomodo
852 835 1083 882 redderent
1121 840 1329 885 rationem
1367 842 1422 886 dc

34 900 216 960 imperio
239 917 315 947 suo
334 905 456 947 Deo?
479 904 683 949 Intendat
706 905 902 950 Charitas
926 909 1077 952 Vestra
1108 910 1217 969 quid
1249 911 1390 957 dicam
1409 949 1420 969 ‚

34 971 135 1031 quia
158 972 346 1031 pertinet
372 974 454 1018 hoc
480 973 534 1017 ad
559 989 676 1032 reges
712 975 857 1020 saeculi
880 977 1156 1035 christianos,
1183 991 1231 1026 ut
1256 992 1427 1043 tempo-

35 1040 154 1085 ribus
185 1042 271 1087 suis
294 1054 490 1103 pacatam
514 1043 649 1088 velint
671 1055 852 1089 matrem
879 1062 1001 1091 suam
1020 1049 1258 1095 Ecclesiam
1276 1088 1286 1107 ,
1308 1054 1427 1099 unde

35 1113 282 1171 spiritaliter
304 1116 395 1159 nati
429 1124 546 1160 sunt.
575 1116 776 1175 Legimus
809 1118 996 1162 Danielis
1034 1121 1217 1166 visiones
1239 1133 1283 1167 et
1305 1134 1424 1181 gesta

34 1184 302 1243 prophetica.
339 1188 438 1230 Tres
460 1186 581 1245 pueri
620 1186 663 1230 in
699 1188 798 1246 igne
824 1187 1116 1236 laudaverunt
1153 1194 1387 1239 Dominum
1416 1216 1424 1241 :

34 1254 214 1299 miratus
237 1265 300 1300 est
322 1257 728 1302 Nabuchodonosor
743 1273 814 1303 rex
837 1258 1066 1305 laudantes
1091 1264 1229 1307 Deum
1250 1280 1422 1324 pueros,

35 1333 77 1369 et
94 1325 204 1369 cirea
225 1342 296 1371 eos
319 1327 464 1386 ignem
488 1328 793 1373 innocentem²
813 1350 825 1388 3
849 1340 893 1374 et
914 1346 1014 1375 cum
1033 1332 1270 1380 admiratus
1288 1348 1421 1395 esset,

34 1396 141 1455 quid
171 1397 229 1441 ait
263 1398 666 1444 Nabuchodonosor
694 1415 794 1455 rex,
831 1416 921 1445 non
953 1400 1023 1446 vel
1044 1403 1225 1450 Judaeus
1248 1407 1317 1451 vel
1338 1409 1423 1453 cir-

0 1478 1 1485 *
33 1466 270 1522 cumcisus,
295 1467 368 1512 ille
386 1469 462 1529 qui
479 1478 664 1514 statuam
684 1485 806 1514 suam
825 1481 1032 1527 erexerat,
1058 1482 1101 1518 et
1123 1474 1179 1518 ad
1198 1491 1292 1521 eam
1315 1479 1421 1524 ado-

32 1537 211 1582 randam
229 1553 378 1583 omncs
395 1543 595 1600 coegerat
611 1561 621 1598 3
642 1549 786 1585 tamen
807 1541 1014 1587 laudibus
1034 1543 1164 1588 trium
1182 1561 1418 1605 puerorum

0 1654 1 1660 ¹
32 1618 296 1664 commotus,
324 1610 400 1654 ubi
433 1611 544 1656 vidit
577 1613 844 1672 majestatem
870 1613 946 1656 Dei
976 1616 1197 1673 praesentis
1220 1617 1266 1661 in
1290 1619 1415 1677 igne,

0 1689 2 1737 ζ
31 1678 138 1738 quid
161 1679 249 1723 ait?
275 1699 294 1721 «
314 1683 370 1724 Et
392 1696 471 1739 ego
490 1696 730 1740 proponam
753 1680 977 1726 decretum
993 1685 1195 1731 omnibus
1216 1688 1414 1736 tribubus

0 1762 2 1808 ι
33 1766 53 1789 »
89 1758 132 1793 et
145 1749 302 1809 linguis
315 1750 360 1794 in
375 1753 494 1796 omni
511 1761 635 1796 terra.
654 1752 827 1806 »Quale
842 1753 1412 1823 decretumP«Quicumque

0 1820 2 1870 ι
34 1836 54 1860 »
89 1818 273 1865 dixerint
294 1820 603 1880 blasphemiam
626 1823 672 1866 in
694 1825 833 1867 Deum
857 1824 1004 1869 Sidrac
1020 1860 1031 1881 ,
1052 1826 1185 1872 Misac
1208 1839 1251 1874 et
1273 1832 1414 1878 Abde-

0 1880 2 1952 ᾗ
32 1906 54 1931 »
88 1904 221 1948 nago,
252 1890 296 1934 in
319 1890 543 1936 interitum
568 1901 718 1947 erunt,
756 1902 799 1938 et
827 1893 982 1940 domus
1015 1911 1166 1944 eorum
1200 1900 1245 1944 in
1268 1903 1413 1961 perdi-

0 1954 4 2018 ξ
33 1977 54 2001 »
88 1961 266 2005 tionem.
295 1980 314 2003 »
340 1965 451 2007 Ecce
473 1964 696 2023 quomodo
714 1965 835 2009 saevit
852 1980 925 2010 rex
942 1966 1199 2028 alienigena,
1224 1988 1279 2017 ne
1296 1974 1412 2020 blas-

0 2027 4 2082 }
30 2031 259 2089 phemetur
298 2035 411 2077 Deus
441 2033 592 2089 Israel,
624 2035 726 2095 quia
759 2036 902 2094 potuit
935 2046 1018 2082 tres
1057 2055 1213 2098 pueros
1235 2044 1290 2088 de
1311 2045 1412 2104 igne

0 2092 214 2146 iliberare
244 2122 252 2146 :
287 2111 330 2146 et
367 2102 525 2148 nolunt
564 2113 612 2148 ut
644 2105 822 2150 saeviant
858 2121 979 2166 reges
1014 2109 1268 2169 christiani,
1307 2117 1409 2176 quia

0 2153 3 2226 l
31 2169 226 2216 Christus
247 2174 520 2229 exsufflatur,
547 2189 570 2218 a
591 2191 680 2235 quo
701 2191 791 2221 non
811 2185 896 2222 tres
914 2179 1064 2238 pueri,
1090 2181 1165 2226 sed
1185 2185 1300 2229 orbis
1324 2195 1410 2232 ter-

0 2240 5 2297 }
31 2257 175 2288 rarum
199 2259 298 2288 cum
334 2244 433 2304 ipsis
462 2245 635 2305 regibus
661 2263 684 2291 a
714 2247 1010 2306 gehennarum
1037 2251 1137 2310 igne
1165 2253 1410 2304 liberatur?

0 2311 4 2382 ξ
32 2315 141 2359 Nam
173 2323 257 2360 tres
285 2315 346 2359 illi
381 2317 525 2376 pueri,
562 2316 712 2362 fratres
740 2320 848 2375 mei,
883 2319 1054 2367 liberati
1084 2334 1186 2369 sunt
1220 2327 1275 2372 ab
1311 2330 1412 2389 igne

1 2395 4 2442 ι
35 2385 274 2445 temporali.
304 2386 528 2447 Numquid
561 2404 649 2434 non
677 2389 768 2448 ipse
799 2399 862 2435 est
901 2393 1014 2437 Deus
1042 2395 1408 2458 Machabeorum,

1 2446 3 2516 i
35 2455 111 2515 qui
139 2464 182 2500 et
210 2457 342 2501 trium
371 2461 640 2517 puerorum?
668 2458 769 2505 Illos
806 2460 861 2505 ab
887 2461 988 2521 igne
1023 2463 1224 2512 liberavit
1248 2488 1257 2514 ε
1283 2470 1344 2516 illi
1367 2475 1411 2518 in

2 2521 3 2525 Ἰ
86 2547 92 2563 ¹
113 2542 190 2573 Gen.
213 2542 326 2583 xv1,8,
347 2553 380 2586 9.
403 2560 443 2568 —-
464 2550 476 2568 ²
492 2543 612 2577 Daniel.
628 2554 674 2586 ιιι,
691 2553 748 2587 92,
764 2549 827 2579 etc.

196 2606 331 2636 cxxu.
1204 2608 1227 2645 6
