1809 3173
324 155 377 195 84
747 163 779 191 s.
817 163 1046 192 Auous'rim
1079 165 1259 192 EPlSCOPI

319 247 414 275 mus
430 266 440 286 ‚
462 239 510 274 ut
533 245 631 290 quae
655 239 759 274 tunc
782 245 871 274 non
899 229 1014 274 dicta
1035 238 1160 285 sunt,
1185 229 1231 273 in
1247 228 1404 273 Christi
1422 228 1597 273 nominc
1620 227 1701 271 ad-

311 297 566 362 juvantibus
584 301 851 345 orationibus
874 300 1024 344 vestris
1047 299 1318 359 impleamus.

380 375 436 416 II.
464 372 747 430 Regeneratio
767 371 999 431 spiritualis
1022 387 1108 415 una
1131 380 1208 426 est,
1233 371 1343 415 sicut
1365 369 1584 429 generatio
1606 384 1701 412 cai·-

317 443 424 487 nalis
463 458 550 487 una
579 452 657 486 est.
687 445 751 486 Et
774 441 895 502 quod
925 441 1185 488 Nicodemus
1214 441 1399 486 Domino
1434 440 1512 496 ait,
1550 454 1701 484 verum

319 514 441 570 dixit,
467 514 568 574 quia
590 529 679 558 non
696 521 838 573 potest
856 514 1002 567 homo,
1018 528 1118 557 cum
1141 512 1194 556 sit
1213 527 1354 567 senex,
1374 511 1512 556 redire
1530 526 1702 555 rursum

319 585 366 629 in
383 593 556 628 uterum
591 584 737 628 matris
771 599 875 638 suae,
902 593 945 627 et
982 583 1113 627 nasci.
1138 581 1215 626 Ille
1241 582 1419 641 quidem
1443 581 1575 636 dixit,
1601 581 1703 639 quia

320 657 451 702 homo
480 671 579 700 cum
604 655 658 699 sit
678 670 826 709 senex,
854 655 937 699 hoc
962 670 1051 699 non
1074 662 1242 713 potest,
1269 654 1420 712 quasi,
1445 662 1488 697 et
1510 653 1543 696 si
1560 651 1701 696 infans

316 737 450 783 esset,
485 735 641 787 posset.
678 726 868 770 Omnino
896 726 1011 769 enim
1040 740 1129 769 non
1151 733 1321 783 potest,
1357 725 1443 768 sive
1467 739 1613 768 recens
1646 723 1701 766 ab

317 809 441 844 utero
457 834 467 854 ‚
503 800 590 843 sive
623 812 783 841 annosa
805 797 860 841 ab
883 805 1009 840 aetate
1027 831 1038 851 ‚
1064 796 1205 839 redire
1234 811 1406 839 rursum
1432 796 1478 839 in
1508 804 1702 839 materna

316 871 493 924 viscera,
512 878 555 912 et
574 868 704 915 nasci.
729 866 811 912 Sed
834 867 946 910 sicut
964 865 1019 910 ad
1035 866 1303 910 nativitatem
1321 865 1538 910 carnalem
1555 864 1703 910 valent

317 939 547 985 muliebria
565 940 727 982 viscera
748 937 803 981 ad
824 936 957 980 semel
978 937 1235 996 pariendum
1258 956 1266 981 ε
1287 937 1346 981 sie
1362 937 1416 981 ad
1433 937 1701 981 nativitatem

316 1009 583 1071 spiritualem
600 1007 746 1054 valent
766 1008 928 1052 viscera
945 1006 1166 1063 Ecclesiae,
1180 1018 1229 1052 ut
1243 1007 1374 1052 semel
1397 1008 1580 1068 quisque
1600 1008 1702 1067 bap-

318 1083 488 1127 tizetur.
524 1084 754 1139 Propterea
778 1094 833 1122 ne
855 1078 951 1137 quis
972 1078 1084 1122 forte
1107 1079 1223 1123 dicat
1248 1098 1256 1122 2
1281 1078 1365 1123 Sed
1385 1079 1462 1122 iste
1484 1079 1528 1122 in
1550 1078 1701 1122 haeresi

316 1162 443 1197 natus
465 1160 549 1205 est,
573 1159 616 1194 et
636 1150 715 1193 iste
738 1149 783 1192 in
811 1150 1039 1193 schismate
1068 1159 1196 1193 natus
1217 1159 1281 1193 est
1307 1168 1315 1193 :
1349 1157 1572 1208 amputata
1599 1158 1700 1193 sunt

317 1223 487 1278 omnia,
514 1222 547 1266 si
575 1220 828 1265 meministis
845 1255 855 1275 ‚
874 1236 973 1280 quae
994 1219 1115 1264 vobis
1132 1219 1350 1279 disputata
1373 1229 1474 1264 sunt
1491 1218 1544 1263 de
1562 1220 1699 1264 tribus

316 1294 512 1354 patribus
541 1291 696 1337 nostris
715 1327 725 1347 ‚
749 1307 937 1351 quorum
955 1294 1068 1335 Deus
1087 1290 1171 1334 dici
1192 1291 1356 1346 voluit,
1380 1307 1469 1335 non
1492 1291 1593 1351 quia
1622 1289 1700 1335 soli

311 1374 460 1420 erant,
486 1364 561 1408 sed
585 1364 686 1423 quia
712 1362 757 1406 in
787 1362 886 1407 solis
909 1361 1077 1422 expleta
1100 1372 1162 1407 est
1184 1363 1405 1421 integritas
1428 1360 1699 1420 significandi

313 1435 463 1496 populi
483 1433 634 1478 futuri.
665 1433 916 1478 Invenimus
940 1433 1056 1476 enim
1078 1443 1231 1477 natum
1254 1433 1308 1477 de
1331 1432 1486 1477 ancilla
1508 1433 1700 1476 exhaere-

315 1508 492 1561 datum,
530 1515 679 1549 natum
713 1505 767 1548 de
804 1504 939 1548 libera
966 1504 1185 1551 haeredem
1218 1525 1229 1551 2
1262 1520 1433 1550 rursum
1455 1505 1698 1549 invenimus

312 1587 465 1623 natum
495 1576 550 1620 de
581 1575 718 1618 libera
740 1574 1092 1631 exhaeredatum,
1134 1585 1285 1620 natum
1309 1576 1363 1620 de
1385 1575 1539 1620 ancilla
1561 1576 1699 1618 lisere-

314 1649 429 1694 dem,
456 1649 590 1692 Natus
626 1645 680 1690 de
714 1643 867 1689 ancilla
891 1645 1187 1689 exhaeredatus
1220 1645 1395 1701 Ismaeh
1421 1655 1547 1690 natus
1570 1645 1623 1688 de
1644 1645 1698 1688 li-

317 1719 418 1763 bera
442 1718 576 1761 haeres
599 1719 714 1759 Isaac
730 1750 740 1770 ‚
767 1725 891 1759 natus
909 1715 962 1759 de
984 1715 1122 1760 libera
1145 1717 1440 1760 exhaeredatus
1461 1716 1590 1770 Esau,
1608 1715 1698 1760 nati

313 1788 367 1833 de
394 1786 559 1831 ancillis
577 1784 769 1829 haeredes
791 1784 868 1828 filii
891 1785 1027 1829 Jacob
1046 1788 1075 1828 1.
1103 1788 1154 1829 ln
1175 1785 1258 1830 illis
1281 1787 1428 1847 itaque
1453 1787 1591 1832 tribus
1619 1801 1697 1845 pa-

313 1859 452 1903 tribus
469 1893 480 1913 ‚
507 1857 645 1902 omnis
669 1855 807 1900 futuri
829 1855 979 1914 populi
1000 1856 1136 1913 figura
1161 1866 1382 1915 perspecta
1401 1867 1464 1901 est
1485 1877 1493 1902 2
1515 1873 1594 1901 nec
1612 1857 1696 1900 im-

311 1930 467 1974 merito
493 1931 606 1973 Deus
632 1927 776 1986 inquit
792 1961 802 1981 ,
834 1945 853 1967 «
879 1929 972 1985 Ego
995 1941 1089 1969 sum
1114 1929 1226 1970 Deus
1249 1927 1469 1971 Abraham
1487 1962 1497 1982 ‚
1519 1936 1562 1970 et
1583 1929 1697 1971 Deus

315 2019 335 2042 »
372 2004 490 2044 Isaac
506 2034 516 2054 ,
548 2007 590 2042 et
612 2001 725 2042 Deus
748 1996 910 2054 Jacob3
936 1997 1017 2040 hoc
1044 1996 1150 2040 mihi
1171 2032 1180 2050 ‚
1202 1997 1344 2057 inquit
1359 2033 1370 2053 ‚
1396 2013 1555 2042 nomen
1573 2006 1634 2041 est
1651 1997 1698 2041 in

316 2091 336 2113 »
372 2081 599 2116 aeternum.
636 2089 655 2111 »
685 2069 822 2128 Magis
850 2068 1195 2123 meminerimus,
1234 2069 1340 2129 quid
1362 2069 1620 2128 promissum
1642 2068 1697 2113 sit

312 2142 390 2202 ipsi
418 2142 606 2187 Abrahae
634 2159 642 2184 :
667 2140 751 2183 hoc
774 2138 890 2183 enim
927 2138 1187 2197 promissum
1219 2149 1282 2185 est
1319 2143 1457 2195 Isaac,
1483 2141 1567 2184 hoc
1596 2155 1696 2198 pro-

312 2213 490 2256 missum
523 2221 587 2255 est
607 2220 650 2254 et
672 2210 822 2254 Jacob.
853 2209 969 2262 Quid
990 2209 1262 2254 invenimus?
1291 2229 1311 2253 «
1347 2214 1397 2254 In
1431 2211 1592 2254 semine
1621 2220 1695 2255 tuo

315 2303 334 2325 »
371 2282 687 2327 benedicentur
709 2296 858 2325 omnes
881 2280 1303 2337 gentes-².»Credidit
1322 2290 1423 2325 tunc
1439 2297 1552 2325 unus
1575 2279 1695 2341 quod

312 2354 510 2399 nondum
541 2352 718 2398 videbat
742 2372 751 2397 2
772 2350 921 2397 vident
943 2351 1139 2395 homines
1159 2386 1170 2407 ‚
1195 2360 1237 2396 et
1260 2361 1543 2396 excaecantur.
1563 2354 1695 2396 Com-

364 2459 369 2474 ¹
398 2456 477 2485 Gen.
509 2463 585 2492 xxi,
617 2461 671 2489 ιο’7
705 2461 786 2490 xxv,
819 2449 858 2487 5;
883 2459 979 2489 xxvu,
1007 2448 1067 2487 353
1097 2459 1191 2488 xmx,
1218 2450 1443 2491 etExod.111‚
1464 2453 1495 2482 6.
1519 2466 1558 2472 -
1580 2456 1591 2472 ²
1612 2452 1690 2481 Gen.

309 2518 390 2550 xxii,
411 2510 462 2541 18.
