1825 3214
299 217 342 242 us
376 214 548 240 JOAMUS
582 213 890 251 EVANGEL10M‚
926 215 1071 242 ΤιιΛεΤ.
1111 217 1169 242 xr.
1370 207 1423 242 75»

45 293 143 322 cum
167 278 275 323 illo?
305 278 388 324 Sed
409 278 480 322 illa
508 276 644 333 lusio,
666 277 808 322 illusio
827 287 917 322 erat
944 300 954 335 3
978 279 1049 322 illa
1074 280 1184 324 lusio
1202 280 1425 340 deceptio-

43 363 143 392 nem
174 348 459 407 significabat.
500 350 607 392 Nam
642 362 848 406 magnum
880 359 1197 393 sacramentum
1233 351 1428 396 attendat

42 419 238 464 Charitas
272 421 438 463 Vestra.
481 419 831 463 Persecutionem
862 419 980 463 illam
1004 428 1130 464 vocat
1158 423 1389 480 Apostolus
1415 443 1426 479 3

42 489 177 548 ipsam
208 488 421 534 lusionem
438 523 449 543 ‚
475 489 618 548 ipsum
642 488 787 533 lusum
816 490 1162 549 persecutionem
1183 501 1310 536 vocat
1337 512 1345 536 :
1372 494 1431 536 ait

44 559 160 603 enim
177 593 188 614 ,
217 578 237 601 «ι
270 559 354 604 Sed
386 559 495 603 sicut
518 568 623 603 tunc
653 558 726 602 illc
752 560 825 618 qui
849 559 1089 604 secundum
1113 575 1284 605 carnem
1305 571 1431 606 natus

48 646 70 671 »
104 640 219 684 erat,
245 631 588 690 persequebatur
614 643 714 673 eum
750 629 826 689 qui
859 629 1099 674 secundum
1123 631 1320 690 spiritum
1340 667 1350 686 ,
1374 633 1431 676 ita

50 718 71 742 »
105 710 148 745 et
169 703 312 745 nunc¹
336 719 344 744 :
380 719 400 742 »
427 700 472 744 id
492 709 578 753 est,
613 701 687 761 qui
717 700 957 744 secundum
990 717 1162 746 carnem
1191 704 1279 746 nati
1307 691 1429 759 sunt,

47 780 371 832 persequuntur
393 786 466 816 cos
495 772 570 831 qui
606 771 846 816 secundum
869 772 1065 831 spiritum
1093 773 1183 817 nati
1206 783 1321 818 suut.
1348 776 1434 827 Qui

47 851 148 887 sunt
169 842 410 887 secundum
424 856 598 885 carnem
622 843 741 886 nati?
762 841 993 886 Dilectores
1017 843 1169 887 mundi
1189 879 1199 898 ,
1223 853 1434 889 amatores

46 913 209 958 saeculi.
226 913 307 966 Qui
331 922 434 956 sunt
450 912 691 957 secundum
716 914 914 973 spiritum
938 916 1026 959 nati
1043 917 1292 960 ?Amatores
1315 917 1435 975 regui

47 983 276 1039 coelorum,
290 981 519 1038 dilectores
541 984 718 1038 Christi,
737 984 1030 1029 desiderantes
1053 985 1187 1030 vitam
1208 995 1432 1043 aeternam,

48 1054 178 1113 gratis
197 1053 389 1099 colentes
412 1057 566 1098 Deum.
596 1052 800 1108 Ludunt,
831 1063 874 1098 ct
900 1055 1005 1099 dicit
1032 1055 1264 1114 Apostolus
1293 1073 1436 1116 perse-

47 1125 283 1169 cutionem.
309 1125 418 1169 Nam
441 1133 589 1182 postea
612 1138 744 1184 quam
768 1124 875 1168 dixit
898 1126 992 1170 liaec
1019 1127 1149 1170 verba
1179 1128 1433 1186 ApostoluS,

53 1213 73 1237 «
106 1197 163 1239 Et
180 1195 291 1239 sicut
312 1203 417 1239 tunc
439 1193 513 1238 ille
529 1195 605 1255 qui
623 1195 863 1239 seeundum
881 1210 1054 1239 carnem
1075 1206 1202 1240 natus
1219 1206 1327 1253 erat,
1343 1213 1438 1257 pcr-

53 1283 74 1307 »
108 1265 373 1326 sequebatur
393 1279 492 1310 eum
517 1267 592 1325 qui
610 1267 848 1310 secundum
865 1267 1081 1326 spiritum,
1096 1268 1154 1312 ita
1173 1277 1217 1312 et
1237 1284 1355 1314 nunc
1375 1291 1385 1327 3
1415 1289 1433 1311 »

0 1359 10 1372 ·
48 1345 222 1381 secutus
237 1345 316 1389 est,
332 1345 376 1380 et
396 1329 586 1380 ostendit
603 1336 659 1380 de
679 1352 764 1396 qua
789 1337 1090 1396 persecutione
1111 1339 1273 1383 diceret
1290 1359 1298 1384 :
1321 1360 1339 1381 α
1355 1339 1438 1385 Sed

53 1424 73 1448 »
107 1405 216 1466 quid
237 1405 343 1450 dicit
368 1406 590 1465 Scriptura
605 1408 623 1450 P
638 1407 757 1466 Ejice
777 1406 976 1451 ancillam
999 1417 1043 1452 et
1064 1408 1203 1452 filium
1218 1411 1324 1470 ejus,
1350 1426 1438 1455 non

53 1494 73 1518 »
107 1477 224 1521 enim
252 1477 390 1521 haeres
412 1476 493 1521 erit
521 1477 634 1521 filius
663 1477 830 1521 ancillae
857 1492 958 1522 cum
979 1478 1070 1523 filio
1093 1494 1191 1524 meo
1222 1483 1339 1524 Isaac
1353 1484 1384 1524 ².
1415 1499 1434 1522 »

49 1549 295 1602 Quaerimus
315 1548 392 1592 ubi
427 1549 510 1593 hoc
540 1549 655 1593 dicat
689 1550 932 1609 Scriptura,
969 1559 1019 1594 ut
1039 1550 1265 1596 videamus
1290 1561 1437 1596 utrum

51 1618 202 1680 aliqua
217 1620 458 1679 persecutio
493 1621 759 1679 praecesserit
784 1620 974 1664 Ismae‘lis
1006 1621 1052 1664 in
1075 1623 1193 1666 Isaac
1215 1641 1223 1666 ε
1254 1631 1297 1667 et
1317 1623 1446 1667 inve—4

50 1690 195 1734 nimus
230 1690 315 1734 hoc
336 1689 504 1734 dietum
526 1703 616 1734 esse
638 1706 662 1734 a
687 1692 788 1735 Sara
802 1725 812 1745 ,
852 1690 1031 1751 quando
1053 1691 1162 1736 vidit
1182 1707 1338 1751 pueros
1366 1692 1439 1737 lu-

52 1759 203 1805 dentes
233 1759 415 1804 simulss.
451 1762 594 1812 Quam
626 1759 840 1805 lusionem
880 1759 988 1805 dicit
1023 1762 1241 1821 Scriptura
1284 1763 1440 1808 vidisse

55 1833 226 1884 Saram,
265 1830 377 1874 hanc
405 1830 749 1889 persecutionem
782 1829 889 1875 dicit
913 1831 1163 1890 Apostolus.
1204 1833 1305 1878 Plus
1338 1849 1440 1892 ergo

53 1915 129 1945 vos
150 1908 472 1960 persequuntur
493 1899 569 1959 qui
590 1914 666 1944 vos
688 1898 915 1945 illudendo
937 1902 1153 1946 seducunt
1180 1923 1188 1948 :
1214 1905 1346 1959 Veni,
1363 1919 1440 1948 ve-

54 1971 99 2015 ni
120 1991 132 2028 3
155 1972 373 2030 baptizare
394 1970 579 2025 l1ic,hic
612 1970 746 2015 habes
767 1986 918 2015 verum
944 1972 1223 2032 baptismum.
1244 1974 1341 2020 Noli
1367 1973 1439 2018 lu-

55 2041 180 2097 dere,
211 2056 325 2086 unus
347 2050 411 2085 est
438 2055 567 2085 verus
600 2059 608 2085 :
639 2040 713 2084 ille
741 2041 861 2086 lusus
891 2051 957 2086 est
989 2061 999 2088 :
1025 2043 1267 2100 seduceris,
1293 2054 1336 2089 et
1362 2046 1441 2089 ista

55 2112 298 2172 persecutio
325 2111 465 2170 gravis
491 2110 572 2155 tibi
602 2111 698 2155 erit.
724 2111 878 2156 Melius
907 2112 989 2156 tibi
1021 2122 1111 2158 erat
1141 2124 1190 2159 ut
1213 2115 1441 2159 Ismac'lem

56 2191 105 2226 tu
128 2181 354 2226 lucrareris
381 2180 437 2225 ad
468 2195 677 2240 regnum3
711 2181 786 2226 sed
808 2197 898 2227 non
919 2182 1014 2227 vult
1037 2183 1191 2228 Isma'el
1211 2220 1221 2240 ,
1247 2186 1348 2245 quia
1370 2185 1443 2229 lu-

57 2251 160 2296 dere
189 2251 300 2296 vult.
339 2253 455 2295 Tene
477 2260 527 2295 tu
557 2251 856 2296 haereditatem
878 2253 1032 2313 patris,
1054 2263 1100 2298 et
1120 2255 1223 2299 audi
1247 2272 1258 2300 .·
1287 2275 1307 2298 «
1323 2256 1442 2317 Ejice

62 2340 84 2365 »
118 2321 318 2368 ancillam
335 2331 382 2367 et
398 2321 539 2366 filium
562 2324 652 2383 ejus
668 2358 679 2378 ,
704 2339 793 2369 non
814 2325 929 2369 enim
952 2325 1088 2370 haeres
1109 2327 1190 2373 erit
1218 2327 1333 2373 filius
1360 2344 1442 2372 an-

63 2411 84 2436 »
118 2391 230 2438 cillae
250 2407 351 2437 cum
373 2392 464 2437 filio
485 2407 582 2437 meo
601 2396 733 2438 Isaac.
761 2411 782 2434 »

119 2466 245 2509 XIII.
268 2464 344 2509 Isti
377 2465 508 2509 etiam
531 2464 695 2509 audent
715 2464 858 2510 dicere
885 2467 986 2527 quia
1007 2469 1352 2528 persecutionem
1372 2485 1442 2514 so-

59 2551 62 2554 ’
110 2557 119 2574 ¹
135 2551 239 2584 Galat.
263 2562 309 2591 iv,
329 2560 382 2594 29.
406 2568 447 2575 —
467 2558 480 2574 ²
500 2551 582 2584 lbid.
602 2552 655 2584 30.
677 2568 718 2575 —-
746 2549 759 2574 3
775 2553 856 2586 Gen.
873 2561 944 2594 xxi,
963 2564 997 2596 9.
