<?xml version="1.0" encoding="UTF-8"?>
<!DOCTYPE html PUBLIC "-//W3C//DTD XHTML 1.0 Transitional//EN"
    "http://www.w3.org/TR/xhtml1/DTD/xhtml1-transitional.dtd">
<html xmlns="http://www.w3.org/1999/xhtml" xml:lang="en" lang="en">
 <head>
  <title>
</title>
<meta http-equiv="Content-Type" content="text/html;charset=utf-8" />
  <meta name='ocr-system' content='tesseract 3.04.00' />
  <meta name='ocr-capabilities' content='ocr_page ocr_carea ocr_par ocr_line ocrx_word'/>
</head>
<body>
  <div class='ocr_page' id='page_1' title='image "./operaomniaaccura15auguuoft_0413.png"; bbox 0 0 1825 3214; ppageno 0'>
   <div class='ocr_carea' id='block_1_1' title="bbox 304 203 1453 248">
    <p class='ocr_par' dir='ltr' id='par_1_1' title="bbox 304 203 1453 248">
     <span class='ocr_line' id='line_1_1' title="bbox 304 203 1453 248; baseline 0.004 -12"><span class='ocrx_word' id='word_1_1' title='bbox 304 211 346 237; x_wconf 72' lang='lat' dir='ltr'>m</span> <span class='ocrx_word' id='word_1_2' title='bbox 380 209 554 238; x_wconf 62' lang='lat' dir='ltr'>solimus</span> <span class='ocrx_word' id='word_1_3' title='bbox 586 209 894 248; x_wconf 73' lang='lat' dir='ltr'>EvAnGELIUM‚</span> <span class='ocrx_word' id='word_1_4' title='bbox 930 213 1075 240; x_wconf 63' lang='lat' dir='ltr'>uiues.</span> <span class='ocrx_word' id='word_1_5' title='bbox 1114 215 1251 240; x_wconf 61' lang='lat' dir='ltr'>xxxii.</span> <span class='ocrx_word' id='word_1_6' title='bbox 1378 203 1453 241; x_wconf 75' lang='lat'>401</span> 
     </span>
    </p>
   </div>
   <div class='ocr_carea' id='block_1_2' title="bbox 78 273 1472 2512">
    <p class='ocr_par' dir='ltr' id='par_1_2' title="bbox 82 273 1458 337">
     <span class='ocr_line' id='line_1_2' title="bbox 82 273 1458 337; baseline 0.005 -21"><span class='ocrx_word' id='word_1_7' title='bbox 82 273 279 317; x_wconf 89' lang='lat' dir='ltr'>nondum</span> <span class='ocrx_word' id='word_1_8' title='bbox 319 275 471 319; x_wconf 76' lang='lat' dir='ltr'>valetis</span> <span class='ocrx_word' id='word_1_9' title='bbox 490 310 500 329; x_wconf 89' lang='lat'>,</span> <span class='ocrx_word' id='word_1_10' title='bbox 545 274 762 318; x_wconf 75' lang='lat' dir='ltr'>credendo</span> <span class='ocrx_word' id='word_1_11' title='bbox 805 279 942 320; x_wconf 81' lang='lat' dir='ltr'>securi</span> <span class='ocrx_word' id='word_1_12' title='bbox 984 279 1026 320; x_wconf 83' lang='lat' dir='ltr'>in</span> <span class='ocrx_word' id='word_1_13' title='bbox 1071 289 1195 337; x_wconf 78' lang='lat' dir='ltr'>portu</span> <span class='ocrx_word' id='word_1_14' title='bbox 1238 280 1458 323; x_wconf 83' lang='lat' dir='ltr'>maneatis.</span> 
     </span>
    </p>

    <p class='ocr_par' dir='ltr' id='par_1_3' title="bbox 78 345 1472 2512">
     <span class='ocr_line' id='line_1_3' title="bbox 142 345 1464 408; baseline 0.005 -22"><span class='ocrx_word' id='word_1_15' title='bbox 142 346 240 388; x_wconf 78' lang='lat' dir='ltr'>Vll.</span> <span class='ocrx_word' id='word_1_16' title='bbox 273 346 415 389; x_wconf 80' lang='lat' dir='ltr'>Dicam</span> <span class='ocrx_word' id='word_1_17' title='bbox 448 361 579 403; x_wconf 83' lang='lat' dir='ltr'>crgo,</span> <span class='ocrx_word' id='word_1_18' title='bbox 615 345 756 404; x_wconf 82' lang='lat' dir='ltr'>capiat</span> <span class='ocrx_word' id='word_1_19' title='bbox 789 347 862 405; x_wconf 82' lang='lat' dir='ltr'>qui</span> <span class='ocrx_word' id='word_1_20' title='bbox 903 357 1066 405; x_wconf 75' lang='lat' dir='ltr'>potest,</span> <span class='ocrx_word' id='word_1_21' title='bbox 1103 349 1251 392; x_wconf 74' lang='lat' dir='ltr'>credat</span> <span class='ocrx_word' id='word_1_22' title='bbox 1273 351 1346 408; x_wconf 76' lang='lat' dir='ltr'>qui</span> <span class='ocrx_word' id='word_1_23' title='bbox 1376 365 1464 393; x_wconf 88' lang='lat' dir='ltr'>non</span> 
     </span>
     <span class='ocr_line' id='line_1_4' title="bbox 80 414 1464 475; baseline 0.003 -17"><span class='ocrx_word' id='word_1_24' title='bbox 80 422 222 472; x_wconf 87' lang='lat' dir='ltr'>potest</span> <span class='ocrx_word' id='word_1_25' title='bbox 244 433 252 458; x_wconf 75' lang='grc' dir='ltr'>ε</span> <span class='ocrx_word' id='word_1_26' title='bbox 281 424 424 458; x_wconf 87' lang='lat' dir='ltr'>tamen</span> <span class='ocrx_word' id='word_1_27' title='bbox 448 414 589 458; x_wconf 87' lang='lat' dir='ltr'>dicam</span> <span class='ocrx_word' id='word_1_28' title='bbox 613 415 731 475; x_wconf 81' lang='lat' dir='ltr'>quod</span> <span class='ocrx_word' id='word_1_29' title='bbox 750 416 807 460; x_wconf 81' lang='lat' dir='ltr'>ait</span> <span class='ocrx_word' id='word_1_30' title='bbox 829 417 1061 462; x_wconf 80' lang='lat' dir='ltr'>Dominus:</span> <span class='ocrx_word' id='word_1_31' title='bbox 1085 422 1201 462; x_wconf 88' lang='lat' dir='ltr'>«Vos</span> <span class='ocrx_word' id='word_1_32' title='bbox 1226 419 1464 463; x_wconf 82' lang='lat' dir='ltr'>secundum</span> 
     </span>
     <span class='ocr_line' id='line_1_5' title="bbox 83 484 1469 547; baseline 0.006 -22"><span class='ocrx_word' id='word_1_33' title='bbox 83 501 102 523; x_wconf 85' lang='lat'>»</span> <span class='ocrx_word' id='word_1_34' title='bbox 140 500 312 527; x_wconf 74' lang='lat' dir='ltr'>carnem</span> <span class='ocrx_word' id='word_1_35' title='bbox 343 484 546 543; x_wconf 84' lang='lat' dir='ltr'>judicatis</span> <span class='ocrx_word' id='word_1_36' title='bbox 568 521 578 540; x_wconf 89' lang='lat'>,</span> <span class='ocrx_word' id='word_1_37' title='bbox 612 501 690 542; x_wconf 67' lang='lat' dir='ltr'>ego</span> <span class='ocrx_word' id='word_1_38' title='bbox 725 501 813 529; x_wconf 86' lang='lat' dir='ltr'>non</span> <span class='ocrx_word' id='word_1_39' title='bbox 843 486 994 546; x_wconf 84' lang='lat' dir='ltr'>judico</span> <span class='ocrx_word' id='word_1_40' title='bbox 1022 504 1320 547; x_wconf 77' lang='lat' dir='ltr'>quemquam,</span> <span class='ocrx_word' id='word_1_41' title='bbox 1350 509 1367 529; x_wconf 88' lang='lat'>»</span> <span class='ocrx_word' id='word_1_42' title='bbox 1395 499 1469 533; x_wconf 81' lang='lat' dir='ltr'>aut</span> 
     </span>
     <span class='ocr_line' id='line_1_6' title="bbox 80 554 1468 620; baseline 0.005 -22"><span class='ocrx_word' id='word_1_43' title='bbox 80 554 213 599; x_wconf 91' lang='lat' dir='ltr'>modo</span> <span class='ocrx_word' id='word_1_44' title='bbox 231 591 241 609; x_wconf 87' lang='lat'>,</span> <span class='ocrx_word' id='word_1_45' title='bbox 265 565 339 599; x_wconf 89' lang='lat' dir='ltr'>aut</span> <span class='ocrx_word' id='word_1_46' title='bbox 361 556 601 600; x_wconf 83' lang='lat' dir='ltr'>secundum</span> <span class='ocrx_word' id='word_1_47' title='bbox 625 573 814 601; x_wconf 85' lang='lat' dir='ltr'>carnem.</span> <span class='ocrx_word' id='word_1_48' title='bbox 845 577 864 599; x_wconf 93' lang='lat'>«</span> <span class='ocrx_word' id='word_1_49' title='bbox 893 559 975 602; x_wconf 85' lang='lat' dir='ltr'>Sed</span> <span class='ocrx_word' id='word_1_50' title='bbox 998 568 1041 602; x_wconf 86' lang='lat' dir='ltr'>ct</span> <span class='ocrx_word' id='word_1_51' title='bbox 1063 560 1094 602; x_wconf 89' lang='lat' dir='ltr'>si</span> <span class='ocrx_word' id='word_1_52' title='bbox 1119 575 1196 617; x_wconf 83' lang='lat' dir='ltr'>ego</span> <span class='ocrx_word' id='word_1_53' title='bbox 1214 560 1468 620; x_wconf 83' lang='lat' dir='ltr'>judic0,ju-</span> 
     </span>
     <span class='ocr_line' id='line_1_7' title="bbox 84 624 1469 688; baseline 0.004 -20"><span class='ocrx_word' id='word_1_54' title='bbox 84 642 104 665; x_wconf 87' lang='lat'>»</span> <span class='ocrx_word' id='word_1_55' title='bbox 140 624 300 669; x_wconf 87' lang='lat' dir='ltr'>dicium</span> <span class='ocrx_word' id='word_1_56' title='bbox 321 641 465 670; x_wconf 84' lang='lat' dir='ltr'>mcum</span> <span class='ocrx_word' id='word_1_57' title='bbox 483 643 632 671; x_wconf 85' lang='lat' dir='ltr'>verum</span> <span class='ocrx_word' id='word_1_58' title='bbox 651 638 758 672; x_wconf 89' lang='lat' dir='ltr'>cst.»</span> <span class='ocrx_word' id='word_1_59' title='bbox 778 631 921 681; x_wconf 84' lang='lat' dir='ltr'>Quare</span> <span class='ocrx_word' id='word_1_60' title='bbox 937 629 1149 688; x_wconf 87' lang='lat' dir='ltr'>judicium</span> <span class='ocrx_word' id='word_1_61' title='bbox 1177 639 1298 673; x_wconf 87' lang='lat' dir='ltr'>tuum</span> <span class='ocrx_word' id='word_1_62' title='bbox 1317 646 1469 674; x_wconf 78' lang='lat' dir='ltr'>verum</span> 
     </span>
     <span class='ocr_line' id='line_1_8' title="bbox 81 698 1472 759; baseline 0.004 -21"><span class='ocrx_word' id='word_1_63' title='bbox 81 698 176 738; x_wconf 74' lang='lat' dir='ltr'>est?</span> <span class='ocrx_word' id='word_1_64' title='bbox 208 716 226 736; x_wconf 87' lang='lat'>«</span> <span class='ocrx_word' id='word_1_65' title='bbox 249 698 359 749; x_wconf 84' lang='lat' dir='ltr'>Quia</span> <span class='ocrx_word' id='word_1_66' title='bbox 382 698 497 742; x_wconf 89' lang='lat' dir='ltr'>solus</span> <span class='ocrx_word' id='word_1_67' title='bbox 521 714 608 744; x_wconf 88' lang='lat' dir='ltr'>nou</span> <span class='ocrx_word' id='word_1_68' title='bbox 639 714 734 741; x_wconf 87' lang='lat' dir='ltr'>sum</span> <span class='ocrx_word' id='word_1_69' title='bbox 752 733 762 752; x_wconf 90' lang='lat'>‚</span> <span class='ocrx_word' id='word_1_70' title='bbox 797 699 964 758; x_wconf 81' lang='lat' dir='ltr'>inquit,</span> <span class='ocrx_word' id='word_1_71' title='bbox 989 698 1065 742; x_wconf 85' lang='lat' dir='ltr'>scd</span> <span class='ocrx_word' id='word_1_72' title='bbox 1087 715 1165 757; x_wconf 85' lang='lat' dir='ltr'>ego</span> <span class='ocrx_word' id='word_1_73' title='bbox 1195 701 1330 759; x_wconf 79' lang='lat' dir='ltr'>etqui</span> <span class='ocrx_word' id='word_1_74' title='bbox 1360 701 1472 743; x_wconf 84' lang='lat' dir='ltr'>misit</span> 
     </span>
     <span class='ocr_line' id='line_1_9' title="bbox 84 768 1468 826; baseline 0.007 -21"><span class='ocrx_word' id='word_1_75' title='bbox 84 782 105 805; x_wconf 86' lang='lat'>»</span> <span class='ocrx_word' id='word_1_76' title='bbox 139 781 208 813; x_wconf 88' lang='lat' dir='ltr'>me</span> <span class='ocrx_word' id='word_1_77' title='bbox 234 769 371 809; x_wconf 87' lang='lat' dir='ltr'>Pater.</span> <span class='ocrx_word' id='word_1_78' title='bbox 398 786 416 807; x_wconf 74' lang='lat' dir='ltr'>n</span> <span class='ocrx_word' id='word_1_79' title='bbox 450 768 564 819; x_wconf 84' lang='lat' dir='ltr'>Quid</span> <span class='ocrx_word' id='word_1_80' title='bbox 590 784 692 826; x_wconf 80' lang='lat' dir='ltr'>crgo</span> <span class='ocrx_word' id='word_1_81' title='bbox 709 804 718 822; x_wconf 84' lang='lat'>‚</span> <span class='ocrx_word' id='word_1_82' title='bbox 757 769 938 812; x_wconf 82' lang='lat' dir='ltr'>Domino</span> <span class='ocrx_word' id='word_1_83' title='bbox 962 772 1063 812; x_wconf 78' lang='lat' dir='ltr'>Jesu</span> <span class='ocrx_word' id='word_1_84' title='bbox 1083 771 1100 810; x_wconf 84' lang='lat'><strong>?</strong></span> <span class='ocrx_word' id='word_1_85' title='bbox 1124 771 1162 814; x_wconf 83' lang='lat' dir='ltr'>Si</span> <span class='ocrx_word' id='word_1_86' title='bbox 1193 771 1307 814; x_wconf 90' lang='lat' dir='ltr'>solus</span> <span class='ocrx_word' id='word_1_87' title='bbox 1333 787 1468 825; x_wconf 75' lang='lat' dir='ltr'>esses,</span> 
     </span>
     <span class='ocr_line' id='line_1_10' title="bbox 81 834 1470 900; baseline 0.005 -22"><span class='ocrx_word' id='word_1_88' title='bbox 81 834 239 879; x_wconf 90' lang='lat' dir='ltr'>falsum</span> <span class='ocrx_word' id='word_1_89' title='bbox 263 846 371 879; x_wconf 87' lang='lat' dir='ltr'>esset</span> <span class='ocrx_word' id='word_1_90' title='bbox 389 836 605 896; x_wconf 85' lang='lat' dir='ltr'>judicium</span> <span class='ocrx_word' id='word_1_91' title='bbox 631 847 754 881; x_wconf 90' lang='lat' dir='ltr'>tuum</span> <span class='ocrx_word' id='word_1_92' title='bbox 773 860 783 895; x_wconf 71' lang='lat'><em>3</em></span> <span class='ocrx_word' id='word_1_93' title='bbox 800 848 841 881; x_wconf 80' lang='lat' dir='ltr'>et</span> <span class='ocrx_word' id='word_1_94' title='bbox 865 838 962 883; x_wconf 86' lang='lat' dir='ltr'>idco</span> <span class='ocrx_word' id='word_1_95' title='bbox 985 855 1134 883; x_wconf 84' lang='lat' dir='ltr'>verum</span> <span class='ocrx_word' id='word_1_96' title='bbox 1154 840 1339 900; x_wconf 85' lang='lat' dir='ltr'>judicas,</span> <span class='ocrx_word' id='word_1_97' title='bbox 1369 842 1470 900; x_wconf 79' lang='lat' dir='ltr'>quia</span> 
     </span>
     <span class='ocr_line' id='line_1_11' title="bbox 81 904 1472 970; baseline 0.005 -21"><span class='ocrx_word' id='word_1_98' title='bbox 81 904 197 949; x_wconf 89' lang='lat' dir='ltr'>solus</span> <span class='ocrx_word' id='word_1_99' title='bbox 222 922 309 950; x_wconf 88' lang='lat' dir='ltr'>non</span> <span class='ocrx_word' id='word_1_100' title='bbox 333 922 398 960; x_wconf 84' lang='lat' dir='ltr'>es,</span> <span class='ocrx_word' id='word_1_101' title='bbox 426 907 501 951; x_wconf 86' lang='lat' dir='ltr'>scd</span> <span class='ocrx_word' id='word_1_102' title='bbox 527 918 572 951; x_wconf 90' lang='lat' dir='ltr'>tu</span> <span class='ocrx_word' id='word_1_103' title='bbox 595 918 637 951; x_wconf 85' lang='lat' dir='ltr'>ct</span> <span class='ocrx_word' id='word_1_104' title='bbox 660 910 734 968; x_wconf 84' lang='lat' dir='ltr'>qui</span> <span class='ocrx_word' id='word_1_105' title='bbox 759 919 799 952; x_wconf 90' lang='lat' dir='ltr'>tc</span> <span class='ocrx_word' id='word_1_106' title='bbox 822 910 936 953; x_wconf 82' lang='lat' dir='ltr'>misit</span> <span class='ocrx_word' id='word_1_107' title='bbox 963 913 1118 954; x_wconf 81' lang='lat' dir='ltr'>Pater?</span> <span class='ocrx_word' id='word_1_108' title='bbox 1146 911 1262 964; x_wconf 86' lang='lat' dir='ltr'>Quid</span> <span class='ocrx_word' id='word_1_109' title='bbox 1292 927 1472 970; x_wconf 84' lang='lat' dir='ltr'>respon-</span> 
     </span>
     <span class='ocr_line' id='line_1_12' title="bbox 80 979 1471 1042; baseline 0.005 -23"><span class='ocrx_word' id='word_1_110' title='bbox 80 992 204 1020; x_wconf 83' lang='lat' dir='ltr'>surus</span> <span class='ocrx_word' id='word_1_111' title='bbox 227 979 358 1021; x_wconf 73' lang='lat' dir='ltr'>sum?</span> <span class='ocrx_word' id='word_1_112' title='bbox 384 981 478 1036; x_wconf 85' lang='lat' dir='ltr'>lpse</span> <span class='ocrx_word' id='word_1_113' title='bbox 506 981 790 1037; x_wconf 78' lang='lat' dir='ltr'>respondeat,</span> <span class='ocrx_word' id='word_1_114' title='bbox 822 1000 839 1021; x_wconf 91' lang='lat'>«</span> <span class='ocrx_word' id='word_1_115' title='bbox 864 983 1024 1024; x_wconf 81' lang='lat' dir='ltr'>Verum</span> <span class='ocrx_word' id='word_1_116' title='bbox 1044 991 1106 1025; x_wconf 91' lang='lat' dir='ltr'>cst</span> <span class='ocrx_word' id='word_1_117' title='bbox 1124 1017 1134 1037; x_wconf 90' lang='lat'>,</span> <span class='ocrx_word' id='word_1_118' title='bbox 1163 983 1305 1041; x_wconf 82' lang='lat' dir='ltr'>inquit</span> <span class='ocrx_word' id='word_1_119' title='bbox 1325 1018 1334 1036; x_wconf 88' lang='lat'>‚</span> <span class='ocrx_word' id='word_1_120' title='bbox 1350 983 1471 1042; x_wconf 89' lang='lat' dir='ltr'>judi-</span> 
     </span>
     <span class='ocr_line' id='line_1_13' title="bbox 85 1048 1472 1111; baseline 0.007 -24"><span class='ocrx_word' id='word_1_121' title='bbox 85 1065 104 1087; x_wconf 90' lang='lat'>»</span> <span class='ocrx_word' id='word_1_122' title='bbox 139 1048 253 1091; x_wconf 88' lang='lat' dir='ltr'>cium</span> <span class='ocrx_word' id='word_1_123' title='bbox 288 1063 449 1092; x_wconf 88' lang='lat' dir='ltr'>meum.</span> <span class='ocrx_word' id='word_1_124' title='bbox 479 1067 496 1089; x_wconf 77' lang='lat' dir='ltr'>n</span> <span class='ocrx_word' id='word_1_125' title='bbox 521 1052 694 1101; x_wconf 82' lang='lat' dir='ltr'>Quare?</span> <span class='ocrx_word' id='word_1_126' title='bbox 720 1069 737 1090; x_wconf 92' lang='lat'>«</span> <span class='ocrx_word' id='word_1_127' title='bbox 762 1051 873 1102; x_wconf 84' lang='lat' dir='ltr'>Quia</span> <span class='ocrx_word' id='word_1_128' title='bbox 899 1050 1014 1094; x_wconf 86' lang='lat' dir='ltr'>solus</span> <span class='ocrx_word' id='word_1_129' title='bbox 1035 1067 1121 1095; x_wconf 89' lang='lat' dir='ltr'>non</span> <span class='ocrx_word' id='word_1_130' title='bbox 1152 1067 1246 1095; x_wconf 88' lang='lat' dir='ltr'>sum</span> <span class='ocrx_word' id='word_1_131' title='bbox 1265 1089 1274 1106; x_wconf 74' lang='grc'><strong><em>,</em></strong></span> <span class='ocrx_word' id='word_1_132' title='bbox 1297 1053 1370 1096; x_wconf 83' lang='lat' dir='ltr'>sed</span> <span class='ocrx_word' id='word_1_133' title='bbox 1395 1069 1472 1111; x_wconf 82' lang='lat' dir='ltr'>ego</span> 
     </span>
     <span class='ocr_line' id='line_1_14' title="bbox 84 1119 1472 1181; baseline 0.006 -21"><span class='ocrx_word' id='word_1_134' title='bbox 84 1136 103 1158; x_wconf 70' lang='grc' dir='ltr'><strong>υ</strong></span> <span class='ocrx_word' id='word_1_135' title='bbox 139 1128 182 1161; x_wconf 90' lang='lat' dir='ltr'>et</span> <span class='ocrx_word' id='word_1_136' title='bbox 205 1119 279 1177; x_wconf 82' lang='lat' dir='ltr'>qui</span> <span class='ocrx_word' id='word_1_137' title='bbox 302 1120 415 1162; x_wconf 87' lang='lat' dir='ltr'>misit</span> <span class='ocrx_word' id='word_1_138' title='bbox 431 1135 499 1163; x_wconf 90' lang='lat' dir='ltr'>me</span> <span class='ocrx_word' id='word_1_139' title='bbox 520 1123 659 1163; x_wconf 86' lang='lat' dir='ltr'>Pater.</span> <span class='ocrx_word' id='word_1_140' title='bbox 692 1138 712 1160; x_wconf 86' lang='lat'>»</span> <span class='ocrx_word' id='word_1_141' title='bbox 738 1122 779 1164; x_wconf 85' lang='lat' dir='ltr'>Si</span> <span class='ocrx_word' id='word_1_142' title='bbox 805 1130 948 1164; x_wconf 90' lang='lat' dir='ltr'>tecum</span> <span class='ocrx_word' id='word_1_143' title='bbox 971 1132 1054 1176; x_wconf 84' lang='lat' dir='ltr'>est,</span> <span class='ocrx_word' id='word_1_144' title='bbox 1083 1122 1304 1181; x_wconf 82' lang='lat' dir='ltr'>quomodo</span> <span class='ocrx_word' id='word_1_145' title='bbox 1328 1134 1369 1167; x_wconf 90' lang='lat' dir='ltr'>te</span> <span class='ocrx_word' id='word_1_146' title='bbox 1393 1126 1472 1168; x_wconf 91' lang='lat' dir='ltr'>mi-</span> 
     </span>
     <span class='ocr_line' id='line_1_15' title="bbox 80 1187 1469 1252; baseline 0.006 -21"><span class='ocrx_word' id='word_1_147' title='bbox 80 1187 167 1232; x_wconf 74' lang='lat' dir='ltr'>sit?</span> <span class='ocrx_word' id='word_1_148' title='bbox 191 1191 245 1232; x_wconf 85' lang='lat' dir='ltr'>Et</span> <span class='ocrx_word' id='word_1_149' title='bbox 263 1198 304 1232; x_wconf 84' lang='lat' dir='ltr'>tc</span> <span class='ocrx_word' id='word_1_150' title='bbox 323 1189 452 1244; x_wconf 81' lang='lat' dir='ltr'>misit,</span> <span class='ocrx_word' id='word_1_151' title='bbox 473 1199 515 1233; x_wconf 91' lang='lat' dir='ltr'>ct</span> <span class='ocrx_word' id='word_1_152' title='bbox 540 1199 682 1234; x_wconf 87' lang='lat' dir='ltr'>tecum</span> <span class='ocrx_word' id='word_1_153' title='bbox 700 1201 762 1234; x_wconf 85' lang='lat' dir='ltr'>est</span> <span class='ocrx_word' id='word_1_154' title='bbox 776 1194 793 1232; x_wconf 68' lang='lat'>⁴?</span> <span class='ocrx_word' id='word_1_155' title='bbox 820 1195 966 1235; x_wconf 91' lang='lat' dir='ltr'>lta-ne</span> <span class='ocrx_word' id='word_1_156' title='bbox 988 1202 1030 1236; x_wconf 87' lang='lat' dir='ltr'>et</span> <span class='ocrx_word' id='word_1_157' title='bbox 1050 1194 1312 1252; x_wconf 54' lang='lat' dir='ltr'>missiisfnon</span> <span class='ocrx_word' id='word_1_158' title='bbox 1332 1210 1469 1239; x_wconf 87' lang='lat' dir='ltr'>reces-</span> 
     </span>
     <span class='ocr_line' id='line_1_16' title="bbox 80 1258 1471 1317; baseline 0.005 -15"><span class='ocrx_word' id='word_1_159' title='bbox 80 1258 202 1302; x_wconf 78' lang='lat' dir='ltr'>sisti?</span> <span class='ocrx_word' id='word_1_160' title='bbox 220 1262 369 1303; x_wconf 90' lang='lat' dir='ltr'>Ita-ne</span> <span class='ocrx_word' id='word_1_161' title='bbox 390 1269 433 1303; x_wconf 93' lang='lat' dir='ltr'>et</span> <span class='ocrx_word' id='word_1_162' title='bbox 455 1261 510 1304; x_wconf 89' lang='lat' dir='ltr'>ad</span> <span class='ocrx_word' id='word_1_163' title='bbox 533 1276 611 1304; x_wconf 90' lang='lat' dir='ltr'>nos</span> <span class='ocrx_word' id='word_1_164' title='bbox 634 1261 789 1304; x_wconf 89' lang='lat' dir='ltr'>venisti</span> <span class='ocrx_word' id='word_1_165' title='bbox 808 1296 818 1310; x_wconf 85' lang='lat'>,</span> <span class='ocrx_word' id='word_1_166' title='bbox 846 1271 889 1305; x_wconf 88' lang='lat' dir='ltr'>et</span> <span class='ocrx_word' id='word_1_167' title='bbox 914 1262 974 1305; x_wconf 90' lang='lat' dir='ltr'>ibi</span> <span class='ocrx_word' id='word_1_168' title='bbox 996 1264 1217 1307; x_wconf 81' lang='lat' dir='ltr'>mansisti?</span> <span class='ocrx_word' id='word_1_169' title='bbox 1240 1266 1471 1317; x_wconf 87' lang='lat' dir='ltr'>Quomodo</span> 
     </span>
     <span class='ocr_line' id='line_1_17' title="bbox 79 1328 1472 1394; baseline 0.006 -22"><span class='ocrx_word' id='word_1_170' title='bbox 79 1328 197 1373; x_wconf 91' lang='lat' dir='ltr'>istud</span> <span class='ocrx_word' id='word_1_171' title='bbox 227 1328 446 1385; x_wconf 88' lang='lat' dir='ltr'>creditur,</span> <span class='ocrx_word' id='word_1_172' title='bbox 482 1330 706 1390; x_wconf 89' lang='lat' dir='ltr'>quomodo</span> <span class='ocrx_word' id='word_1_173' title='bbox 735 1332 936 1390; x_wconf 82' lang='lat' dir='ltr'>capitur?</span> <span class='ocrx_word' id='word_1_174' title='bbox 968 1334 1035 1377; x_wconf 86' lang='lat' dir='ltr'>Ad</span> <span class='ocrx_word' id='word_1_175' title='bbox 1060 1334 1153 1378; x_wconf 84' lang='lat' dir='ltr'>haec</span> <span class='ocrx_word' id='word_1_176' title='bbox 1175 1333 1264 1379; x_wconf 93' lang='lat' dir='ltr'>duo</span> <span class='ocrx_word' id='word_1_177' title='bbox 1292 1352 1472 1394; x_wconf 84' lang='lat' dir='ltr'>respon-</span> 
     </span>
     <span class='ocr_line' id='line_1_18' title="bbox 81 1399 1465 1462; baseline 0.006 -19"><span class='ocrx_word' id='word_1_178' title='bbox 81 1399 164 1444; x_wconf 85' lang='lat' dir='ltr'>deo</span> <span class='ocrx_word' id='word_1_179' title='bbox 180 1435 191 1454; x_wconf 85' lang='lat'>,</span> <span class='ocrx_word' id='word_1_180' title='bbox 226 1402 458 1453; x_wconf 90' lang='lat' dir='ltr'>Quomodo</span> <span class='ocrx_word' id='word_1_181' title='bbox 487 1402 678 1460; x_wconf 87' lang='lat' dir='ltr'>capitur,</span> <span class='ocrx_word' id='word_1_182' title='bbox 704 1411 821 1446; x_wconf 90' lang='lat' dir='ltr'>recte</span> <span class='ocrx_word' id='word_1_183' title='bbox 846 1402 950 1446; x_wconf 91' lang='lat' dir='ltr'>dicis</span> <span class='ocrx_word' id='word_1_184' title='bbox 974 1422 982 1447; x_wconf 76' lang='grc' dir='ltr'>ε</span> <span class='ocrx_word' id='word_1_185' title='bbox 1004 1405 1227 1462; x_wconf 86' lang='lat' dir='ltr'>quomodo</span> <span class='ocrx_word' id='word_1_186' title='bbox 1249 1406 1440 1450; x_wconf 83' lang='lat' dir='ltr'>creditur</span> <span class='ocrx_word' id='word_1_187' title='bbox 1455 1443 1465 1462; x_wconf 90' lang='lat'>‚</span> 
     </span>
     <span class='ocr_line' id='line_1_19' title="bbox 81 1470 1466 1535; baseline 0.005 -21"><span class='ocrx_word' id='word_1_188' title='bbox 81 1486 169 1514; x_wconf 91' lang='lat' dir='ltr'>non</span> <span class='ocrx_word' id='word_1_189' title='bbox 191 1479 308 1515; x_wconf 88' lang='lat' dir='ltr'>recte</span> <span class='ocrx_word' id='word_1_190' title='bbox 337 1470 455 1515; x_wconf 90' lang='lat' dir='ltr'>dicis.</span> <span class='ocrx_word' id='word_1_191' title='bbox 497 1474 591 1515; x_wconf 90' lang='lat' dir='ltr'>lmo</span> <span class='ocrx_word' id='word_1_192' title='bbox 625 1471 722 1515; x_wconf 87' lang='lat' dir='ltr'>ideo</span> <span class='ocrx_word' id='word_1_193' title='bbox 761 1472 871 1516; x_wconf 88' lang='lat' dir='ltr'>bene</span> <span class='ocrx_word' id='word_1_194' title='bbox 899 1473 1117 1529; x_wconf 83' lang='lat' dir='ltr'>creditur,</span> <span class='ocrx_word' id='word_1_195' title='bbox 1144 1476 1244 1535; x_wconf 82' lang='lat' dir='ltr'>quia</span> <span class='ocrx_word' id='word_1_196' title='bbox 1270 1492 1358 1520; x_wconf 91' lang='lat' dir='ltr'>non</span> <span class='ocrx_word' id='word_1_197' title='bbox 1381 1478 1466 1521; x_wconf 91' lang='lat' dir='ltr'>cito</span> 
     </span>
     <span class='ocr_line' id='line_1_20' title="bbox 80 1540 1469 1601; baseline 0.006 -18"><span class='ocrx_word' id='word_1_198' title='bbox 80 1540 249 1599; x_wconf 83' lang='lat' dir='ltr'>capitur</span> <span class='ocrx_word' id='word_1_199' title='bbox 268 1560 276 1584; x_wconf 73' lang='grc' dir='ltr'>ε</span> <span class='ocrx_word' id='word_1_200' title='bbox 303 1557 402 1584; x_wconf 90' lang='lat' dir='ltr'>nam</span> <span class='ocrx_word' id='word_1_201' title='bbox 427 1541 459 1584; x_wconf 90' lang='lat' dir='ltr'>si</span> <span class='ocrx_word' id='word_1_202' title='bbox 478 1541 563 1584; x_wconf 91' lang='lat' dir='ltr'>cito</span> <span class='ocrx_word' id='word_1_203' title='bbox 581 1550 828 1599; x_wconf 76' lang='lat' dir='ltr'>caperetur,</span> <span class='ocrx_word' id='word_1_204' title='bbox 855 1558 943 1585; x_wconf 92' lang='lat' dir='ltr'>non</span> <span class='ocrx_word' id='word_1_205' title='bbox 962 1559 1070 1601; x_wconf 87' lang='lat' dir='ltr'>opus</span> <span class='ocrx_word' id='word_1_206' title='bbox 1092 1554 1183 1588; x_wconf 88' lang='lat' dir='ltr'>erat</span> <span class='ocrx_word' id='word_1_207' title='bbox 1207 1555 1255 1589; x_wconf 91' lang='lat' dir='ltr'>ut</span> <span class='ocrx_word' id='word_1_208' title='bbox 1275 1548 1469 1591; x_wconf 80' lang='lat' dir='ltr'>credere-</span> 
     </span>
     <span class='ocr_line' id='line_1_21' title="bbox 81 1611 1469 1674; baseline 0.006 -20"><span class='ocrx_word' id='word_1_209' title='bbox 81 1620 152 1654; x_wconf 81' lang='lat' dir='ltr'>tur</span> <span class='ocrx_word' id='word_1_210' title='bbox 170 1631 181 1667; x_wconf 81' lang='lat'>3</span> <span class='ocrx_word' id='word_1_211' title='bbox 200 1612 301 1670; x_wconf 88' lang='lat' dir='ltr'>quia</span> <span class='ocrx_word' id='word_1_212' title='bbox 325 1612 560 1655; x_wconf 86' lang='lat' dir='ltr'>videretur.</span> <span class='ocrx_word' id='word_1_213' title='bbox 585 1611 688 1655; x_wconf 89' lang='lat' dir='ltr'>Ideo</span> <span class='ocrx_word' id='word_1_214' title='bbox 711 1613 866 1667; x_wconf 83' lang='lat' dir='ltr'>credis,</span> <span class='ocrx_word' id='word_1_215' title='bbox 887 1614 990 1672; x_wconf 85' lang='lat' dir='ltr'>quia</span> <span class='ocrx_word' id='word_1_216' title='bbox 1009 1629 1096 1658; x_wconf 87' lang='lat' dir='ltr'>non</span> <span class='ocrx_word' id='word_1_217' title='bbox 1120 1616 1235 1674; x_wconf 83' lang='lat' dir='ltr'>capis</span> <span class='ocrx_word' id='word_1_218' title='bbox 1253 1638 1263 1672; x_wconf 75' lang='lat'><em>3</em></span> <span class='ocrx_word' id='word_1_219' title='bbox 1284 1617 1358 1661; x_wconf 89' lang='lat' dir='ltr'>scd</span> <span class='ocrx_word' id='word_1_220' title='bbox 1375 1633 1469 1662; x_wconf 87' lang='lat' dir='ltr'>cre-</span> 
     </span>
     <span class='ocr_line' id='line_1_22' title="bbox 80 1681 1467 1747; baseline 0.005 -23"><span class='ocrx_word' id='word_1_221' title='bbox 80 1682 226 1725; x_wconf 89' lang='lat' dir='ltr'>dendo</span> <span class='ocrx_word' id='word_1_222' title='bbox 250 1682 298 1724; x_wconf 81' lang='lat' dir='ltr'>sis</span> <span class='ocrx_word' id='word_1_223' title='bbox 319 1681 502 1724; x_wconf 85' lang='lat' dir='ltr'>idoneus</span> <span class='ocrx_word' id='word_1_224' title='bbox 525 1690 574 1724; x_wconf 90' lang='lat' dir='ltr'>ut</span> <span class='ocrx_word' id='word_1_225' title='bbox 597 1683 753 1740; x_wconf 90' lang='lat' dir='ltr'>capias.</span> <span class='ocrx_word' id='word_1_226' title='bbox 771 1685 878 1726; x_wconf 89' lang='lat' dir='ltr'>Nam</span> <span class='ocrx_word' id='word_1_227' title='bbox 902 1684 934 1726; x_wconf 89' lang='lat' dir='ltr'>si</span> <span class='ocrx_word' id='word_1_228' title='bbox 957 1699 1044 1727; x_wconf 85' lang='lat' dir='ltr'>non</span> <span class='ocrx_word' id='word_1_229' title='bbox 1062 1686 1216 1739; x_wconf 87' lang='lat' dir='ltr'>credis,</span> <span class='ocrx_word' id='word_1_230' title='bbox 1241 1702 1467 1747; x_wconf 80' lang='lat' dir='ltr'>nunquam</span> 
     </span>
     <span class='ocr_line' id='line_1_23' title="bbox 80 1751 1467 1815; baseline 0.005 -20"><span class='ocrx_word' id='word_1_231' title='bbox 80 1752 249 1810; x_wconf 74' lang='lat' dir='ltr'>capies3</span> <span class='ocrx_word' id='word_1_232' title='bbox 273 1751 375 1810; x_wconf 86' lang='lat' dir='ltr'>quia</span> <span class='ocrx_word' id='word_1_233' title='bbox 401 1752 544 1795; x_wconf 89' lang='lat' dir='ltr'>minus</span> <span class='ocrx_word' id='word_1_234' title='bbox 573 1752 754 1795; x_wconf 86' lang='lat' dir='ltr'>idoneus</span> <span class='ocrx_word' id='word_1_235' title='bbox 777 1754 1033 1797; x_wconf 81' lang='lat' dir='ltr'>remanebis.</span> <span class='ocrx_word' id='word_1_236' title='bbox 1061 1754 1188 1799; x_wconf 87' lang='lat' dir='ltr'>Fides</span> <span class='ocrx_word' id='word_1_237' title='bbox 1209 1772 1311 1815; x_wconf 84' lang='lat' dir='ltr'>ergo</span> <span class='ocrx_word' id='word_1_238' title='bbox 1334 1773 1467 1802; x_wconf 90' lang='lat' dir='ltr'>mun-</span> 
     </span>
     <span class='ocr_line' id='line_1_24' title="bbox 79 1820 1463 1888; baseline 0.006 -23"><span class='ocrx_word' id='word_1_239' title='bbox 79 1820 153 1865; x_wconf 89' lang='lat' dir='ltr'>det</span> <span class='ocrx_word' id='word_1_240' title='bbox 185 1830 254 1875; x_wconf 83' lang='lat' dir='ltr'>te,</span> <span class='ocrx_word' id='word_1_241' title='bbox 288 1831 337 1866; x_wconf 85' lang='lat' dir='ltr'>ut</span> <span class='ocrx_word' id='word_1_242' title='bbox 364 1820 609 1865; x_wconf 89' lang='lat' dir='ltr'>intellectus</span> <span class='ocrx_word' id='word_1_243' title='bbox 641 1822 820 1880; x_wconf 87' lang='lat' dir='ltr'>impleat</span> <span class='ocrx_word' id='word_1_244' title='bbox 847 1832 904 1866; x_wconf 88' lang='lat' dir='ltr'>te.</span> <span class='ocrx_word' id='word_1_245' title='bbox 935 1842 954 1865; x_wconf 91' lang='lat'>«</span> <span class='ocrx_word' id='word_1_246' title='bbox 980 1826 1143 1868; x_wconf 87' lang='lat' dir='ltr'>Verum</span> <span class='ocrx_word' id='word_1_247' title='bbox 1171 1835 1261 1880; x_wconf 88' lang='lat' dir='ltr'>est,</span> <span class='ocrx_word' id='word_1_248' title='bbox 1299 1827 1463 1888; x_wconf 85' lang='lat' dir='ltr'>inquit,</span> 
     </span>
     <span class='ocr_line' id='line_1_25' title="bbox 83 1890 1466 1958; baseline 0.009 -27"><span class='ocrx_word' id='word_1_249' title='bbox 83 1910 101 1931; x_wconf 89' lang='lat'>»</span> <span class='ocrx_word' id='word_1_250' title='bbox 132 1890 347 1950; x_wconf 88' lang='lat' dir='ltr'>judicium</span> <span class='ocrx_word' id='word_1_251' title='bbox 375 1906 518 1934; x_wconf 90' lang='lat' dir='ltr'>meum</span> <span class='ocrx_word' id='word_1_252' title='bbox 537 1926 547 1946; x_wconf 83' lang='lat'>‚</span> <span class='ocrx_word' id='word_1_253' title='bbox 573 1893 674 1951; x_wconf 89' lang='lat' dir='ltr'>quia</span> <span class='ocrx_word' id='word_1_254' title='bbox 706 1892 822 1936; x_wconf 90' lang='lat' dir='ltr'>solus</span> <span class='ocrx_word' id='word_1_255' title='bbox 845 1908 933 1935; x_wconf 92' lang='lat' dir='ltr'>non</span> <span class='ocrx_word' id='word_1_256' title='bbox 962 1908 1054 1936; x_wconf 90' lang='lat' dir='ltr'>sum</span> <span class='ocrx_word' id='word_1_257' title='bbox 1074 1928 1084 1948; x_wconf 88' lang='lat'>‚</span> <span class='ocrx_word' id='word_1_258' title='bbox 1109 1896 1183 1938; x_wconf 89' lang='lat' dir='ltr'>sed</span> <span class='ocrx_word' id='word_1_259' title='bbox 1213 1911 1294 1954; x_wconf 87' lang='lat' dir='ltr'>ego</span> <span class='ocrx_word' id='word_1_260' title='bbox 1324 1908 1367 1942; x_wconf 87' lang='lat' dir='ltr'>et</span> <span class='ocrx_word' id='word_1_261' title='bbox 1389 1899 1466 1958; x_wconf 86' lang='lat' dir='ltr'>qui</span> 
     </span>
     <span class='ocr_line' id='line_1_26' title="bbox 82 1961 1465 2019; baseline 0.009 -18"><span class='ocrx_word' id='word_1_262' title='bbox 82 1979 102 2002; x_wconf 87' lang='lat'>»</span> <span class='ocrx_word' id='word_1_263' title='bbox 138 1961 253 2006; x_wconf 88' lang='lat' dir='ltr'>misit</span> <span class='ocrx_word' id='word_1_264' title='bbox 273 1976 343 2005; x_wconf 89' lang='lat' dir='ltr'>me</span> <span class='ocrx_word' id='word_1_265' title='bbox 364 1965 534 2005; x_wconf 88' lang='lat' dir='ltr'>Pater.»</span> <span class='ocrx_word' id='word_1_266' title='bbox 554 1964 685 2019; x_wconf 84' lang='lat' dir='ltr'>Ergo,</span> <span class='ocrx_word' id='word_1_267' title='bbox 702 1962 883 2006; x_wconf 83' lang='lat' dir='ltr'>Domine</span> <span class='ocrx_word' id='word_1_268' title='bbox 906 1965 1022 2012; x_wconf 85' lang='lat' dir='ltr'>Deus</span> <span class='ocrx_word' id='word_1_269' title='bbox 1035 1973 1180 2008; x_wconf 89' lang='lat' dir='ltr'>noster</span> <span class='ocrx_word' id='word_1_270' title='bbox 1198 1968 1300 2010; x_wconf 89' lang='lat' dir='ltr'>Jesu</span> <span class='ocrx_word' id='word_1_271' title='bbox 1317 1969 1465 2013; x_wconf 87' lang='lat' dir='ltr'>Chris-</span> 
     </span>
     <span class='ocr_line' id='line_1_27' title="bbox 78 2031 1459 2097; baseline 0.006 -22"><span class='ocrx_word' id='word_1_272' title='bbox 78 2040 121 2075; x_wconf 86' lang='lat' dir='ltr'>te</span> <span class='ocrx_word' id='word_1_273' title='bbox 136 2066 146 2085; x_wconf 85' lang='lat'><strong>‚</strong></span> <span class='ocrx_word' id='word_1_274' title='bbox 166 2032 310 2076; x_wconf 87' lang='lat' dir='ltr'>missio</span> <span class='ocrx_word' id='word_1_275' title='bbox 333 2041 407 2075; x_wconf 89' lang='lat' dir='ltr'>tua</span> <span class='ocrx_word' id='word_1_276' title='bbox 429 2032 666 2076; x_wconf 85' lang='lat' dir='ltr'>incarnatio</span> <span class='ocrx_word' id='word_1_277' title='bbox 688 2040 763 2075; x_wconf 90' lang='lat' dir='ltr'>tua</span> <span class='ocrx_word' id='word_1_278' title='bbox 781 2040 859 2075; x_wconf 86' lang='lat' dir='ltr'>est.</span> <span class='ocrx_word' id='word_1_279' title='bbox 885 2031 952 2076; x_wconf 90' lang='lat' dir='ltr'>Sic</span> <span class='ocrx_word' id='word_1_280' title='bbox 975 2032 1100 2077; x_wconf 89' lang='lat' dir='ltr'>video</span> <span class='ocrx_word' id='word_1_281' title='bbox 1118 2068 1128 2087; x_wconf 86' lang='lat'>,</span> <span class='ocrx_word' id='word_1_282' title='bbox 1154 2035 1213 2079; x_wconf 92' lang='lat' dir='ltr'>sic</span> <span class='ocrx_word' id='word_1_283' title='bbox 1234 2036 1431 2097; x_wconf 81' lang='lat' dir='ltr'>intelligo</span> <span class='ocrx_word' id='word_1_284' title='bbox 1451 2059 1459 2084; x_wconf 91' lang='lat'>:</span> 
     </span>
     <span class='ocr_line' id='line_1_28' title="bbox 79 2101 1459 2167; baseline 0.007 -23"><span class='ocrx_word' id='word_1_285' title='bbox 79 2110 298 2160; x_wconf 88' lang='lat' dir='ltr'>postremo</span> <span class='ocrx_word' id='word_1_286' title='bbox 320 2102 379 2145; x_wconf 93' lang='lat' dir='ltr'>sic</span> <span class='ocrx_word' id='word_1_287' title='bbox 396 2102 544 2152; x_wconf 83' lang='lat' dir='ltr'>credo,</span> <span class='ocrx_word' id='word_1_288' title='bbox 565 2116 620 2144; x_wconf 90' lang='lat' dir='ltr'>ne</span> <span class='ocrx_word' id='word_1_289' title='bbox 643 2101 899 2160; x_wconf 81' lang='lat' dir='ltr'>arrogantiae</span> <span class='ocrx_word' id='word_1_290' title='bbox 922 2101 976 2145; x_wconf 87' lang='lat' dir='ltr'>sit</span> <span class='ocrx_word' id='word_1_291' title='bbox 995 2101 1152 2157; x_wconf 84' lang='lat' dir='ltr'>dicere,</span> <span class='ocrx_word' id='word_1_292' title='bbox 1173 2105 1231 2149; x_wconf 92' lang='lat' dir='ltr'>sic</span> <span class='ocrx_word' id='word_1_293' title='bbox 1248 2107 1459 2167; x_wconf 85' lang='lat' dir='ltr'>intelligo.</span> 
     </span>
     <span class='ocr_line' id='line_1_29' title="bbox 82 2171 1464 2234; baseline 0.007 -19"><span class='ocrx_word' id='word_1_294' title='bbox 82 2175 258 2216; x_wconf 88' lang='lat' dir='ltr'>Prorsus</span> <span class='ocrx_word' id='word_1_295' title='bbox 280 2180 323 2215; x_wconf 90' lang='lat' dir='ltr'>et</span> <span class='ocrx_word' id='word_1_296' title='bbox 344 2171 414 2215; x_wconf 91' lang='lat' dir='ltr'>hic</span> <span class='ocrx_word' id='word_1_297' title='bbox 436 2179 498 2214; x_wconf 86' lang='lat' dir='ltr'>est</span> <span class='ocrx_word' id='word_1_298' title='bbox 522 2171 731 2214; x_wconf 89' lang='lat' dir='ltr'>Dominus</span> <span class='ocrx_word' id='word_1_299' title='bbox 753 2180 899 2215; x_wconf 88' lang='lat' dir='ltr'>noster</span> <span class='ocrx_word' id='word_1_300' title='bbox 915 2174 1037 2215; x_wconf 86' lang='lat' dir='ltr'>Jesus</span> <span class='ocrx_word' id='word_1_301' title='bbox 1051 2174 1268 2234; x_wconf 75' lang='lat' dir='ltr'>Christu53</span> <span class='ocrx_word' id='word_1_302' title='bbox 1288 2177 1375 2222; x_wconf 90' lang='lat' dir='ltr'>imo</span> <span class='ocrx_word' id='word_1_303' title='bbox 1394 2179 1464 2224; x_wconf 90' lang='lat' dir='ltr'>hic</span> 
     </span>
     <span class='ocr_line' id='line_1_30' title="bbox 79 2240 1464 2294; baseline 0.006 -9"><span class='ocrx_word' id='word_1_304' title='bbox 79 2250 171 2285; x_wconf 85' lang='lat' dir='ltr'>erat</span> <span class='ocrx_word' id='word_1_305' title='bbox 186 2240 426 2285; x_wconf 84' lang='lat' dir='ltr'>secundum</span> <span class='ocrx_word' id='word_1_306' title='bbox 459 2255 650 2294; x_wconf 88' lang='lat' dir='ltr'>carnem,</span> <span class='ocrx_word' id='word_1_307' title='bbox 676 2240 807 2285; x_wconf 93' lang='lat' dir='ltr'>modo</span> <span class='ocrx_word' id='word_1_308' title='bbox 830 2241 899 2285; x_wconf 89' lang='lat' dir='ltr'>hic</span> <span class='ocrx_word' id='word_1_309' title='bbox 922 2251 985 2285; x_wconf 89' lang='lat' dir='ltr'>est</span> <span class='ocrx_word' id='word_1_310' title='bbox 1003 2243 1242 2288; x_wconf 85' lang='lat' dir='ltr'>secundum</span> <span class='ocrx_word' id='word_1_311' title='bbox 1261 2247 1464 2293; x_wconf 88' lang='lat' dir='ltr'>divinita-</span> 
     </span>
     <span class='ocr_line' id='line_1_31' title="bbox 81 2314 1464 2371; baseline 0.007 -16"><span class='ocrx_word' id='word_1_312' title='bbox 81 2321 167 2355; x_wconf 89' lang='lat' dir='ltr'>tem</span> <span class='ocrx_word' id='word_1_313' title='bbox 191 2330 200 2355; x_wconf 86' lang='lat'>:</span> <span class='ocrx_word' id='word_1_314' title='bbox 226 2320 269 2355; x_wconf 87' lang='lat' dir='ltr'>et</span> <span class='ocrx_word' id='word_1_315' title='bbox 290 2326 390 2355; x_wconf 88' lang='lat' dir='ltr'>cum</span> <span class='ocrx_word' id='word_1_316' title='bbox 414 2314 539 2354; x_wconf 88' lang='lat' dir='ltr'>Patre</span> <span class='ocrx_word' id='word_1_317' title='bbox 556 2319 675 2364; x_wconf 90' lang='lat' dir='ltr'>erat,</span> <span class='ocrx_word' id='word_1_318' title='bbox 701 2320 744 2354; x_wconf 88' lang='lat' dir='ltr'>et</span> <span class='ocrx_word' id='word_1_319' title='bbox 765 2327 787 2354; x_wconf 91' lang='lat' dir='ltr'>a</span> <span class='ocrx_word' id='word_1_320' title='bbox 813 2315 936 2354; x_wconf 86' lang='lat' dir='ltr'>Patre</span> <span class='ocrx_word' id='word_1_321' title='bbox 954 2328 1047 2370; x_wconf 30' lang='lat' dir='ltr'>non·</span> <span class='ocrx_word' id='word_1_322' title='bbox 1065 2327 1307 2361; x_wconf 82' lang='lat' dir='ltr'>recesserat.</span> <span class='ocrx_word' id='word_1_323' title='bbox 1334 2320 1464 2371; x_wconf 89' lang='lat' dir='ltr'>Quod</span> 
     </span>
     <span class='ocr_line' id='line_1_32' title="bbox 80 2380 1462 2446; baseline 0.007 -21"><span class='ocrx_word' id='word_1_324' title='bbox 80 2397 182 2441; x_wconf 87' lang='lat' dir='ltr'>ergo</span> <span class='ocrx_word' id='word_1_325' title='bbox 200 2380 360 2426; x_wconf 83' lang='lat' dir='ltr'>dicitur</span> <span class='ocrx_word' id='word_1_326' title='bbox 379 2381 531 2424; x_wconf 90' lang='lat' dir='ltr'>missus</span> <span class='ocrx_word' id='word_1_327' title='bbox 551 2381 717 2424; x_wconf 89' lang='lat' dir='ltr'>venisse</span> <span class='ocrx_word' id='word_1_328' title='bbox 736 2381 790 2424; x_wconf 84' lang='lat' dir='ltr'>ad</span> <span class='ocrx_word' id='word_1_329' title='bbox 812 2397 906 2436; x_wconf 81' lang='lat' dir='ltr'>nOS,</span> <span class='ocrx_word' id='word_1_330' title='bbox 927 2383 1165 2430; x_wconf 84' lang='lat' dir='ltr'>incarnatio</span> <span class='ocrx_word' id='word_1_331' title='bbox 1188 2389 1317 2446; x_wconf 87' lang='lat' dir='ltr'>ipsius</span> <span class='ocrx_word' id='word_1_332' title='bbox 1339 2406 1462 2434; x_wconf 90' lang='lat' dir='ltr'>com-</span> 
     </span>
     <span class='ocr_line' id='line_1_33' title="bbox 80 2452 1079 2512; baseline 0.002 -15"><span class='ocrx_word' id='word_1_333' title='bbox 80 2452 334 2506; x_wconf 87' lang='lat' dir='ltr'>mendatur,</span> <span class='ocrx_word' id='word_1_334' title='bbox 359 2453 459 2512; x_wconf 89' lang='lat' dir='ltr'>quia</span> <span class='ocrx_word' id='word_1_335' title='bbox 482 2455 610 2496; x_wconf 89' lang='lat' dir='ltr'>Pater</span> <span class='ocrx_word' id='word_1_336' title='bbox 626 2467 716 2496; x_wconf 91' lang='lat' dir='ltr'>non</span> <span class='ocrx_word' id='word_1_337' title='bbox 735 2461 797 2495; x_wconf 87' lang='lat' dir='ltr'>est</span> <span class='ocrx_word' id='word_1_338' title='bbox 815 2452 1079 2499; x_wconf 84' lang='lat' dir='ltr'>incarnatus.</span> 
     </span>
    </p>
   </div>
   <div class='ocr_carea' id='block_1_3' title="bbox 139 2521 1466 2640">
    <p class='ocr_par' dir='ltr' id='par_1_4' title="bbox 139 2521 1466 2640">
     <span class='ocr_line' id='line_1_34' title="bbox 139 2521 1466 2592; baseline 0.008 -25"><span class='ocrx_word' id='word_1_339' title='bbox 139 2525 259 2567; x_wconf 85' lang='lat' dir='ltr'><strong>VIII.</strong></span> <span class='ocrx_word' id='word_1_340' title='bbox 292 2525 402 2568; x_wconf 87' lang='lat' dir='ltr'>Nam</span> <span class='ocrx_word' id='word_1_341' title='bbox 428 2521 659 2567; x_wconf 87' lang='lat' dir='ltr'>Sabelliani</span> <span class='ocrx_word' id='word_1_342' title='bbox 680 2521 783 2566; x_wconf 85' lang='lat' dir='ltr'>dicti</span> <span class='ocrx_word' id='word_1_343' title='bbox 811 2531 913 2566; x_wconf 86' lang='lat' dir='ltr'>sunt</span> <span class='ocrx_word' id='word_1_344' title='bbox 934 2524 1112 2588; x_wconf 78' lang='lat' dir='ltr'>quidam</span> <span class='ocrx_word' id='word_1_345' title='bbox 1144 2528 1366 2588; x_wconf 66' lang='lat' dir='ltr'>haereticis,</span> <span class='ocrx_word' id='word_1_346' title='bbox 1391 2534 1466 2592; x_wconf 86' lang='lat' dir='ltr'>qui</span> 
     </span>
     <span class='ocr_line' id='line_1_35' title="bbox 293 2601 1316 2640; baseline 0.006 -6"><span class='ocrx_word' id='word_1_347' title='bbox 293 2604 430 2634; x_wconf 84' lang='lat' dir='ltr'>cxxu.</span> <span class='ocrx_word' id='word_1_348' title='bbox 1264 2601 1316 2640; x_wconf 79' lang='lat'>26</span> 
     </span>
    </p>
   </div>
  </div>
 </body>
</html>
