1825 3214
298 207 340 233 iu
374 204 547 232 somnis
583 203 886 242 EVANGELIUM,
921 204 1067 232 ΤηΑετ.
1105 206 1245 232 xxxii.
1358 193 1435 231 361

57 274 101 317 in
124 273 270 329 nobis,
300 288 376 317 nos
400 282 543 316 autem
566 272 656 314 sinc
673 273 762 331 ejus
786 271 945 331 Spiritu
974 273 1080 315 scire
1106 288 1191 316 non
1218 287 1443 331 possumus

56 344 163 405 quid
181 353 332 402 agatur
351 343 395 387 in
417 347 519 387 Deo.
546 346 656 386 neus
676 351 820 386 autem
840 343 919 386 scit
936 343 979 386 in
1003 343 1147 397 nobis,
1167 353 1209 386 et
1228 343 1347 403 quod
1365 344 1443 403 ipsi

55 416 269 459 nescimus
291 415 335 458 in
376 414 516 458 nobis.
543 416 650 458 Nam
680 413 975 457 infirmitatem
1012 428 1132 456 suam
1159 417 1308 457 Petrus
1347 430 1444 458 nes-

55 487 218 541 ciebat,
247 485 424 546 quando
442 502 464 529 a
497 486 678 530 Domino
709 485 826 545 quod
863 494 926 528 ter
959 493 1068 528 esset
1101 494 1336 542 negaturus
1367 502 1443 529 au-

55 557 224 611 diebat,
256 566 297 600 et
321 572 434 615 :eger
471 571 514 600 se
546 555 798 613 ignorabat,
825 554 1019 599 medicus
1052 570 1216 614 aegrum
1240 556 1440 600 sciebat'.

57 630 166 672 Sunt
189 642 292 686 ergo
312 627 513 687 quiedam
537 642 635 686 quae
656 630 768 671 Deus
787 627 908 671 novit
924 626 968 670 in
984 626 1132 681 nobis,
1151 626 1444 670 nescientibus

54 699 194 743 nobis.
223 702 383 743 Tamen
406 708 621 760 quantum
644 698 699 743 ad
722 700 917 744 homines
939 700 1152 758 pertinet,
1175 714 1302 742 nemo
1320 699 1378 742 sic
1401 715 1444 743 se

53 770 174 815 novit
196 771 421 830 quomodo
449 771 539 829 ipse
568 772 698 814 homo
726 790 733 814 :
759 770 866 814 alius
885 770 1021 813 nescit
1038 770 1144 829 quid
1168 769 1210 813 in
1246 769 1319 813 illo
1345 786 1444 828 aga·

55 850 146 896 tur,
173 842 247 885 sed
276 842 449 901 spiritus
473 843 562 901 ejus
585 842 719 885 novit.
752 844 944 900 Accepto
967 849 1109 884 autem
1141 840 1303 899 Spiritu
1334 841 1408 884 Dei
1430 877 1440 895 ,

51 913 256 963 discimus
279 923 322 957 et
341 912 448 973 quid
469 923 622 972 agatur
642 914 684 956 in
709 916 824 957 Deo:
844 928 933 956 non
960 921 1114 967 totum,
1132 913 1232 972 quia
1258 927 1346 956 non
1370 927 1444 956 ac·

53 985 248 1044 cepimus
266 994 424 1029 totum.
453 989 513 1029 De
535 985 716 1044 pignore
739 984 874 1028 multa
900 984 1126 1028 novimus:
1148 984 1305 1043 pignus
1327 984 1441 1027 enim

52 1057 322 1116 accepimus,
359 1066 402 1101 et
434 1058 562 1116 hujus
591 1057 781 1116 pignoris
812 1055 1036 1115 plenitudo
1068 1064 1216 1115 postea
1248 1054 1438 1101 dabitur.

52 1128 229 1172 Interim
255 1129 300 1171 in
325 1129 403 1172 hac
426 1128 773 1187 peregrinatione
791 1128 945 1186 pignus
961 1141 1039 1170 nos
1054 1125 1318 1181 consoletur,
1339 1128 1440 1187 quia

49 1198 124 1259 qui
159 1214 236 1243 nos
264 1198 468 1257 dignatus
502 1207 565 1242 cst
601 1199 913 1257 oppignerare,
949 1197 1138 1241 multum
1174 1207 1347 1256 paratus
1379 1208 1443 1243 est

49 1268 166 1313 dare.
197 1270 239 1314 Si
263 1269 356 1314 talis
375 1279 436 1313 est
452 1270 599 1324 arrha,
621 1269 729 1329 quid
747 1278 810 1312 est
833 1269 955 1328 eujus
978 1277 1042 1312 est
1063 1268 1219 1312 arrha?

108 1342 182 1383 VI.
215 1340 298 1384 Sed
335 1339 442 1400 quid
475 1349 538 1384 est
576 1339 696 1400 quod
724 1340 783 1383 ait
819 1359 826 1384 2
859 1359 875 1379 «
911 1341 1008 1384 Non
1039 1340 1152 1382 enim
1190 1348 1281 1383 crat
1310 1341 1442 1400 Spiri-

51 1430 70 1451 »
108 1420 176 1455 tus
219 1411 367 1466 datus,
414 1412 515 1471 quia
561 1414 684 1455 Jesus
727 1411 924 1455 noudum
962 1420 1052 1454 erat
1079 1409 1382 1469 glorificatus?
1417 1431 1436 1454 »

48 1483 98 1524 In
140 1481 330 1526 evidenti
369 1492 431 1526 est
478 1481 738 1525 intellectus.
778 1484 874 1527 Non
914 1481 1028 1524 enim
1060 1497 1149 1525 non
1183 1491 1273 1525 erat
1304 1483 1438 1542 Spiri-

49 1561 116 1596 tus
151 1553 249 1607 Dei,
281 1554 355 1613 qui
380 1563 470 1597 erat
500 1552 616 1612 apud
648 1557 818 1597 Deum:
845 1554 920 1596 sed
954 1553 1151 1597 nondum
1180 1564 1271 1598 erat
1300 1554 1344 1597 in
1379 1556 1438 1600 eis

46 1624 121 1683 qui
157 1623 432 1668 crediderant
454 1624 498 1667 in
527 1626 690 1668 Jesum.
726 1627 790 1667 lta
828 1624 945 1667 enim
979 1623 1189 1684 disposuit
1227 1625 1437 1671 Dominus

45 1696 195 1749 Jesus‚
227 1709 316 1738 nou
349 1695 406 1737 eis
441 1695 545 1738 dare
570 1694 778 1753 Spiritum
811 1694 941 1738 istum
977 1694 1031 1738 de
1060 1710 1149 1756 quo
1183 1695 1432 1756 loquimur,

44 1765 123 1808 nisi
146 1774 242 1824 post
265 1766 623 1810 resurrectionem
650 1781 794 1823 suam,
819 1774 861 1809 et
884 1767 966 1810 hoc
989 1782 1078 1811 non
1098 1767 1189 1810 sine
1217 1783 1358 1814 causa.
1380 1772 1436 1814 Et

44 1836 156 1880 forte
169 1837 201 1880 si
218 1852 464 1896 quaeramus
482 1859 492 1894 3
513 1846 677 1881 annuet
691 1846 741 1880 ut
758 1837 1028 1882 inveniamus
1046 1858 1053 1882 :
1074 1848 1116 1882 et
1137 1839 1170 1882 si
1192 1839 1429 1898 pulsemus,

43 1908 206 1966 aperiet
220 1917 270 1951 ut
284 1908 511 1951 intremus.
532 1908 673 1951 Pietas
696 1907 855 1966 pulsat,
876 1923 965 1952 non
981 1924 1134 1953 manus
1154 1926 1430 1972 :quanquam

40 1977 183 2037 pulsat
211 1987 255 2022 et
276 1994 452 2033 manus,
483 1979 515 2022 si
540 1978 593 2022 ab
615 1979 819 2038 operibus
844 1979 1149 2025 misericordiae
1174 1998 1262 2026 non
1297 1993 1432 2028 cesset

41 2063 208 2092 manus.
231 2052 334 2102 Quae
356 2049 488 2107 igitur
511 2064 638 2093 causa
662 2059 749 2104 est,
790 2065 867 2094 cur
900 2051 1108 2096 Dominus
1131 2055 1252 2097 Jesus
1281 2055 1429 2099 Chris-

39 2128 109 2163 tus
127 2120 326 2163 statuerit
352 2135 443 2163 non
470 2120 553 2164 nisi
574 2136 674 2164 cum
703 2130 812 2165 esset
846 2121 1111 2180 glorificatus
1128 2159 1138 2178 ,
1165 2124 1267 2168 dare
1292 2126 1428 2185 Spiri-

38 2199 132 2234 tum
177 2192 406 2234 sanctum?
441 2192 569 2244 Quod
596 2201 829 2252 antequam
866 2194 1061 2239 dicamus
1090 2204 1139 2239 ut
1179 2211 1423 2255 possumus,

37 2260 156 2319 prius
177 2260 463 2320 quaerendum
493 2270 555 2305 est
571 2297 582 2317 ,
604 2278 658 2306 ne
679 2279 809 2323 quem
845 2264 957 2309 forte
977 2275 1172 2320 moveat,
1203 2267 1426 2326 quomodo

37 2329 236 2374 nondum
259 2339 350 2374 erat
376 2331 557 2389 Spiritus
585 2333 894 2379 iubominibus
916 2337 1070 2379 sanctis
1091 2371 1100 2390 ,
1122 2352 1219 2381 cum
1249 2338 1303 2381 de
1332 2339 1425 2397 ipso

34 2401 220 2445 Domino
243 2416 390 2445 recens
418 2411 520 2446 nato
547 2402 715 2461 legatur
735 2405 781 2448 in
805 2407 1040 2467 Evangelio
1059 2443 1069 2461 ,
1108 2408 1226 2468 quod
1256 2424 1353 2452 eum
1379 2410 1422 2452 in

38 2471 198 2529 Spiritu
232 2480 379 2516 sancto
401 2475 623 2530 agnoverit
655 2475 824 2521 Simeon
844 2512 855 2531 ,
891 2479 1111 2535 agnoverit
1145 2480 1272 2522 etiarn
1298 2484 1421 2523 Anna

86 2562 91 2576 ¹
117 2555 230 2587 Matth.
252 2566 346 2594 xxvr,
365 2556 418 2598 33,
436 2562 499 2589 etc.
