1825 3214
287 232 328 257 lN
363 230 537 257 soanms
571 227 876 268 animumn,
911 230 1057 258 TRACT.
1096 233 1251 259 xxviii.
1377 222 1459 259 325

140 299 213 341 tv.
242 297 448 351 Diximus,
475 295 642 350 fratres,
668 296 742 355 qui
762 295 950 340 fuerint:
977 298 1202 341 audiamus
1224 297 1331 358 quid
1350 298 1465 342 dixe-

78 368 179 412 rint.
213 386 232 408 «
265 368 413 411 Transi
448 366 576 420 hine,
605 375 648 409 et
676 366 784 410 vade
805 366 847 410 in
883 367 1079 410 Judoeam
1098 403 1108 421 ,
1132 377 1178 411 ut
1201 379 1237 412 ct
1265 369 1462 428 discipuli

80 456 100 480 »
136 439 199 482 tui
217 437 395 481 videant
416 453 544 497 opera
570 448 665 491 tua,
700 453 798 497 quse
829 447 875 481 tu
901 437 1003 481 facis
1021 441 1048 480 ¹.
1087 457 1105 478 »
1133 442 1271 497 Opera
1296 441 1463 484 Domini

77 508 310 568 discipulos
337 524 424 553 non
447 509 665 563 latebant,
687 508 760 552 sed
781 509 882 552 istos
907 509 1114 552 latebant.
1145 511 1213 553 lsti
1239 511 1352 553 onim
1381 512 1468 555 fra-

81 587 185 634 tres,
205 579 249 622 id
272 587 362 632 est,
388 579 722 636 consanguinei,
748 579 969 623 Christum
993 581 1365 637 consanguineum
1392 583 1468 625 ha-

79 651 182 694 bere
204 660 460 709 potuerunt,
477 650 653 694 credere
671 660 816 694 autem
839 651 882 694 in
908 666 1007 694 eum
1030 652 1115 710 ips-:1
1144 653 1470 712 propinquitate

79 721 370 766 lastidierunt.
402 722 569 765 Dictum
594 730 656 764 est
678 721 722 764 in
744 721 980 778 Evangelio
1002 742 1010 765 :
1038 737 1126 765 nou
1145 723 1259 765 enim
1287 724 1368 766 hoc
1394 739 1470 767 nos

78 791 288 837 audemus
318 793 513 851 opinari,
551 791 680 836 modo
715 791 907 836 audistis.
945 793 1150 848 Addunt,
1192 803 1235 837 et
1259 805 1467 850 mouent,

82 884 102 907 «
137 867 274 909 Nemo
292 865 405 908 enim
430 865 472 908 in
496 864 670 908 occulto
693 863 800 924 quid
827 862 954 919 facit,
981 875 1023 908 et
1041 866 1198 925 qurerit
1214 866 1303 925 ipse
1327 867 1371 910 in
1390 883 1469 926 pa-

82 955 102 977 »
137 936 224 980 lam
242 951 331 980 esse
353 955 361 979 :
387 936 420 979 si
452 937 544 980 brec
564 936 692 990 facis,
720 935 943 981 manifesta
968 946 1011 980 te
1032 937 1172 996 ipsum
1198 939 1366 982 mundo
1382 942 1414 982 ².
1446 959 1465 979 n

80 1010 137 1051 Et
174 1007 400 1059 continuo,
429 1026 449 1048 «
484 1009 636 1066 Neque
674 1007 790 1050 enim
824 1006 976 1050 fratres
1018 1008 1108 1066 ejus
1146 1008 1384 1052 credebant
1427 1010 1470 1052 iu

83 1097 102 1119 »
139 1093 238 1121 eum
254 1080 285 1122 ³.
316 1096 335 1118 »
357 1080 500 1130 Quare
525 1078 568 1120 in
593 1093 693 1121 eum
716 1093 803 1122 non
822 1079 1090 1122 credebant?
1110 1080 1211 1139 quia
1235 1081 1471 1124 humanam

80 1148 260 1207 gloriam
286 1148 579 1208 requirebant.
605 1151 713 1193 Nam
737 1159 780 1192 et
803 1150 922 1208 quod
941 1165 1041 1193 eum
1065 1149 1272 1194 videntur
1293 1166 1472 1195 monere

78 1219 259 1273 fratres,
286 1219 433 1278 gloriae
471 1220 604 1278 ipsius
638 1220 888 1264 consulunt.
918 1221 1040 1264 Facis
1078 1221 1320 1277 mirabilia,
1347 1223 1474 1265 inno-

80 1300 194 1335 tesce
209 1326 220 1345 ,
247 1290 292 1334 id
314 1300 403 1344 est,
427 1306 585 1350 appare
615 1291 818 1335 omnibus
842 1300 891 1335 ut
908 1291 1075 1335 laudari
1099 1292 1230 1351 possis
1253 1293 1306 1336 ab
1328 1295 1473 1337 omni-

80 1362 176 1405 bus.
205 1363 486 1421 Loquehatur
503 1378 604 1406 caro
627 1364 745 1406 carni
765 1382 772 1407 :
789 1364 863 1407 sed
879 1378 978 1407 caro
994 1363 1086 1406 sine
1108 1366 1211 1417 Deo,
1232 1364 1349 1407 carni
1373 1381 1473 1408 cum

79 1436 184 1476 Deo.
211 1434 494 1492 Loquebatur
510 1434 623 1476 enim
649 1432 882 1491 prudentia
895 1434 1035 1477 carnis
1059 1434 1205 1477 Verbo
1228 1436 1349 1493 quod
1371 1451 1472 1479 caro

81 1504 249 1548 factum
274 1513 338 1547 est
359 1514 401 1548 et
424 1504 637 1548 habitavit
659 1505 703 1547 in
727 1504 867 1548 nobis.

140 1577 191 1618 V.
219 1574 333 1628 Quid
357 1575 409 1619 ad
435 1577 528 1619 haec
554 1576 794 1619 Dominus?
820 1595 837 1615 «
862 1575 974 1619 Dicit
992 1591 1095 1633 ergo
1116 1577 1175 1620 eis
1193 1579 1333 1632 Jews,
1354 1580 1477 1620 Tem-

80 1664 100 1687 »
136 1661 217 1705 pus
241 1661 388 1689 meum
417 1647 613 1690 nondum
638 1647 774 1700 venit,
793 1654 965 1705 tempus
989 1656 1133 1690 autem
1154 1657 1343 1692 vestrum
1369 1664 1476 1692 sem-

81 1735 101 1758 »
138 1731 214 1775 per
230 1726 294 1760 est
318 1726 533 1775 paratum.
550 1717 699 1769 »Quid
722 1726 785 1760 est
809 1718 920 1761 hoc?
937 1717 1143 1762 Nondum
1171 1729 1348 1762 venerat
1364 1729 1476 1763 teni-

77 1802 158 1846 pus
180 1787 373 1831 Christi?
395 1789 540 1839 Quare
568 1801 670 1843 ergo
696 1788 894 1831 Christus
921 1798 1121 1843 venerat,
1143 1789 1175 1832 si
1196 1799 1367 1848 tempus
1385 1791 1475 1850 ejus

79 1857 276 1902 nondum
300 1859 671 1900 veneratPNonne
695 1858 940 1902 audivimus
960 1858 1216 1917 Apostolum
1237 1859 1472 1916 dicentem,

83 1948 102 1971 «
136 1932 249 1974 Cum
273 1939 417 1973 autem
457 1930 576 1972 venit
600 1928 828 1987 plenitudo
850 1930 1057 1989 temporis
1074 1966 1084 1984 ,
1110 1931 1225 1974 misit
1266 1935 1376 1975 Deus
1400 1933 1476 1975 Fi-

86 2019 105 2040 »
139 2000 246 2043 lium
266 2016 393 2043 suum
411 2001 455 2041 ⁴?
481 2019 500 2039 η
537 2000 575 2043 Si
603 2015 706 2057 orgo
729 1999 772 2042 in
796 1999 1070 2058 plenitudine
1096 2002 1301 2059 temporis
1321 2003 1475 2046 missus

82 2080 173 2124 θεῖς
198 2071 375 2130 quando
404 2071 557 2114 debuit
587 2072 737 2113 missus
760 2080 844 2125 est,
871 2071 1049 2131 quando
1087 2073 1282 2130 oportuit
1315 2075 1435 2118 venit
1462 2094 1469 2119 2

75 2141 183 2201 quid
206 2150 269 2185 est
286 2176 296 2195 ,
327 2161 341 2180 «
377 2144 563 2200 Tempus
586 2157 733 2185 meum
755 2142 954 2186 nondum
977 2143 1128 2186 venit?
1155 2163 1172 2184 η
1207 2143 1441 2203 intelligite
1459 2181 1470 2199 ,

78 2213 254 2264 fratres,
287 2227 375 2270 quo
408 2212 554 2256 animo
591 2211 652 2254 illi
683 2211 1006 2272 loquebantur,
1033 2214 1109 2272 qui
1144 2215 1264 2273 quasi
1298 2214 1469 2259 fratrom

78 2298 207 2326 suum
232 2297 408 2326 monere
424 2281 702 2325 videbantur.
717 2283 886 2326 Dabant
901 2284 937 2326 ei
956 2283 1182 2327 consilium
1207 2301 1474 2345 consequen-

78 2353 146 2397 dae
169 2353 334 2411 gloriae,
356 2353 491 2396 veluti
514 2352 777 2396 speculan-iter
795 2363 836 2397 et
855 2363 1026 2398 terreno
1046 2356 1207 2399 affeetu
1227 2367 1467 2411 monentes,

79 2438 134 2466 ne
169 2435 279 2466 esset
311 2423 515 2481 ignobilis
549 2433 592 2467 et
625 2423 814 2467 latitaret
836 2426 982 2483 :quod
1022 2440 1124 2482 ergo
1146 2427 1204 2469 ait
1232 2428 1467 2480 Dominus,

83 2511 103 2535 «
141 2496 328 2553 Tempus
350 2509 496 2537 meum
520 2496 718 2538 nondum
748 2494 897 2550 venit,
927 2514 946 2535 n
972 2495 1054 2538 illis
1085 2498 1304 2555 respondit
1328 2498 1399 2555 qui
1433 2498 1469 2539 oi

131 2581 232 2609 *Jtffln
264 2590 321 2612 vn„
342 2580 369 2611 3.
387 2597 427 2601 —
445 2587 457 2601 '²
480 2579 556 2611 ibid.
582 2580 610 2611 5.
635 2598 672 2601 -
695 2578 795 2611 31bi=l
834 2580 866 2610 (ἶ.
892 2598 932 2602 -
958 2580 1185 2616 4⁴}:³!;1t.1v.'·
