1825 3214
275 236 318 262 nv
350 234 523 261 somnis
556 230 865 269 Evmossuom,
900 233 1045 260 Tutior.
1083 233 1204 260 xxxv.
1339 221 1423 260 389

41 311 84 346 et
103 302 194 346 sine
211 300 376 344 lumine
392 315 477 344 non
501 307 622 358 potes
643 297 790 341 videre
810 298 1040 356 quodlibet
1059 297 1176 341 aliud
1195 297 1314 359 quod
1335 313 1424 342 non

42 382 102 417 cst
123 373 286 416 lumen.
305 372 346 416 Si
365 370 569 414 idoneum
586 378 648 413 est
663 363 809 413 lumen
832 369 884 413 ad
904 370 1240 414 demonstranda
1258 387 1306 414 ea
1329 387 1426 430 qum

42 459 131 487 non
154 452 253 487 sunt
276 442 457 495 lumina,
480 440 697 500 numquid
713 440 756 483 in
780 455 824 484 se
845 439 1022 483 deficit?
1046 441 1259 499 numquid
1278 456 1427 485 senon

42 515 199 574 aperit,
232 514 323 557 sine
357 528 445 571 quo
478 512 558 555 alia
595 521 740 570 patere
766 526 854 555 non
886 512 1099 570 possunt?
1137 514 1326 555 Locutus
1365 521 1428 556 cst

43 585 258 643 Propheta
280 598 429 627 verum
464 602 473 628 2
499 581 574 626 sed
598 582 716 626 unde
740 582 941 636 haberet,
975 581 1055 625 nisi
1086 580 1141 624 de
1167 582 1287 625 fonte
1313 583 1428 626 veri-

42 655 140 700 tatis
162 654 390 698 hauriret?
412 657 603 697 Locutus
623 662 686 696 est
708 655 898 697 Joannes
917 667 1069 696 verum
1093 671 1101 696 :
1125 651 1199 695 sed
1222 652 1340 696 unde
1363 653 1431 696 lo-

42 735 169 771 cutus
187 734 251 769 est
266 760 276 779 ‚
298 725 438 783 ipsum
463 725 680 782 interroga
704 742 712 768 :
734 726 852 768 «Nos
870 738 1019 767 omnes
1036 757 1046 777 ‚
1072 722 1238 782 inquit,
1263 722 1317 766 de
1340 722 1432 782 ple-

45 816 66 839 »
101 796 301 840 nitudine
319 797 410 854 ejus
433 794 719 853 accepimus¹.
749 812 768 834 »
795 797 909 852 Ergo
932 795 1115 838 idoneus
1138 803 1201 838 est
1222 795 1432 838 Dominus

42 877 189 913 noster
201 870 327 911 Jesus
341 866 554 919 Christus,
570 864 646 925 qui
670 865 748 909 sibi
768 866 991 924 perhibeat
1013 865 1322 910 testimonium.
1347 864 1432 910 Sed

42 938 199 998 plane,
235 936 387 981 fratres
416 936 501 980 mei
520 972 530 991 ,
571 936 615 979 in
637 945 764 980 nocte
794 937 923 995 hujus
954 935 1099 980 saeculi
1140 935 1366 980 audiamus
1389 945 1432 980 et

41 1010 314 1069 prophetiam
338 1009 502 1051 intente
525 1027 532 1051 :
554 1006 686 1051 modo
709 1007 824 1051 enim
853 1006 907 1050 ad
935 1005 1214 1066 fragilitatem
1240 1016 1431 1051 nostram

42 1089 366 1139 nocturnasque
394 1078 534 1123 cordis
562 1079 695 1122 nostri
724 1078 896 1122 intimas
925 1079 1125 1122 tenebras
1148 1078 1324 1122 humilis
1353 1093 1432 1122 vo-

43 1152 125 1198 luit
141 1152 287 1195 venire
313 1151 519 1194 Dominus
542 1158 701 1194 noster.
730 1152 871 1193 Homo
888 1150 1007 1194 venit
1025 1149 1370 1194 contemnendus
1389 1159 1433 1194 et

43 1221 348 1276 honorandus,
371 1221 490 1265 venit
513 1220 736 1278 negandus
759 1228 802 1263 et
824 1221 1126 1278 confitendus,
1147 1229 1433 1265 contemnen-

43 1294 124 1339 dus
147 1303 190 1338 et
212 1292 433 1352 negandus
457 1308 477 1336 a
509 1291 696 1346 Judaeis‚
727 1291 1009 1336 honorandus
1031 1302 1074 1336 ct
1103 1292 1378 1337 confitendus
1409 1308 1432 1336 a

43 1366 168 1410 nohis
186 1385 195 1410 :
209 1364 472 1425 judicandus
494 1373 536 1408 et
553 1362 851 1423 judicaturus,
865 1363 1127 1423 judicandus
1152 1364 1308 1423 injuste
1324 1399 1334 1418 ,
1355 1365 1433 1423 ju-

42 1437 263 1482 dicaturus
279 1438 410 1496 juste.
426 1434 537 1479 Talis
557 1449 658 1492 ergo
680 1435 827 1489 venit,
844 1444 894 1478 ut
913 1444 1135 1494 oporteret
1152 1435 1190 1478 ei
1208 1435 1433 1478 lucernam

42 1509 338 1553 testimonium
362 1506 605 1565 perhibere.
634 1507 743 1551 Nam
766 1506 874 1566 quid
896 1521 1004 1565 opus
1035 1515 1147 1560 erat,
1173 1516 1223 1550 ut
1245 1509 1432 1550 Joannes

42 1588 252 1638 tanquam
275 1577 451 1621 lucerna
476 1575 722 1635 perhiberet
739 1576 1034 1620 testimonium
1058 1575 1158 1630 diei,
1175 1576 1208 1619 si
1231 1576 1321 1620 dies
1342 1576 1433 1635 ipse

44 1649 99 1694 ab
121 1648 373 1692 infirmitate
395 1656 539 1690 nostra
567 1655 707 1704 posset
728 1645 901 1690 videri?
926 1646 1008 1690 Sed
1033 1661 1119 1689 non
1145 1655 1393 1704 poteramus
1420 1665 1430 1691 :

43 1720 240 1763 infirmus
264 1717 403 1762 sactus
419 1726 483 1760 est
498 1717 697 1770 infirmis,
720 1732 796 1775 per
818 1717 1113 1760 infirmitatem
1137 1717 1302 1760 sanavit
1319 1717 1434 1760 infir-

43 1791 238 1834 mitatem
258 1808 265 1833 :
292 1804 368 1848 per
390 1786 617 1831 mortalem
637 1802 828 1841 carnem,
854 1788 994 1831 carnis
1012 1787 1191 1831 abstulit
1212 1797 1396 1831 mortem
1421 1807 1429 1832 :

43 1859 98 1904 de
131 1874 312 1918 corpore
337 1874 415 1902 suo
437 1856 670 1914 collyrium
707 1855 808 1901 fecit
841 1856 1086 1901 luminibus
1122 1858 1295 1901 nostris.
1322 1859 1434 1911 Quia

44 1946 147 1989 ergo
184 1929 391 1973 Dominus
427 1927 572 1980 venit,
599 1934 641 1969 et
660 1926 723 1968 'in
750 1935 879 1970 nocte
907 1926 1055 1971 saeculi
1078 1926 1222 1971 adhuc
1254 1943 1431 1983 sumus,

45 2008 217 2059 oportet
240 2008 289 2043 ut
311 2008 354 2042 et
377 1996 625 2057 prophetias
657 1995 899 2040 audiamus.

105 2073 206 2114 Vll.
223 2072 332 2115 Nam
346 2068 400 2112 de
418 2067 644 2127 prophetia
669 2067 968 2111 convincimus
991 2067 1335 2112 contradicentes
1358 2071 1437 2112 Pa-

47 2155 195 2201 ganos.
234 2139 337 2192 Quis
370 2147 434 2182 est
455 2137 652 2182 Christus
668 2172 680 2191 ‚
715 2137 822 2182 dicit
845 2140 1074 2196 PaganusP
1095 2138 1178 2183 Cui
1197 2137 1435 2197 responde-

47 2228 163 2265 mus,
185 2215 322 2264 Quem
339 2208 744 2268 praenuntiaverunt
766 2210 1012 2268 Prophetae.
1040 2212 1096 2253 Et
1111 2208 1200 2264 ille,
1225 2210 1311 2263 Qui
1327 2213 1436 2255 Pro-

49 2283 225 2343 phetae?
261 2281 510 2325 Recitamus
542 2281 726 2334 Isaram,
764 2280 1009 2336 Danielem,
1047 2281 1306 2333 Jeremiam,
1331 2279 1437 2325 alios

50 2362 219 2398 sanctos
238 2351 475 2410 Prophetas
491 2384 502 2404 ,
522 2347 708 2392 dicimus
724 2365 855 2410 quam
884 2350 1015 2410 longe
1037 2360 1138 2395 ante
1159 2350 1283 2395 illum
1304 2364 1436 2394 vene-

51 2424 163 2477 rint,
195 2431 360 2482 quanto
394 2431 589 2482 ternpore
612 2422 850 2466 adventum
884 2423 977 2482 ejus
1008 2423 1318 2482 praecesserint.
1345 2424 1439 2465 Hoc

52 2509 155 2553 ergo
188 2491 527 2552 respondemus,
563 2497 876 2538 Praevenerunt
909 2507 1011 2538 eum
1035 2494 1284 2552 Prophetae,
1320 2506 1440 2550 praer-

101 2585 110 2601 ¹
134 2581 223 2611 Joan.
249 2579 345 2619 1,16.
