1809 3173
365 198 438 235 178
781 205 810 232 S-
852 204 931 233 Auo
943 208 1076 233 us‘rffll
1113 207 1289 234 eviscovi

355 275 499 326 timus,
519 272 620 330 quia
637 275 745 315 Deus
762 272 1052 325 Ve1·bum,«et
1068 273 1210 315 omnia
1227 272 1729 331 peripsumfactasunt.»

355 347 470 386 l'onc
487 342 618 401 igitur
634 345 802 386 Patrem
832 351 1038 401 tanquam
1064 342 1265 397 fabrum,
1291 341 1494 401 quaedam
1513 357 1641 400 opera
1666 342 1732 385 fa-

349 413 533 456 cientem
550 446 560 466 ,
588 411 748 455 Filium
771 420 917 455 autem
941 420 1148 470 tanquam
1181 411 1445 470 discipulum
1462 445 1473 465 ,
1499 411 1573 470 qui
1600 429 1618 452 «
1637 413 1734 456 Non

353 500 372 523 »
408 490 549 541 potest
571 480 712 526 facere
735 480 1001 540 quidquam,
1038 480 1117 523 nisi
1140 480 1259 539 quod
1282 480 1438 524 viderit
1468 483 1640 524 Patrem
1666 479 1734 524 fa-

351 570 370 593 »
406 553 593 596 cientem
615 553 667 597 :''»
688 550 878 594 intendit
899 551 1015 593 enim
1039 549 1232 609 quodam
1255 550 1386 594 modo
1408 551 1454 593 in
1475 565 1628 594 manus
1652 553 1735 594 Pa-

351 623 450 679 tris,
480 632 530 667 ut
561 620 786 682 quomodo
814 620 970 665 viderit
999 635 1099 664 eum
1120 620 1357 675 fabricare,
1388 621 1446 664 sic
1468 629 1512 664 et
1537 621 1628 679 ipse
1650 620 1736 664 tale

347 693 512 753 aliquid
534 692 716 737 fabricet
738 691 784 733 in
806 690 1012 749 operibus
1035 690 1137 734 suis.
1163 689 1248 734 Sed
1267 694 1392 734 Pater
1410 690 1488 734 iste
1506 690 1650 734 omnia
1662 689 1736 735 illa

346 779 446 823 quae
469 762 599 817 facit,
626 770 671 805 et
693 759 788 804 vult
811 768 862 803 ut
888 759 1085 803 attendat
1112 774 1214 803 eum
1232 759 1367 804 Filius
1394 769 1439 804 et
1461 759 1563 804 talia
1582 760 1734 819 etipse

346 834 476 879 faciat
492 868 503 888 ,
529 848 606 892 per
636 846 769 891 quem
798 830 927 874 facit?
956 831 1033 874 Eia
1060 845 1178 874 nunc
1210 839 1274 874 est
1298 840 1347 875 ut
1375 830 1485 875 adsis
1507 831 1735 875 sententiae

351 912 437 947 tuae
460 902 616 962 priori,
634 915 767 961 quam
791 914 964 943 mecum
985 899 1235 943 recensuisti
1253 915 1516 960 mecumque
1535 901 1732 956 tenuisti,

350 974 451 1033 quia
468 974 511 1016 in
530 971 745 1031 principio
766 969 976 1025 Verbum,
994 978 1036 1013 et
1054 969 1172 1028 apud
1186 972 1325 1013 Deum
1340 971 1551 1025 Verbum,
1566 980 1609 1015 et
1624 974 1736 1015 Deus

348 1045 543 1088 Verbum
560 1077 572 1098 ,
589 1052 633 1086 et
646 1041 793 1086 omnia
811 1056 886 1100 per
900 1040 1044 1099 ipsum
1061 1040 1177 1085 facta
1200 1050 1315 1086 sunt.
1337 1044 1402 1085 Tu
1417 1057 1519 1100 ergo
1533 1057 1633 1086 cum
1649 1057 1737 1086 me·

346 1129 447 1159 cum
479 1112 694 1165 tenueris,
725 1111 827 1171 quia
859 1126 935 1170 per
958 1111 1151 1155 Verbum
1177 1110 1290 1155 iacta
1318 1121 1419 1155 sunt
1446 1113 1617 1170 omnia,
1638 1128 1736 1158 rur-

346 1201 442 1230 sum
478 1183 639 1228 carnali
667 1198 818 1242 sapore
844 1191 887 1226 et
915 1182 1072 1241 puerili
1106 1191 1230 1227 motu
1259 1182 1363 1227 facis
1392 1183 1472 1227 tibi
1510 1184 1556 1227 in
1589 1184 1734 1229 animo

346 1259 485 1299 Deum
502 1253 750 1308 facientem,
770 1262 814 1297 et
837 1253 1031 1296 Verbum
1047 1252 1345 1298 attendentem
1363 1288 1374 1309 ,
1391 1263 1441 1298 ut
1462 1269 1563 1298 cum
1584 1252 1734 1299 fecerit

347 1330 460 1370 Deus
475 1360 486 1380 ,
510 1323 638 1369 faciat
655 1334 697 1368 et
718 1323 926 1367 Verbum.
944 1323 1061 1375 Quid
1078 1323 1194 1367 enim
1211 1322 1314 1368 facit
1330 1327 1443 1368 Deus
1457 1333 1612 1383 praeter
1624 1326 1734 1368 Ver-

349 1397 484 1440 bum?
509 1395 550 1439 Si
577 1394 692 1437 enim
714 1393 848 1448 facit,
881 1408 971 1438 non
983 1395 1128 1438 omnia
1150 1409 1226 1453 per
1256 1395 1452 1438 Verbum
1471 1392 1585 1438 facta
1604 1403 1706 1438 sunt
1721 1428 1734 1449 ,

348 1465 572 1525 perdidisti
586 1466 707 1525 quod
725 1465 901 1508 tenebas
922 1484 929 1508 :
947 1465 981 1508 si
998 1473 1144 1508 autem
1163 1465 1308 1509 omnia
1323 1481 1400 1524 per
1412 1465 1607 1509 Verbum
1621 1465 1736 1510 facta

347 1546 449 1581 sunt
463 1571 474 1592 ,
493 1538 657 1595 corrige
682 1535 803 1595 quod
822 1535 932 1580 male
957 1535 1247 1594 intelligebas.
1270 1537 1392 1580 Fecit
1417 1540 1564 1591 Pater,
1585 1545 1629 1581 et
1648 1552 1739 1581 non

346 1609 450 1653 fecit
470 1608 551 1651 nisi
572 1623 647 1667 per
662 1608 858 1650 Verbum
878 1606 1127 1666 :quomodo
1155 1606 1342 1650 attendit
1359 1606 1553 1650 Verbum
1569 1641 1580 1661 ,
1602 1615 1651 1650 ut
1673 1607 1738 1651 vi-

348 1679 449 1723 deat
470 1682 641 1723 Patrem
670 1678 904 1722 facientem
931 1678 1022 1721 sine
1042 1678 1189 1722 Verbo
1206 1712 1217 1733 ,
1243 1677 1364 1737 quod
1395 1676 1589 1722 similiter
1611 1676 1740 1722 faciat
1797 1710 1799 1713 -

356 1750 546 1794 Verbum
559 1752 577 1792 P
590 1749 812 1809 Quidquid
825 1749 930 1793 fecit
946 1752 1094 1804 Pater,
1110 1764 1186 1808 per
1199 1750 1390 1793 Verbum
1413 1748 1516 1793 fecit
1535 1768 1544 1794 2
1565 1758 1640 1792 aut
1654 1747 1738 1792 fal-
1806 1746 1808 1749 ’

351 1835 448 1865 sum
479 1829 570 1876 est,
602 1821 753 1864 Omnia
778 1834 855 1878 per
877 1819 1017 1878 ipsum
1044 1817 1157 1863 facta
1195 1828 1312 1863 sunt.
1353 1819 1437 1864 Sed
1469 1835 1622 1864 verum
1651 1828 1736 1874 est,

353 1891 509 1935 Omnia
533 1906 610 1950 per
629 1891 769 1950 ipsum
792 1889 905 1933 facta
927 1898 1043 1932 sunt.
1074 1892 1232 1933 Parum
1254 1888 1434 1934 fortasse
1460 1889 1540 1933 tibi
1560 1889 1740 1934 videba-
1803 1947 1806 1949 Δ

356 1964 452 2007 tur?
476 1966 532 2006 Et
548 1964 638 2006 sine
660 1962 754 2021 ipso
771 1960 936 2005 factum
956 1969 1021 2004 est
1037 1960 1161 2004 nihil.

414 2035 490 2077 VI.
518 2032 688 2076 Recede
712 2047 814 2090 ergo
833 2032 888 2075 ab
905 2031 985 2074 ista
1003 2030 1143 2074 carnis
1162 2031 1410 2090 prudentia,
1431 2039 1474 2075 et
1495 2045 1741 2090 quaeramus

357 2104 731 2164 quemadmodum
751 2104 918 2147 dictum
937 2102 1005 2157 sit,
1027 2121 1043 2141 «
1066 2105 1162 2147 Non
1180 2111 1321 2162 potest
1344 2102 1478 2146 Filius
1499 2117 1521 2145 a
1543 2100 1744 2146 sefacere
1802 2160 1804 2166 γ

360 2193 381 2216 »
416 2175 679 2234 quidquam,
705 2174 784 2217 nisi
806 2172 927 2232 quod
949 2172 1104 2216 viderit
1127 2176 1295 2216 Patrem
1322 2170 1597 2216 facientem»
1610 2174 1744 2225 Quae·
1802 2210 1809 2214 ,,

359 2259 519 2298 ramus,
545 2245 577 2288 si
598 2244 719 2302 digni
737 2258 884 2287 sumus
901 2242 978 2302 qui
999 2243 1390 2302 apprehendamus
1417 2245 1574 2286 Fateor
1596 2242 1710 2285 enim
1731 2275 1742 2297 ,

360 2331 516 2374 magna
536 2330 600 2359 res
629 2324 717 2368 est,
749 2313 884 2358 ardua
910 2314 1089 2357 omnino
1107 2348 1117 2368 ,
1147 2313 1291 2357 videre
1325 2317 1496 2357 Patrem
1518 2312 1747 2356 facientem
1800 2331 1809 2353 ·:

360 2401 437 2446 per
460 2385 641 2440 Filium,
678 2400 767 2428 non
795 2383 964 2442 singula
987 2399 1117 2443 opera
1151 2383 1382 2427 facientem
1408 2386 1578 2426 Patrem
1606 2391 1649 2426 et
1676 2381 1748 2425 Fi·
1800 2380 1809 2415 '·

357 2456 469 2500 lium
484 2491 496 2512 ,
535 2456 611 2500 sed
643 2454 872 2515 quodlibet
893 2469 1001 2512 opus
1036 2457 1207 2497 Patrem
1227 2469 1303 2513 per
1326 2453 1484 2497 Filium
1503 2487 1514 2508 ,
1550 2462 1600 2496 ut
1626 2450 1748 2496 nulla
1807 2490 1809 2493 .

361 2542 492 2586 opera
513 2527 620 2571 fiant
641 2525 710 2570 vel
732 2541 755 2568 a
778 2528 903 2569 Patre
927 2524 1017 2568 sine
1042 2523 1154 2569 Filio
1172 2558 1184 2580 ‚
1204 2522 1273 2569 vel
1294 2537 1319 2567 a
1335 2522 1448 2569 Filio
1476 2524 1567 2568 sine
1590 2526 1715 2567 Patre
1737 2540 1747 2567 ι
1806 2531 1809 2564 2
