1825 3214
280 216 323 242 ιΝ
355 214 528 243 somnus
561 214 869 254 animumn,
904 217 1051 246 rme-r.
1089 219 1192 246 xxv.
1355 207 1437 245 295

60 297 80 320 η
114 293 213 334 vos,
239 288 281 322 et
303 279 452 324 discite
473 296 494 323 a
520 295 588 324 me
609 281 711 339 quia
730 280 842 324 mitis
861 295 957 325 sum
981 289 1024 325 et
1046 281 1220 325 humilis
1242 281 1372 326 eorde
1395 286 1403 307 ¹
1428 302 1436 327 :

58 359 101 395 et
118 366 216 395 cum
242 351 322 394 boe
342 351 598 405 didiceritis,
630 352 853 396 invenietis
877 352 1069 412 requiem
1095 354 1320 397 animabus
1346 370 1442 398 ves-

60 421 158 476 tris,
185 421 301 466 unde
320 437 407 464 nou
430 422 658 481 ejiciamini
676 421 788 466 foras
811 441 820 467 ;
851 440 870 464 «
897 422 1007 475 Quia¹
1020 422 1221 466 descendi
1241 423 1294 467 de
1312 425 1441 480 cailo,

62 511 82 534 »
119 508 206 537 non
229 501 276 536 ut
302 491 453 536 faciam
476 492 744 538 voluntatem
770 508 910 537 meam
927 528 938 545 ‚
971 493 1045 537 scd
1068 492 1336 538 volumnum
1356 498 1446 555 ejus

63 581 83 604 »
119 563 193 622 qui
216 563 330 606 misit
352 578 419 606 me
440 583 448 607 :
479 582 498 604 »
524 563 812 608 bumilitatem
839 562 974 608 doceo
991 599 1002 617 ‚
1026 564 1079 607 ad
1103 579 1172 607 me
1195 565 1341 608 venire
1362 581 1450 609 non

61 643 202 694 potest
231 634 310 677 nisi
335 634 524 678 humilis.
559 637 655 679 Non
681 635 814 678 mittit
836 634 949 678 foras
977 635 1056 678 nisi
1083 635 1283 694 superbia
1306 655 1314 679 ι
1339 651 1452 695 quo-

64 704 195 750 modo
215 705 300 748 exit
328 704 440 749 foras
463 706 536 765 qui
559 714 697 749 servat
722 705 1007 749 bumilitatem
1024 741 1034 759 ‚
1061 715 1103 750 et
1133 722 1220 750 non
1244 706 1403 750 labitur
1425 710 1449 751 a

61 776 275 821 veritate?
300 777 417 821 Dicta
442 785 541 820 sunt
564 785 726 835 quanta
748 775 830 820 dici
862 786 1094 835 potuerunt
1117 777 1170 821 de
1193 778 1449 824 abscondito

65 863 220 901 sensu,
247 851 415 891 Fratres
445 866 454 891 :
482 847 580 891 satis
615 848 729 890 enim
769 848 836 891 bic
870 847 973 891 latet
1005 865 1179 902 sensuS,
1217 859 1259 893 et
1305 851 1447 896 nescio

67 928 215 963 utrum
238 918 440 977 congruis
462 918 603 962 verbis
618 934 639 962 a
661 934 729 962 me
746 919 798 962 sit
816 919 1101 979 depromptus
1116 929 1157 963 et
1176 921 1425 980 exsculptus
1441 958 1452 979 ‚

63 1005 198 1050 quare
218 988 315 1033 ideo
339 1004 426 1033 non
450 989 590 1048 ejiciat
614 988 726 1033 foras
747 990 823 1049 qui
844 991 962 1034 venit
987 990 1040 1034 ad
1062 990 1183 1034 illum
1201 1026 1212 1045 ‚
1237 992 1338 1052 quia
1361 1008 1451 1037 non

63 1060 183 1104 venit
212 1059 351 1104 facere
384 1059 656 1105 voluntatem
680 1075 825 1115 suam,
853 1060 928 1105 sed
956 1061 1226 1106 voluntatem
1259 1064 1350 1121 ejus
1381 1064 1456 1123 qui

63 1140 180 1175 misit
195 1145 310 1174 eum.

123 1203 244 1246 xlx.
276 1203 414 1246 «Haec
437 1209 501 1245 est
525 1210 700 1257 autem,
720 1201 883 1261 inquit,
908 1201 1110 1246 voluntas
1133 1202 1224 1262 ejus
1248 1203 1323 1263 qui
1345 1204 1462 1249 misit

67 1292 85 1315 »
103 1288 173 1317 me
186 1273 337 1327 Patris,
355 1281 405 1316 ut
419 1288 547 1317 omne
563 1272 683 1332 quod
692 1271 943 1325 deditmibi‚
956 1288 1044 1317 non
1061 1272 1238 1333 perdam
1253 1289 1303 1317 ex
1317 1289 1368 1318 eo
1380 1277 1413 1320 ².
1431 1293 1452 1317 »

65 1346 161 1403 lpse
184 1342 246 1387 illi
265 1344 392 1388 datus
409 1352 500 1398 est,
530 1344 604 1403 qui
624 1353 763 1388 servat
785 1343 1075 1388 humilitatem
1098 1366 1109 1402 3
1136 1346 1253 1389 hunc
1277 1345 1454 1405 accipit:

63 1415 138 1474 qui
160 1430 249 1459 non
272 1424 415 1459 servat
432 1414 751 1470 humilitatem,
774 1415 906 1474 longe
928 1425 990 1459 est
1013 1432 1035 1459 a
1055 1417 1260 1474 magistro
1279 1417 1459 1461 humili-

63 1486 176 1531 tatis.
199 1489 255 1531 Ut
278 1502 407 1530 omne
429 1487 550 1546 quod
572 1486 693 1530 dedit
707 1486 814 1530 mihi
830 1522 840 1541 ‚
867 1502 955 1530 non
974 1487 1153 1546 perdam
1171 1503 1221 1531 ex
1244 1503 1310 1532 eo.
1342 1507 1361 1529 «
1389 1488 1457 1533 Sic

65 1575 87 1599 »
121 1572 211 1601 non
246 1566 309 1602 est
339 1557 541 1601 voluntas
561 1558 606 1601 in
629 1566 866 1617 conspectu
889 1559 1025 1602 Patris
1046 1558 1204 1613 vestri,
1229 1568 1279 1603 ut
1309 1568 1458 1619 pereat

65 1645 86 1670 »
117 1643 230 1672 unus
253 1627 308 1672 de
330 1628 496 1688 pusillis
513 1628 651 1672 istis³.
681 1646 700 1669 n
728 1631 790 1672 De
814 1628 1085 1672 tumentibus
1119 1637 1259 1688 potest
1286 1629 1453 1688 perire,

63 1699 120 1743 de
137 1698 301 1758 pusillis
324 1699 432 1743 nihil
451 1699 562 1759 perit
583 1718 591 1743 z
612 1699 712 1759 quia
734 1699 812 1742 nisi
828 1697 995 1743 fueritis
1013 1699 1125 1743 sicut
1139 1699 1320 1759 pusillus
1344 1700 1423 1744 iste
1438 1736 1449 1757 ‚

61 1784 151 1814 non
176 1770 288 1813 intra
298 1770 396 1814 bitis
418 1769 463 1812 in
490 1785 671 1828 regnum
693 1769 907 1814 coelorum
927 1771 958 1813 4.
989 1789 1008 1812 «
1032 1771 1173 1814 Omne
1194 1772 1312 1830 quod
1331 1770 1453 1816 dedit

67 1860 85 1882 n
112 1840 218 1884 mihi
243 1843 389 1895 Pater,
406 1855 493 1884 non
517 1841 695 1899 perdam
718 1856 768 1884 ex
794 1856 871 1896 θος
892 1839 967 1884 sed
989 1841 1255 1885 resuscitabo
1276 1841 1386 1885 illud
1407 1843 1453 1886 in

63 1929 85 1952 »
111 1911 344 1955 novissimo
360 1910 636 1954 die.»Videte
652 1910 1021 1970 quemadmodum
1039 1912 1159 1956 ethic
1173 1913 1387 1969 geminam
1401 1912 1455 1957 il·-

62 1980 148 2025 lam
177 1982 536 2025 resurrectionem
558 1980 760 2025 delineet.
794 2001 811 2021 «
842 1982 926 2035 Qui
942 1982 1061 2026 venit
1078 1982 1131 2025 ad
1148 1998 1216 2026 me
1239 2018 1249 2037 ,
1271 2000 1290 2023 »
1317 1982 1450 2028 modo

62 2052 245 2110 resurgit
260 2050 434 2095 humilis
448 2051 586 2096 factus
599 2052 641 2094 in
655 2066 766 2095 mem
775 2052 857 2096 bris
871 2053 976 2096 meis
994 2071 1002 2096 ε
1020 2053 1094 2096 sed
1107 2062 1149 2096 et
1163 2054 1449 2098 «resuscitabo

65 2141 86 2164 »
111 2123 268 2166 eumin
279 2122 509 2166 novissimo
521 2123 636 2177 die‚»
649 2123 891 2167 secundum
906 2139 1095 2168 carnem.
1109 2144 1124 2163 «
1135 2126 1237 2169 Haec
1254 2134 1317 2168 est
1331 2125 1450 2169 enim

67 2214 85 2236 »
111 2194 311 2238 voluntas
326 2193 460 2236 Patris
476 2193 559 2236 mei
577 2194 651 2253 qui
667 2194 780 2238 misit
795 2209 888 2250 me,
908 2204 954 2239 ut
978 2195 1117 2239 omnis
1135 2196 1211 2255 qui
1232 2195 1352 2240 videt
1373 2197 1447 2240 Fi-

65 2283 86 2306 »
111 2264 219 2309 lium
236 2299 247 2314 ,
269 2274 312 2308 et
329 2265 465 2309 credit
487 2265 532 2308 in
554 2279 653 2308 eum
672 2300 682 2319 ‚
708 2266 866 2310 habeat
888 2268 1019 2311 vitam
1044 2276 1248 2311 aeternam
1270 2288 1280 2325 3
1305 2276 1347 2312 et
1369 2282 1449 2327 ego

68 2354 87 2377 »
112 2335 377 2379 resuscitabo
389 2335 547 2379 eumin
562 2335 792 2380 novissimo
807 2335 915 2381 die⁵.
937 2356 956 2378 n
977 2338 1180 2398 Superius
1193 2338 1315 2393 dixit,
1334 2339 1451 2391 «Qui

66 2424 88 2449 »
115 2406 237 2451 audit
252 2406 434 2450 verbum
447 2421 611 2461 meum,
638 2415 681 2450 et
692 2406 829 2452 credit
847 2408 885 2452 ei
901 2410 977 2469 qui
993 2409 1108 2453 misit
1125 2425 1194 2454 me
1210 2411 1225 2436 ⁰
1247 2429 1256 2454 z
1280 2429 1300 2451 »
1319 2409 1451 2454 modo

111 2509 121 2527 ¹
140 2503 261 2535 Matth.
280 2513 325 2544 xi,
343 2505 398 2544 ⁴28,
416 2511 471 2544 29.
487 2520 528 2526 —
549 2510 562 2525 ²
579 2506 672 2535 Joan.
690 2514 736 2543 vx,
759 2504 812 2546 39.
830 2521 869 2528 -
890 2503 903 2528 3
921 2506 1142 2547 Mattli.xv1n‚
1166 2506 1263 2547 14-
1277 2504 1437 2546 41bid.4.

66 2576 108 2583 -
125 2557 139 2582 5
158 2561 249 2593 Joan.
273 2571 319 2601 vi,
339 2559 393 2602 4ο.
411 2576 452 2583 —-
468 2558 544 2592 ⁶111.
565 2571 598 2601 v,
611 2558 673 2602 24.
