1809 3173
368 196 454 234 136
792 206 824 235 s.
864 208 1087 236 ΑυωυετῐΝι
1124 210 1163 236 επ
1179 211 1301 237 iscom

364 271 569 316 manabat
603 271 846 328 admiserit,
883 275 955 318 sed
991 276 1233 334 interrupto
1263 284 1407 318 meatu
1426 309 1436 328 ,
1476 283 1680 333 tanquam
1720 289 1742 317 a

364 341 497 386 sontis
522 343 690 386 tramite
711 353 903 403 separata
927 344 1078 396 suerit3
1104 361 1191 388 non
1213 345 1372 389 dicitur
1395 359 1502 404 aqua
1528 345 1620 387 viva
1640 364 1648 387 ε
1668 343 1742 387 scd

364 411 438 456 illa
457 428 565 473 aqua
589 414 682 457 viva
706 413 885 469 dicitur,
919 431 1018 474 quae
1045 431 1223 459 manans
1251 416 1478 474 excipitur.
1503 414 1614 457 Talis
1634 430 1743 472 aqua

365 492 456 526 crat
477 482 521 526 in
546 482 619 527 illo
636 484 771 528 fonte.
795 484 910 537 Quid
931 500 1032 543 ergo
1056 485 1336 543 promittebat
1353 485 1472 544 quod
1495 484 1696 543 petebat?

420 555 543 597 XIII.
573 556 734 597 Tamen
756 554 911 598 mulier
932 570 1134 613 suspensa
1151 555 1208 597 ait
1234 573 1242 597 :
1275 573 1293 594 «
1324 555 1517 606 Domine,
1540 569 1682 613 neque
1700 554 1743 596 in

367 640 389 665 »
424 639 511 683 quo
536 624 706 667 haurias
724 624 874 678 habes,
902 635 944 668 et
968 634 1124 684 puteus
1147 625 1258 668 altus
1277 635 1339 668 est
1364 627 1392 667 ¹.
1424 643 1442 665 »
1469 625 1621 668 Videte
1639 639 1746 683 quo-

364 693 496 738 modo
515 694 770 738 intellexerit
792 710 946 754 aquam
970 697 1128 749 vivam,
1159 710 1314 754 aquam
1334 694 1509 749 scilicet,
1535 711 1632 754 quae
1656 703 1746 738 erat

364 765 411 808 in
432 765 506 808 illo
529 764 665 809 fonte.
695 767 758 808 Tu
781 766 884 808 mihi
910 767 970 809 vis
997 767 1097 809 dare
1119 781 1275 825 aquam
1300 766 1464 819 vivam,
1486 775 1529 809 et
1552 780 1631 823 ego
1655 764 1746 807 fero

364 834 482 878 unde
505 835 724 888 hauriam,
750 844 792 877 et
817 844 863 877 tu
886 850 974 878 non
1002 834 1098 878 fers.
1127 839 1250 894 Aqua
1278 836 1376 879 viva
1410 835 1480 878 hic
1510 844 1600 888 est,
1633 849 1746 892 quo-

366 905 497 948 modo
520 905 623 946 mihi
653 905 831 947 daturus
855 907 925 948 es?
953 904 1085 948 Aliud
1102 905 1347 963 intelligens
1369 914 1411 948 et
1434 904 1659 947 carnaliter
1681 920 1748 946 sa-

366 974 487 1033 piens
504 973 693 1033 quodam
707 975 835 1018 modo
860 973 1015 1032 pulsat,
1038 984 1085 1017 ut
1101 976 1262 1034 aperiat
1276 975 1477 1031 magister
1496 973 1615 1033 quod
1633 973 1749 1017 clau-

365 1059 461 1088 sum
489 1054 565 1088 est.
596 1043 799 1088 Pulsabat
822 1044 1063 1102 ignorantia
1081 1080 1091 1099 ,
1124 1060 1213 1089 non
1244 1045 1387 1088 studio
1415 1064 1423 1089 ;
1457 1043 1599 1087 adhuc
1623 1044 1748 1087 mise-

367 1114 514 1167 randa,
540 1114 736 1157 nondum
754 1114 1021 1158 instruenda.

427 1186 544 1227 XIV.
584 1184 694 1227 Dicit
727 1184 891 1244 aliquid
927 1184 1170 1228 evidentius
1210 1185 1419 1228 Dominus
1448 1183 1502 1227 dc
1536 1182 1609 1226 illa
1639 1198 1748 1242 aqua

367 1255 477 1299 viva.
506 1256 673 1298 Dixerat
697 1255 811 1298 enim
835 1254 991 1298 mulier
1017 1274 1025 1299 ε
1057 1273 1075 1295 «
1100 1254 1324 1314 Numquid
1345 1263 1392 1298 tu
1410 1255 1546 1313 major
1564 1269 1607 1297 63
1628 1263 1749 1312 patre

373 1345 390 1365 »
427 1335 574 1369 nostro
597 1326 759 1379 Jacob,
790 1326 864 1384 qni
887 1325 1008 1368 dedit
1036 1325 1160 1368 nobis
1190 1334 1369 1383 puteum
1387 1359 1398 1378 ‚
1424 1334 1467 1368 et
1499 1325 1589 1382 ipse
1618 1339 1669 1367 ex
1698 1339 1749 1368 eo

371 1413 390 1435 n
428 1386 556 1449 bibi't,
581 1405 624 1438 61
647 1395 723 1438 filii
746 1397 836 1455 ejus
859 1403 901 1439 et
926 1410 1080 1454 pecora
1104 1396 1194 1454 ejus
1217 1397 1261 1436 2?
1287 1414 1305 1435 »
1335 1398 1394 1438 De
1416 1395 1498 1438 hac
1520 1410 1631 1454 aqua
1652 1395 1749 1439 viva
1774 1426 1776 1428 -

369 1463 472 1507 dare
506 1465 613 1507 mihi
648 1480 734 1508 non
757 1474 878 1522 potes
895 1499 905 1518 ‚
932 1465 1138 1524 quoniam
1160 1464 1447 1508 hauritorium
1471 1480 1560 1507 non
1582 1465 1713 1508 habes
1738 1484 1747 1508 ε

369 1534 480 1578 sorte
512 1535 643 1578 alium
669 1534 831 1578 fontem
862 1535 1104 1593 promittis?
1129 1538 1253 1578 Patre
1275 1544 1423 1578 nostro
1454 1534 1604 1578 melior
1628 1544 1751 1594 potes

368 1621 473 1659 esse,
494 1606 569 1665 qui
586 1605 703 1649 hunc
727 1615 905 1663 puteum
926 1604 1054 1659 fodit,
1076 1615 1118 1648 et
1140 1605 1230 1663 ipse
1248 1620 1347 1648 cum
1366 1605 1450 1648 suis
1473 1621 1574 1648 usus
1594 1614 1657 1649 est
1674 1608 1751 1649 eo?

368 1676 578 1719 Dominus
611 1691 713 1734 ergo
747 1677 882 1730 dicat,
919 1675 1027 1735 quid
1049 1675 1204 1719 dixerit
1233 1691 1389 1735 aquam
1412 1677 1568 1719 vivam.
1599 1695 1619 1718 «
1644 1679 1752 1721 Res-

371 1762 392 1786 »
428 1744 583 1804 pondit
597 1747 735 1798 Jesus‚
757 1754 799 1788 et
816 1745 922 1788 dixit
940 1746 977 1788 ei
1000 1745 1174 1789 :Omnis
1192 1747 1266 1805 qui
1281 1746 1437 1790 biberit
1455 1761 1505 1789 ex
1522 1762 1633 1805 aqua
1650 1747 1747 1800 hac,

375 1836 392 1857 »
428 1815 541 1858 sitiet
560 1815 717 1858 iterum
735 1834 742 1859 :
764 1815 839 1874 qui
855 1824 999 1857 autem
1017 1814 1172 1858 biberit
1194 1830 1245 1857 ex
1262 1831 1375 1875 aqua
1393 1831 1522 1875 quam
1535 1831 1617 1874 ego
1635 1817 1751 1861 dabo

372 1904 391 1926 »
428 1886 481 1940 ei,
503 1901 592 1929 non
613 1885 726 1928 sitiet
748 1885 793 1928 in
815 1894 1024 1939 aeternum
1053 1903 1061 1928 z
1081 1885 1156 1927 sed
1178 1901 1289 1944 aqua
1309 1901 1439 1944 quam
1463 1901 1543 1944 ego
1560 1885 1675 1930 dabo
1693 1887 1746 1941 ei,

374 1976 391 1997 »
428 1957 502 1999 fiet
522 1956 567 1998 in
590 1971 640 1999 eo
660 1954 756 1999 sons
772 1971 895 2015 aquae
912 1954 1098 1998 salientis
1120 1956 1165 1998 in
1185 1956 1313 1999 vitam
1328 1965 1549 1999 aeternam.
1579 1974 1598 1997 »
1617 1960 1751 2016 Aper-

369 2026 453 2069 tius
469 2026 640 2070 locutus
661 2035 725 2070 est
739 2027 948 2070 Dominus
967 2060 976 2079 ‚
1006 2045 1024 2065 «
1051 2027 1146 2069 Fiet
1169 2027 1213 2069 in
1231 2041 1281 2069 eo
1304 2025 1401 2070 fons
1419 2042 1543 2085 aquae
1560 2025 1749 2071 salientis

371 2115 391 2137 »
426 2097 471 2140 in
493 2097 624 2140 vitam
640 2105 868 2139 aeternam.
890 2095 975 2148 Qui
1000 2095 1157 2139 biberit
1179 2095 1232 2139 de
1253 2097 1464 2155 aqua'ista
1480 2132 1491 2151 ,
1522 2112 1611 2140 non
1637 2097 1750 2142 sitiet

371 2186 390 2208 »
425 2168 470 2210 in
492 2176 719 2211 aeternum.
742 2169 756 2192 s
788 2185 803 2206 n
825 2165 938 2218 Quid
962 2166 1219 2221 evidentius,
1241 2168 1343 2226 quia
1366 2183 1455 2211 non
1476 2184 1632 2227 aquam
1654 2169 1751 2212 visi-

369 2236 500 2281 bilem
521 2272 530 2292 ,
576 2237 650 2281 sed
695 2236 953 2281 invisibilem
994 2238 1304 2295 promittebat?
1336 2238 1443 2297 quid
1478 2237 1718 2287 evidentius
1734 2274 1746 2294 ,

370 2308 470 2368 qnia
489 2323 576 2351 non
599 2308 842 2360 carnaliter,
864 2307 938 2351 sed
956 2307 1201 2366 spiritaliter
1221 2307 1516 2367 loquebatur?

428 2381 523 2421 XV.
555 2378 711 2422 Adhuc
731 2388 875 2422 tamen
898 2377 968 2421 illa
992 2378 1146 2421 mulier
1168 2393 1343 2423 carnem
1372 2380 1483 2438 sapit
1507 2398 1514 2424 :
1536 2378 1748 2424 delectata

370 2458 433 2492 cst
454 2464 543 2492 non
564 2449 695 2503 sitire,
732 2457 773 2491 et
797 2448 976 2506 putabat
998 2449 1079 2492 hoc
1107 2449 1345 2493 secundum
1367 2465 1540 2494 carnem
1565 2450 1748 2508 promis-

407 2540 427 2564 ,ῐ
450 2535 606 2573 Joan.1v,
636 2545 686 2565 ιι.
711 2549 752 2556 -—
771 2539 784 2556 ²
803 2532 882 2566 Ibid.
906 2542 955 2565 12.
978 2550 1014 2556 -
1040 2531 1152 2566 3Ibid.
1174 2534 1222 2566 13.
