1809 3173
347 215 428 252 102
773 221 806 250 s.
842 221 1070 251 Aucus'nm
1103 225 1283 252 EPISCOPI

345 309 366 331 »
401 290 526 344 bum,
557 296 601 332 et
621 286 816 332 Verbum
851 298 942 333 erat
970 289 1086 347 apud
1109 292 1263 333 Deum.
1292 307 1312 331 »
1336 289 1570 334 Videamus
1594 290 1627 334 si
1647 291 1720 335 lux

340 369 418 405 θεῖ.
455 377 476 401 «
500 358 715 412 Quoniam
746 359 863 418 apud
891 369 934 404 te
966 368 1030 404 est
1059 360 1157 404 fons
1178 361 1293 416 vitae,
1322 370 1365 404 et
1396 361 1439 404 in
1460 360 1626 405 lumine
1645 370 1722 406 tuo

341 450 363 473 n
398 429 641 475 videbimus
663 429 855 473 lumen¹.
884 447 905 471 »
928 432 979 473 In
1001 439 1114 474 terra
1137 430 1254 474 aliud
1276 440 1338 475 θεῖ
1369 429 1481 486 fons,
1512 430 1631 475 aliud
1650 431 1724 476 lu-

340 516 457 546 men.
487 500 640 545 Sitiens
678 501 835 559 quaeris
866 498 1049 555 fontem,
1071 509 1112 544 et
1133 509 1183 544 ut
1209 502 1432 558 pervenias
1454 500 1509 544 ad
1536 500 1719 557 fontem,
1788 505 1809 515 ‘¹

340 571 499 633 quaeris
520 570 665 615 lucem
687 589 696 615 :
721 579 764 614 θῖ
785 571 819 614 si
841 569 931 615 dies
958 587 1048 615 non
1077 580 1155 626 est,
1192 571 1389 615 accendis
1410 572 1649 628 lucernam,
1674 581 1725 618 ut
1791 575 1793 578 ⁴

341 642 398 687 ad
432 641 598 687 fontem
619 641 856 700 pervenias.
882 644 998 686 Fons
1016 641 1106 697 ille,
1126 643 1216 701 ipsa
1237 651 1300 685 est
1320 642 1393 685 lux
1415 661 1424 688 2
1446 643 1606 687 sitienti
1629 642 1725 688 fons

341 722 422 769 est,
447 728 562 758 caeco
583 712 657 756 lux
675 722 762 757 est:
787 713 1036 772 aperiantur
1057 712 1170 757 oculi
1191 721 1240 756 ut
1254 713 1429 757 videant
1446 713 1606 769 lucem,
1627 729 1725 773 ape-

340 785 509 828 riantur
529 784 676 828 fauces
698 783 838 828 cordis
860 792 910 827 ut
932 783 1086 827 bibant
1112 782 1303 840 fontem3
1333 782 1453 842 quod
1485 784 1612 839 bibis,
1642 785 1725 830 hoc

339 856 476 910 vides,
500 856 584 899 hoc
611 855 748 898 audis.
777 857 934 899 Totum
966 854 1046 898 tibi
1074 855 1123 898 fit
1144 857 1258 898 Deus
1285 873 1293 898 :
1315 854 1420 914 quia
1446 856 1605 899 horum
1627 870 1726 915 quae
1772 850 1775 855 ¹

339 924 499 984 diligis,
524 933 668 968 totum
685 923 765 968 tibi
790 933 866 967 θεῖ.
902 923 945 968 Si
973 922 1382 979 visibiliaattendis,
1408 940 1488 969 nec
1510 925 1632 984 panis
1663 934 1727 970 est

340 997 472 1047 Deus,
492 1009 573 1039 nec
595 1009 707 1054 aqua
728 1003 793 1038 est
818 997 949 1050 Deus,
973 1008 1054 1038 nec
1075 993 1149 1038 lux
1170 994 1249 1038 ista
1273 1002 1337 1038 est
1363 997 1492 1050 Deus,
1521 1009 1601 1039 nec
1629 1009 1726 1040 ves-

336 1067 391 1110 tis
412 1074 476 1109 est
496 1067 628 1120 Deus,
650 1079 732 1109 nec
753 1063 909 1109 domus
931 1073 995 1109 est
1023 1067 1152 1109 Deus.
1178 1065 1334 1108 Omnia
1364 1065 1481 1108 enim
1500 1065 1596 1110 haec
1625 1065 1727 1110 visi-

340 1136 446 1181 bilia
468 1144 586 1192 sunt,
622 1144 665 1180 et
694 1136 864 1195 singula
885 1144 987 1180 sunt
1012 1135 1163 1196 :quod
1181 1145 1244 1180 est
1265 1136 1402 1196 panis,
1428 1151 1518 1180 non
1554 1137 1638 1181 hoc
1663 1146 1728 1182 θεῖ

342 1222 483 1267 aqua,
516 1215 561 1251 et
581 1207 703 1266 quod
724 1214 788 1250 θεῖ
819 1206 964 1262 vestis,
1002 1221 1091 1250 non
1119 1207 1203 1250 hoc
1233 1215 1295 1250 θεῖ
1323 1206 1505 1263 domus,
1537 1215 1580 1250 et
1606 1205 1728 1267 quod
1786 1218 1791 1225 “

340 1287 443 1322 sunt
463 1277 559 1333 ista,
601 1293 691 1322 non
718 1278 803 1322 hoc
831 1287 895 1322 est
922 1281 1038 1322 Deus
1069 1296 1078 1323 2
1115 1278 1299 1322 visibilia
1321 1277 1438 1322 enim
1465 1287 1581 1322 sunt.
1613 1281 1728 1323 Deus

342 1348 424 1392 tibi
445 1357 588 1393 totum
604 1357 693 1392 est:
719 1348 754 1392 si
773 1348 922 1404 esuris,
947 1348 1070 1408 panis
1090 1347 1171 1392 tibi
1189 1357 1251 1393 θεῖ
1281 1367 1289 1392 :
1316 1349 1351 1393 si
1377 1349 1483 1404 sitis,
1508 1364 1620 1409 aqua
1647 1349 1728 1393 tibi

343 1428 407 1464 est
431 1419 493 1463 :si
512 1419 559 1462 in
575 1419 764 1464 tenebris
785 1434 845 1475 es,
864 1419 1014 1463 lumen
1034 1419 1114 1463 tibi
1137 1427 1218 1475 est,
1248 1420 1351 1480 quia
1382 1419 1724 1480 incorruptibilis

343 1498 492 1534 manet
516 1508 525 1534 ε
549 1490 583 1533 si
605 1488 750 1533 nudus
787 1484 847 1544 es,
884 1488 1220 1534 immortalitatis
1250 1491 1375 1535 vestis
1408 1491 1488 1535 tibi
1516 1500 1596 1546 est,
1628 1505 1730 1535 cum

283 1562 286 1563 ⁷
342 1559 626 1620 corruptibile
646 1561 730 1604 hoc
748 1559 941 1605 induerit
962 1562 1352 1621 incorruptionem,
1374 1571 1416 1606 et
1446 1561 1628 1606 mortale
1648 1563 1730 1606 hoc

342 1631 535 1676 induerit
552 1624 962 1676 immortalitatem‘2.
988 1633 1144 1676 Omnia
1174 1641 1357 1691 possunt
1378 1631 1463 1676 dici
1485 1632 1539 1676 de
1556 1635 1662 1688 Deo,
1688 1640 1731 1676 et

342 1699 455 1746 nihil
475 1700 606 1760 digne
624 1702 783 1747 dicitur
805 1702 860 1746 de
882 1705 987 1747 Deo.
1003 1702 1119 1748 Nihil
1141 1702 1269 1747 latius
1292 1704 1370 1746 hac
1400 1703 1561 1762 inopia.
1595 1705 1729 1756 Quae-

344 1772 403 1816 ris
423 1786 667 1831 congruum
688 1787 864 1827 nomen,
889 1785 980 1817 non
991 1773 1155 1817 invenis
1183 1792 1191 1817 :
1216 1773 1374 1832 quaeris
1398 1788 1578 1833 quoquo
1598 1772 1729 1818 modo

344 1840 504 1897 dicere,
519 1843 664 1892 omnia
675 1841 978 1895 invenis.Quid
992 1841 1145 1897 simile,
1163 1857 1300 1900 agnus
1315 1851 1359 1886 et
1369 1842 1438 1887 leo
1453 1845 1544 1887 ?De
1557 1843 1730 1888 Christo

343 1921 583 1973 utrumque
613 1912 779 1957 dictum
815 1920 879 1956 est
903 1931 912 1956 ι
940 1930 961 1954 «
982 1914 1096 1956 Ecce
1138 1928 1273 1971 agnus
1308 1913 1427 1957 Deiss.
1457 1912 1730 1966 »Quomodo

347 1983 446 2028 leo?
477 2002 498 2026 «
522 1983 636 2028 Vicit
652 1983 720 2028 leo
742 1983 928 2027 detribu
945 1983 1103 2028 Judafl
1130 2001 1150 2024 »

406 2055 482 2098 VI.
513 2054 755 2098 Audiamus
783 2055 997 2098 Joannem
1024 2072 1034 2098 :
1058 2071 1078 2095 «
1103 2054 1354 2113 Baptizabat
1370 2055 1540 2098 Jesus5.
1568 2071 1589 2096 »
1613 2055 1732 2099 Dixi·
1773 2108 1775 2110 Ι

347 2138 446 2168 mus
480 2125 583 2184 quia
616 2124 865 2184 baptizabat
892 2126 1029 2168 Jesus.
1066 2123 1297 2177 Quomodo
1331 2125 1484 2168 Jesus‘?
1507 2125 1729 2185 quomodo

347 2195 587 2238 Dominus?
601 2194 824 2255 quomodo
841 2194 918 2239 Dei
935 2194 1070 2239 Filius
1086 2195 1104 2238 P
1121 2193 1343 2254 quomodo
1357 2195 1584 2239 Verbum?
1603 2205 1630 2237 ¹«
1648 2195 1733 2240 Sed
1800 2244 1803 2245 ⁷

351 2281 374 2306 »
408 2264 603 2309 Verbum
622 2279 721 2310 caro
747 2264 913 2310 lactum
935 2274 1013 2309 est.
1034 2267 1140 2309 Erat
1161 2274 1306 2309 autem
1328 2273 1371 2308 et
1387 2267 1411 2308 J
1415 2279 1576 2309 oannes
1593 2265 1733 2325 bapti-

351 2351 373 2376 »
407 2349 508 2380 zans
529 2335 576 2378 in
591 2337 738 2380 AEnon
753 2333 876 2396 juxta
899 2334 1071 2381 Salimss.
1099 2341 1268 2380 »Lacus
1282 2334 1463 2395 quidam
1489 2353 1509 2377 «
1526 2338 1686 2380 AEnon.
1705 2354 1725 2378 »

348 2405 475 2451 Unde
504 2405 789 2466 intelligitur,
823 2406 925 2467 quia
950 2406 1070 2452 lacus
1098 2408 1223 2452 erat?
1249 2425 1269 2449 «
1294 2407 1405 2460 Quia
1431 2422 1556 2468 aquae
1578 2407 1729 2452 multae

393 2510 403 2528 ¹
422 2504 503 2538 Psal.
524 2515 623 2547 xxxv,
645 2516 695 2561 19.
717 2521 758 2529 —
780 2512 794 2528 2
819 2517 831 2537 1
847 2507 919 2540 Cor.
940 2517 1004 2549 xv,
1024 2504 1078 2549 54.
1095 2522 1136 2530 -
1157 2503 1170 2531 3
1188 2507 1318 2546 Joan.1,
1336 2513 1390 2547 29.
1412 2521 1454 2530 —
1474 2503 1490 2535 4
1507 2507 1608 2549 Apoc.
1630 2516 1665 2547 v,
1694 2503 1725 2538 5.

348 2576 389 2584 —
404 2558 520 2595 5J0an.
538 2571 587 2604 111,
604 2569 657 2596 22.
675 2578 716 2586 —
733 2559 749 2586 6
766 2561 848 2596 lbid.
871 2561 925 2595 23.
