1825 3214
298 244 340 269 ιΝ
377 240 550 269 ,ιοΑΝΝιε
585 236 896 275 ενΑΝοιῑιιυΜ,
930 235 1077 265 ττιΑετ.
1113 238 1205 264 xix.
1361 226 1440 264 201

63 308 238 369 queris?
260 309 292 352 si
312 323 400 352 non
420 306 523 351 facis
550 321 599 349 ex
623 305 774 364 iniquo
791 305 975 364 justum,
1008 318 1142 363 quare
1176 302 1392 363 loqueris?
1414 303 1447 346 si

64 389 207 424 autem
242 379 344 423 facis
367 396 416 422 ex
441 379 591 438 iniquo
613 379 797 436 justum,
819 392 868 419 ex
891 375 1023 434 impio
1061 375 1199 434 pium,
1225 390 1274 417 ex
1313 373 1448 418 stulto

62 452 314 510 sapientem,
337 449 477 492 fateris
494 463 716 505 resurgere
733 447 921 490 animam
947 461 1100 500 meam,
1122 446 1156 488 si
1182 445 1257 488 tibi
1281 445 1450 488 obtem-

60 536 284 582 peravero,
306 519 338 563 si
364 520 443 563 tibi
466 517 920 563 credidero.Volentes
943 531 1044 574 ergo
1063 517 1143 559 sibi
1162 515 1277 559 credi
1301 531 1450 559 omnes

60 594 133 654 qui
159 593 438 636 instituerunt
461 590 641 650 alicujus
681 591 809 634 etiam
850 588 967 632 falsae
1011 586 1228 645 religionis
1271 596 1446 641 sectam,

61 679 217 721 negare
250 664 372 706 istam
399 661 610 705 mentium
654 661 1013 704 resurrectionem
1057 674 1145 702 non
1183 666 1447 717 potuerunt,

61 749 209 778 omnes
229 733 282 777 de
315 733 384 776 illa
417 741 729 777 consenserunt
757 751 764 776 :
792 731 866 775 sed
901 731 1025 774 multi
1062 729 1200 774 carnis
1234 743 1451 772 resurrec-

62 806 221 849 tionem
248 813 530 861 negaveruut,
567 799 769 847 dixerunt
792 803 835 845 in
856 801 938 845 (ide
956 803 1045 861 jam
1072 800 1226 844 factam
1271 815 1359 843 esse
1382 815 1451 842 re-

60 875 388 919 surrectionem.
426 874 601 917 Talibus
636 874 791 917 resistit
824 872 1079 931 Apostolus,
1114 871 1260 914 dicens
1294 890 1301 914 :
1336 889 1355 911 «
1389 872 1451 913 Ex

66 966 85 988 η
122 946 282 1005 quibus
306 954 369 987 est
393 948 657 1002 Hymenaeus
677 954 718 987 et
745 943 951 997 Philetus,
977 943 1052 1002 qui
1076 943 1186 986 cirea
1226 942 1450 984 veritatem

64 1035 84 1057 η
121 1016 447 1067 aberraverunt,
472 1014 662 1058 dieentes
688 1014 1146 1067 resurreetionemjam
1169 1012 1327 1055 factam
1344 1026 1448 1066 esse,

64 1105 84 1128 »
119 1096 161 1130 et
184 1086 316 1130 sidem
350 1087 641 1144 quorumdam
665 1085 966 1127 subvertunt¹.
991 1101 1010 1122 u
1038 1085 1135 1126 Jam
1160 1082 1319 1124 factam
1356 1096 1452 1135 ,esse

61 1157 422 1202 resurrectionem
438 1155 657 1209 dicebant,
679 1155 752 1199 sed
772 1170 822 1198 eo
837 1153 968 1198 modo
986 1162 1035 1197 ut
1057 1152 1139 1196 alia
1163 1168 1251 1196 non
1265 1167 1454 1211 sperare-

64 1237 136 1271 tur
163 1247 170 1271 :
192 1236 235 1271 et
258 1227 636 1287 reprehendebant
661 1225 856 1269 homines
875 1225 948 1284 qui
974 1222 1206 1283 sperabant
1238 1237 1453 1266 resurrec-

65 1299 226 1343 tionem
242 1299 396 1352 carnis‚
423 1297 542 1341 velut
565 1299 654 1356 jam
687 1296 942 1340 resurreetio
976 1310 1075 1354 quae
1106 1293 1314 1353 promissa
1341 1301 1449 1349 erat,

63 1370 281 1415 credendo
306 1369 557 1428 impleretur
590 1369 632 1411 iu
658 1376 815 1411 mente.
844 1366 1139 1427 Reprehendit
1171 1380 1240 1409 eos
1262 1368 1452 1424 Aposto-

61 1443 142 1486 lus.
170 1444 259 1486 Cur
280 1457 352 1485 eos
365 1440 673 1499 reprehendit?
696 1442 849 1484 Nonne
868 1439 949 1483 hoc
964 1438 1168 1481 dicebant
1185 1435 1306 1496 quod
1320 1437 1451 1480 modo

63 1514 272 1558 Dominus
294 1512 574 1572 loquebatur,
602 1530 620 1551 «
652 1511 777 1554 Venit
800 1510 922 1563 hora,
949 1518 992 1552 et
1015 1523 1132 1551 nunc
1167 1517 1246 1562 est,
1272 1506 1450 1566 quando

68 1604 85 1624 »
111 1583 271 1627 mortui
305 1582 481 1626 audient
509 1596 658 1625 vocem
689 1580 785 1624 Filii
820 1580 913 1633 Dei,
951 1587 993 1622 et
1022 1579 1097 1637 qui
1135 1576 1352 1620 audierint
1384 1577 1450 1619 vi-

66 1672 86 1695 »
121 1663 223 1698 vent
243 1656 290 1697 ²?
311 1672 329 1694 n
354 1654 437 1697 Sed
460 1652 514 1696 de
536 1653 622 1696 vita
646 1652 859 1695 mentium
894 1650 1048 1710 loquor
1078 1649 1245 1703 adhue,
1278 1648 1337 1692 ait
1370 1648 1452 1692 tibi

63 1725 214 1768 Jesus:
240 1724 434 1768 nondum
472 1723 627 1783 loquor
650 1723 704 1765 de
733 1723 818 1766 vita
840 1737 1096 1780 corporum,
1121 1721 1195 1764 sed
1219 1719 1374 1778 loquor
1397 1718 1451 1763 de

64 1795 150 1838 vita
172 1795 273 1837 vitae
300 1809 548 1852 corporum,
574 1794 619 1836 id
642 1803 720 1847 est,
747 1792 802 1836 de
831 1793 1093 1844 animarum,
1128 1792 1173 1834 in
1204 1790 1363 1850 quibus
1389 1799 1452 1834 est

63 1866 149 1909 vita
187 1879 419 1923 corporum
449 1883 456 1907 :
488 1878 585 1906 nam
630 1863 717 1906 seio
751 1878 841 1906 esse
869 1878 1048 1920 corpora
1087 1863 1131 1904 in
1156 1861 1451 1905 monumentis

58 1935 263 1995 jacentia,
300 1936 386 1978 scio
420 1944 461 1978 et
496 1949 674 1992 corpora
701 1943 840 1977 vestra
873 1935 917 1976 in
946 1932 1241 1976 monumentis
1275 1932 1450 1989 futura,

64 2006 261 2050 nondum
285 2005 339 2049 de
374 2005 444 2049 illa
479 2006 790 2049 resurrectione
812 2004 970 2064 loquor
992 2024 1000 2048 2
1026 2003 1080 2047 de
1099 2004 1177 2047 ista
1205 2002 1378 2062 loquor,
1409 2003 1453 2046 in

63 2077 143 2120 ista
166 2076 388 2134 resurgite,
414 2093 469 2120 ne
495 2076 548 2120 ad
567 2091 740 2135 poenam
761 2076 803 2118 in
823 2075 895 2119 illa
921 2075 1166 2133 resurgatis.
1192 2074 1274 2118 Sed
1299 2082 1348 2118 ut
1370 2089 1452 2118 no-

15 2178 18 2181 -
64 2146 225 2199 veritis,
246 2147 347 2206 quia
369 2146 423 2189 de
441 2144 513 2189 illa
533 2146 704 2205 loquor,
725 2146 831 2204 quid
848 2145 993 2189 addo?
1011 2165 1028 2185 (ι
1054 2145 1173 2189 Sicut
1191 2144 1305 2187 enim
1320 2144 1452 2187 habet

67 2234 87 2257 »
124 2219 249 2259 Pater
271 2215 403 2259 vitam
426 2216 468 2258 in
490 2216 734 2274 semetipso,
767 2216 825 2259 sie
848 2215 969 2259 dedit
991 2224 1033 2258 et
1061 2214 1172 2258 Filio
1200 2214 1361 2258 habere
1386 2214 1452 2258 vi-

68 2305 88 2328 »
123 2295 212 2330 tam
248 2287 292 2330 in
316 2288 586 2345 semetipso?
623 2305 642 2327 »
671 2289 773 2331 Haec
796 2288 882 2330 vita
906 2286 1025 2346 quod
1051 2290 1175 2330 Pater
1217 2295 1301 2340 est,
1333 2285 1454 2345 quod

65 2356 201 2401 Filius
231 2366 309 2411 est,
335 2355 388 2400 ad
411 2356 516 2416 quid
548 2357 765 2416 pertinet?
785 2356 838 2400 ad
863 2357 1049 2400 animam
1065 2392 1075 2405 ,
1097 2373 1150 2400 an
1190 2355 1243 2399 ad
1268 2356 1454 2415 eorpus?

64 2429 162 2471 Non
184 2427 298 2470 enim
317 2426 449 2470 vitam
474 2426 591 2470 illam
620 2427 843 2485 sapientiae
870 2427 1002 2470 sentit
1025 2442 1196 2486 corpus,
1235 2425 1311 2470 sed
1333 2439 1452 2468 mens

65 2496 298 2541 rationalis.
323 2500 432 2542 Nam
454 2513 532 2541 nec
563 2498 702 2541 omnis
732 2497 872 2541 anima
907 2507 1070 2556 postest
1093 2498 1250 2541 sentire
1281 2496 1452 2554 sapien-

115 2582 250 2613 ¹2Tim.
266 2592 300 2622 n,
323 2593 373 2623 ¹7·
395 2599 435 2605 —
459 2588 472 2604 ²
492 2584 580 2614 Joan.
603 2593 636 2622 v,
658 2581 709 2613 25.
732 2598 773 2604 —
793 2580 806 2604 3
832 2581 914 2613 ibid.
937 2584 998 2614 26.
