1825 3214
278 214 322 239 m
354 211 528 240 somnis
559 210 865 250 EVANGELtUM,
901 215 1047 243 rimer.
1082 218 1196 245 xxiv.
1341 209 1426 247 277

46 277 477 335 tioraintelligentiae,
499 293 599 337 quse
612 277 850 322 multitudo
868 296 954 323 non
974 291 1113 339 potest
1130 299 1298 342 capere.
1315 285 1427 339 Quid

45 365 147 407 ergo
165 358 318 402 restat,
332 349 412 392 nisi
427 358 476 392 ut
497 350 722 393 secretiora
739 350 1036 408 intelligentize
1048 389 1057 406 ‚
1075 370 1172 412 qum
1186 371 1272 399 non
1290 366 1429 415 potest

44 434 198 479 capere
219 418 474 474 multitudo,
499 418 582 463 illis
605 419 840 464 credantur
862 422 937 481 qui
962 422 1106 466 idonei
1137 435 1238 468 sunt
1260 436 1301 470 ct
1326 427 1431 472 alios

45 492 218 545 docere,
240 491 351 535 sicut
373 499 496 534 erant
514 491 736 550 Apostoli?
761 492 885 536 Unde
904 492 1136 537 duodecim
1160 496 1337 554 cophini
1356 499 1433 542 im-

44 562 151 622 pleti
172 571 274 606 sunt
297 563 327 604 ¹.
356 564 537 606 Factum
561 571 624 606 est
640 563 724 606 hoc
742 571 784 606 et
803 562 1070 618 mirabiliter,
1098 565 1200 624 quia
1223 582 1431 623 magnum

46 633 210 678 factum
227 642 317 690 est,
344 642 386 677 et
409 632 590 687 utiliter,
611 634 713 694 quia
733 634 923 693 spiritale
944 635 1106 679 factum
1125 645 1202 680 est.
1225 638 1306 690 Qui
1330 648 1434 683 tunc

45 705 277 760 viderunt,
304 704 502 749 admirati
531 714 633 749 sunt
663 724 672 750 ε
709 719 786 750 nos
808 715 954 750 autem
984 723 1073 752 non
1105 708 1312 752 miramur
1334 725 1433 754 cum

47 776 262 822 audimus.
291 780 473 822 Factum
495 786 559 821 est
588 778 703 821 enim
726 787 775 821 ut
803 778 865 822 illi
887 777 1111 835 viderent,
1143 781 1351 840 scriptum
1374 792 1436 827 est

47 858 190 893 autem
214 858 262 893 ut
289 864 367 893 nos
401 848 661 893 audiremus.
693 849 819 901 Quod
847 850 893 893 in
916 848 997 894 illis
1030 850 1145 895 oculi
1177 852 1433 909 valuerunt,

46 921 130 966 hoc
151 921 195 964 in
217 920 342 964 nobis
365 919 487 964 fides.
514 920 742 965 Cernimus
771 921 936 981 quippe
959 922 1128 978 animo,
1158 924 1280 983 quod
1300 926 1437 970 oculis

47 1008 137 1038 non
160 993 383 1052 potuimus
399 1027 409 1047 ,
440 1001 484 1036 et
511 991 677 1052 praelati
699 1008 847 1037 sumus
876 992 980 1048 illis,
1007 995 1214 1054 quoniam
1238 994 1293 1040 de
1312 997 1436 1041 nobis

47 1063 215 1108 dictum
238 1072 301 1107 est
323 1083 331 1108 ε
361 1082 381 1105 «
407 1063 526 1107 Beati
551 1064 626 1123 qui
644 1079 733 1108 non
750 1063 902 1108 vident
930 1074 973 1108 et
994 1065 1179 1110 credunt
1201 1070 1233 1110 Ἰ.
1263 1085 1283 1108 »
1310 1067 1437 1113 Addo

48 1145 222 1190 autem,
253 1136 356 1195 quia
390 1134 502 1179 forte
536 1144 579 1179 et
613 1134 904 1180 intelleximus
939 1136 1060 1196 quod
1089 1137 1161 1182 illa
1192 1139 1319 1183 turba
1349 1156 1437 1184 non

48 1206 274 1251 intellexit.
312 1209 368 1250 Et
401 1222 503 1251 vere
542 1221 621 1251 nos
657 1207 768 1266 pasti
803 1223 974 1263 sumuS,
1011 1209 1087 1269 qui
1119 1209 1173 1253 ad
1203 1209 1443 1256 medullam

2 1321 18 1336 ‚
47 1279 200 1324 hordei
223 1280 448 1339 pervenire
470 1280 709 1338 potuimus.

108 1352 207 1394 VII.
244 1350 436 1409 Denique
460 1350 658 1394 homines
687 1349 748 1393 illi
767 1350 842 1410 qui
867 1349 1074 1396 viderunt
1095 1352 1201 1407 hoc,
1227 1353 1334 1414 quid
1357 1371 1440 1414 pu-

48 1421 282 1465 taverunt?
319 1438 337 1460 «
369 1418 462 1473 Illi,
499 1419 670 1478 inquit,
711 1420 910 1465 homines
945 1437 1045 1465 cum
1082 1423 1288 1467 vidissent
1318 1425 1439 1484 quod

48 1510 69 1533 »
103 1490 263 1535 fecerat
274 1490 461 1548 signum,
487 1489 708 1545 dicebant,
724 1491 826 1550 quia
835 1491 906 1536 hic
928 1501 992 1536 est
1008 1508 1108 1537 vere
1122 1494 1339 1553 Propheta
1356 1496 1386 1539 ³.
1417 1514 1436 1536 »

49 1565 182 1607 Forte
208 1561 352 1605 adhuc
384 1560 482 1605 ideo
512 1561 733 1605 Christum
767 1562 1030 1621 Prophetam
1064 1564 1304 1623 putabant,
1337 1566 1439 1626 quia

49 1646 178 1690 super
196 1630 366 1674 foenum
385 1629 714 1675 discubuerant.
738 1633 842 1675 Erat
856 1642 1000 1676 autem
1019 1632 1092 1677 ille
1112 1636 1321 1680 Dominus
1339 1640 1439 1681 Pro·

49 1703 278 1762 phetarum
297 1737 307 1756 ,
333 1701 536 1761 impletor
559 1702 899 1761 Prophetarum,
931 1705 1221 1750 sanctificator
1244 1708 1438 1766 Prophe-

50 1781 217 1827 tarum,
252 1770 326 1815 sed
365 1780 408 1815 et
436 1771 652 1830 Propheta
690 1791 699 1816 :
734 1787 835 1815 nam
868 1781 912 1817 et
941 1775 1083 1831 Moysi
1117 1775 1284 1820 dictum
1320 1787 1384 1821 est
1426 1798 1434 1823 :

53 1863 74 1887 «
111 1843 337 1888 Suscitabo
367 1842 426 1887 eis
448 1843 711 1902 Prophetam
743 1843 927 1888 similem
949 1845 1014 1888 tui
1038 1846 1070 1890 ⁴.
1105 1864 1126 1887 »
1155 1847 1346 1892 Similem
1369 1864 1439 1892 se-

49 1915 244 1961 cundum
267 1929 465 1969 carnem,
491 1930 580 1958 non
603 1914 845 1958 secundum
873 1917 1158 1976 majestatem.
1185 1922 1241 1963 Et
1262 1919 1317 1963 de
1344 1920 1437 1980 ipso

50 1987 223 2033 Christo
256 1985 375 2030 illam
405 1985 579 2030 Domini
600 1985 928 2044 promissionem
950 1987 1113 2032 habere
1141 1989 1409 2035 intellectum
1425 2027 1435 2047 ,

52 2067 199 2117 aperte
226 2057 270 2100 in
293 2055 475 2100 Actibus
503 2056 812 2115 Apostolorum
847 2058 1078 2117 exponitur
1100 2068 1144 2103 et
1172 2059 1345 2119 legitur.
1382 2066 1438 2107 Et

51 2130 142 2189 ipse
165 2127 391 2182 Dominus,
417 2126 472 2171 de
494 2142 537 2171 se
555 2127 615 2172 ait
636 2147 645 2172 ε
675 2147 695 2170 «
718 2130 815 2173 Non
838 2138 901 2173 est
920 2130 1134 2189 Propheta
1155 2131 1243 2175 sine
1257 2132 1436 2188 honore,

55 2219 77 2243 »
113 2200 192 2244 nisi
220 2199 264 2243 in
287 2198 424 2258 patria
453 2214 529 2242 sua
566 2200 594 2241 ⁵.
631 2216 652 2239 »
684 2199 901 2258 Propheta
924 2202 1155 2256 Dominus,
1182 2212 1224 2247 et
1247 2204 1438 2248 Verbum

52 2273 130 2318 Dei
152 2271 378 2325 Dominus,
404 2279 447 2314 et
468 2269 615 2313 nullus
633 2271 850 2329 Propheta
872 2271 962 2316 sine
984 2272 1129 2317 Verbo
1160 2275 1236 2319 Dei
1253 2276 1441 2335 prophe-

57 2353 118 2389 tat
149 2363 156 2388 :
188 2357 288 2387 cum
324 2341 548 2400 Prophetis
571 2342 767 2385 Verbum
800 2342 899 2398 Dei,
934 2353 976 2387 et
1006 2346 1220 2404 Propheta
1244 2348 1440 2390 Verbum

54 2414 147 2459 Dei.
168 2415 424 2458 Meruerunt
446 2412 584 2471 priora
610 2421 804 2472 tempora
828 2415 1062 2473 Prophetas
1086 2416 1268 2472 afllatOS,
1293 2427 1335 2461 et
1357 2418 1439 2460 im-

103 2517 113 2534 ¹
135 2514 226 2543 Joan.
246 2522 293 2550 ¹51,
311 2511 361 2542 13.
382 2527 423 2532 -
445 2517 458 2532 ²
478 2511 523 2542 ld.
545 2521 600 2551 xx,
625 2520 680 2553 29.
701 2528 742 2534 --
761 2509 834 2544 ΞΜ.
856 2522 899 2553 vi,
922 2512 972 2554 14.
1000 2530 1040 2535 —
1058 2512 1073 2542 l·
1092 2517 1183 2546 Deut.
1205 2526 1291 2552 xviii,
1324 2518 1370 2545 18⁴
1396 2533 1437 2538 —

58 2566 72 2589 ’”’
91 2569 162 2599 Act.
183 2578 238 2605 vn,
259 2566 315 2608 37,
342 2571 373 2598 et
387 2568 476 2599 Joau.
502 2577 547 2603 iv„
569 2565 622 2607 44.
