1825 3214
312 255 355 281 IN
389 253 563 281 JoANle
595 250 907 288 EVANGEIM'M,
943 254 1088 281 TnAc‘r.
1127 257 1231 282 xLir.
1372 243 1455 284 469

64 329 106 364 et
124 330 245 380 pater
268 319 496 364 mendacii.
523 322 630 365 Nam
652 329 698 363 tu
724 317 833 363 sorte
854 321 1038 365 mendax
1059 338 1101 365 es
1118 358 1128 376 ,
1153 323 1254 382 quia
1276 323 1457 368 menda-

65 392 180 436 cium
208 391 396 452 loqueris
423 411 430 436 :
459 389 533 435 scd
557 407 644 435 non
663 407 706 434 es
730 400 850 450 pater
868 393 974 450 ejus.
1004 393 1045 437 Si
1070 394 1184 436 enim
1208 395 1328 454 quod
1351 395 1457 439 dicis

64 480 87 508 a
110 464 286 508 diabolo
305 463 531 523 accepisti,
550 473 593 507 et
616 462 790 507 diabolo
809 463 1057 521 credidisti3
1083 464 1267 509 mendax
1292 482 1334 510 es
1351 502 1361 521 ‚
1388 483 1458 526 pa-

62 545 127 580 ter
163 535 378 579 mendacii
413 552 500 579 non
531 550 601 580 es:
628 534 701 578 ille,
723 550 826 579 vero
851 535 953 595 quia
979 549 1071 579 non
1095 536 1273 581 aliunde
1290 540 1457 598 accepit

63 607 341 652 mendacium
360 643 370 662 ‚
399 623 486 667 qno
511 606 740 651 mendacio
764 616 973 667 tanquam
993 622 1162 652 veneno
1180 623 1354 668 serpens
1373 610 1457 654 ho-

61 681 224 723 minem
243 679 476 734 occideret,
505 689 627 739 pater
645 688 707 723 est
725 679 938 723 mendacii
959 679 1095 730 2sicut
1118 683 1232 725 Deus
1252 684 1376 725 Pater
1394 692 1458 728 est

61 751 267 795 veritatis.
296 751 499 795 Recedite
534 767 556 794 a
591 759 713 810 patre
748 750 993 805 mendacii,
1024 752 1184 796 currite
1207 752 1261 796 ad
1286 756 1457 797 Patrem

61 823 252 867 veritatis
283 843 291 867 :
328 822 641 883 amplectimini
676 822 932 878 veritatem,
975 831 1024 866 ut
1062 824 1279 884 accipiatis
1320 824 1456 869 liber-

63 903 209 937 tatem.

119 967 240 1009 XIV.
257 964 325 1008 llli
351 979 454 1023 ergo
477 964 619 1009 Judaei
644 965 761 1023 apud
780 974 945 1024 patrem
961 980 1088 1009 suum
1112 966 1317 1012 viderunt
1335 969 1455 1028 quod

61 1036 357 1097 loquebantur
387 1056 394 1081 :
432 1037 568 1096 quid,
607 1037 688 1080 nisi
720 1035 1031 1081 mendacium?
1063 1038 1271 1082 Dominus
1308 1049 1454 1084 autem
1514 1080 1521 1085 .

61 1106 178 1167 apud
202 1111 372 1151 Patrem
395 1123 522 1151 suum
546 1108 655 1151 vidit
682 1107 803 1167 quod
825 1107 1080 1168 loqueretur
1107 1128 1114 1153 :
1141 1108 1272 1168 quid,
1300 1110 1380 1154 nisi
1411 1127 1455 1155 se

59 1179 232 1238 ipsum?
269 1178 402 1238 quid,
442 1179 521 1221 nisi
559 1178 754 1221 Verbum
788 1179 952 1222 Patris?
980 1179 1088 1239 quid
1122 1181 1203 1223 nisi
1228 1181 1454 1226 veritatem

60 1249 197 1294 Patris
224 1257 455 1303 aeternam,
488 1257 530 1292 et
570 1249 686 1293 Patri
708 1251 1005 1293 coaeternam?
1027 1269 1043 1288 «
1074 1250 1153 1294 Ille
1181 1266 1282 1309 ergo
1309 1253 1455 1297 homi-

62 1339 82 1362 »
120 1318 214 1364 cida
238 1328 329 1363 erat
346 1319 401 1363 ab
418 1320 559 1374 initio,
582 1320 686 1363 etin
703 1320 884 1364 veritate
906 1335 994 1364 non
1013 1321 1147 1377 stetit,
1173 1323 1275 1382 quia
1297 1324 1455 1368 veritas

62 1408 82 1432 »
119 1406 208 1436 non
246 1399 308 1434 est
331 1390 375 1433 in
396 1405 448 1434 eo
475 1409 482 1435 :
509 1405 608 1433 cum
636 1389 834 1450 loquitur
856 1390 1159 1446 mendacium,
1183 1392 1238 1436 de
1268 1395 1454 1453 propriis

62 1480 82 1503 n
118 1462 342 1522 loquitur3
382 1462 484 1522 quia
522 1458 712 1505 m'endax
741 1470 818 1505 est.
848 1480 867 1502 »
895 1465 952 1506 Et
975 1477 1064 1506 non
1088 1462 1228 1506 solum
1266 1465 1455 1509 mendax

59 1542 150 1588 est,
189 1532 265 1578 sed
304 1552 320 1573 «
354 1543 397 1577 et
421 1542 544 1593 pater
577 1534 670 1592 ejus
694 1541 757 1576 est
784 1551 792 1576 :
830 1531 917 1575 »id
940 1542 1031 1588 est,
1074 1534 1206 1593 ipsius
1239 1537 1454 1580 mendacii

58 1602 179 1665 quod
208 1604 432 1665 loquitur,
469 1613 592 1662 pater
621 1611 710 1658 est,
747 1603 849 1663 quia
873 1603 964 1662 ipse
997 1605 1145 1660 genuit
1175 1606 1453 1651 mendacium

57 1691 201 1720 suum.
245 1695 265 1717 «
295 1678 390 1734 Ego
427 1684 572 1719 autem
612 1675 714 1733 quia
748 1674 973 1717 veritatem
1002 1674 1123 1731 dico,
1149 1692 1238 1719 non
1279 1677 1454 1722 creditis

61 1765 81 1788 »
118 1747 240 1790 mihi.
268 1747 373 1799 Quis
397 1761 449 1790 ex
467 1746 591 1789 vobis
615 1745 758 1803 arguit
781 1760 850 1787 me
873 1745 928 1787 (le
950 1755 1129 1803 peccato
1150 1748 1176 1788 ¹.
1191 1748 1453 1800 »Quomodo

58 1833 137 1876 ego
166 1832 300 1876 arguo
322 1825 365 1860 et
396 1832 472 1860 vos
495 1825 538 1859 et
562 1824 730 1874 patrem
752 1823 960 1858 vestrum.
982 1834 1000 1856 «
1023 1816 1065 1860 Si
1087 1818 1313 1862 veritatem
1332 1819 1448 1876 dico,

62 1908 80 1929 »
116 1902 252 1948 quare
288 1902 365 1932 vos
398 1902 488 1931 non
525 1885 698 1930 creditis
736 1885 877 1930 mihi?
899 1903 919 1927 »
946 1886 1026 1930 nisi
1055 1887 1158 1948 quia
1180 1888 1257 1932 filii
1287 1889 1451 1937 diaboli

58 1959 173 2003 estis.

115 2031 213 2073 XV.
243 2047 262 2070 «
287 2028 372 2081 Qui
395 2036 458 2072 est
480 2041 536 2071 ex
549 2030 667 2083 Deo,
694 2027 826 2072 verba
845 2029 922 2072 Dei
944 2028 1067 2073 audit
1088 2049 1096 2074 ε
1122 2039 1352 2090 propterea
1375 2048 1451 2077 vos

63 2121 81 2142 »
118 2115 206 2143 non
242 2098 421 2152 auditis,
460 2099 561 2158 quia
594 2114 645 2141 ex
673 2101 765 2143 Deo
794 2115 882 2143 non
905 2100 1004 2144 estis
1023 2103 1054 2143 ².
1085 2119 1104 2141 η
1128 2104 1291 2145 Iterum
1316 2103 1451 2148 nolite

59 2168 285 2215 attendere
324 2178 524 2213 naturam
543 2204 553 2223 ,
581 2170 656 2213 sed
688 2169 860 2213 vitium.
903 2171 971 2214 Sic
1005 2181 1107 2215 sunt
1131 2172 1199 2215 isti
1222 2188 1272 2216 ex
1296 2177 1383 2219 Deo
1408 2184 1451 2218 et

60 2257 149 2286 non
172 2250 274 2285 sunt
295 2256 345 2284 cx
368 2244 456 2285 Deo
480 2260 488 2285 z
515 2249 669 2284 natura
695 2256 746 2284 ex
767 2244 856 2286 Deo
875 2277 886 2297 ‚
906 2241 1011 2286 vitio
1033 2258 1122 2287 non
1149 2259 1201 2287 ex
1226 2248 1329 2289 Deo.
1357 2247 1451 2290 Oh·-

59 2329 178 2358 secro
201 2328 276 2357 vos
306 2311 517 2356 attendite
542 2329 552 2355 :
576 2313 619 2356 in
645 2313 881 2371 Evangelio
902 2314 1071 2358 habetis
1096 2314 1214 2358 unde
1241 2317 1451 2361 sanemini

61 2394 212 2429 contra
241 2399 404 2428 errores
432 2399 671 2427 venenosos
706 2393 749 2428 et
770 2383 955 2430 nefarios
980 2386 1301 2432 haereticorum.
1328 2391 1451 2441 Quo-

60 2457 177 2499 niam
200 2464 242 2499 et
265 2455 401 2499 dehis
423 2456 565 2499 verbis
587 2455 725 2500 solent
748 2456 978 2502 Manichaei
1001 2458 1144 2503 dicere
1162 2479 1170 2503 2
1189 2463 1322 2514 Ecce,
1348 2461 1450 2520 quia

61 2527 162 2571 duae
184 2537 350 2572 naturae
372 2537 497 2583 sunt,
523 2543 610 2572 una
627 2527 743 2573 bona
765 2544 812 2572 er
833 2528 965 2574 altera
990 2531 1101 2575 mala
1124 2551 1132 2576 ε
1156 2531 1363 2575 Dominus
1387 2531 1449 2575 ‹li-

111 2619 119 2634 ¹
140 2614 230 2643 Joan.
249 2623 316 2654 vni,
338 2610 393 2654 45,
410 2611 463 2653 46.
484 2629 525 2634 --
546 2619 558 2634 ²
579 2611 659 2644 lbid.
677 2612 731 2654 (47.
