1825 3214
288 255 329 281 m
363 251 536 280 somnis
568 250 877 289 EVANGEL10M‚
912 250 1058 278 ‘rme-r.
1097 250 1186 277 xiv.
1349 238 1429 276 123

50 334 126 366 nes
160 319 464 376 interregnum,
505 325 548 361 ct
568 316 746 370 diceret,
780 315 888 360 Novi
911 314 1018 375 quid
1051 314 1247 368 dixerim,
1286 329 1429 359 nemo.

50 394 126 437 Est
148 390 263 434 cnim
296 389 474 449 quidam
499 387 686 448 populus
717 396 842 432 natus
865 385 920 431 ad
955 388 1061 430 iram
1094 387 1183 440 Dei,
1209 395 1251 430 ct
1275 387 1329 430 ad
1354 388 1434 432 hoc

48 461 355 523 praecognitus.
393 460 478 513 Qui
515 461 601 503 sint
641 459 757 504 enim
796 457 1018 511 credituri,
1053 458 1197 517 etqui
1234 473 1322 501 non
1350 459 1435 502 sint

8 576 13 582 ,
49 531 271 586 credituri,
300 531 420 576 novit
451 534 562 574 Deus
585 550 593 574 :
622 531 697 590 qui
718 530 803 574 sint
830 528 1143 588 perseveraturi
1171 528 1216 571 iu
1239 543 1289 572 eo
1316 530 1436 587 quod

50 602 346 658 crediderunt,
371 612 415 646 et
436 603 512 662 qui
534 602 619 646 sint
642 602 818 661 lapsuri,
851 601 970 645 novit
995 603 1131 643 Deus:
1158 608 1202 643 et
1221 601 1436 643 numerati

37 684 152 720 sunt
187 678 272 718 Deo
295 689 443 718 omncs
476 672 612 717 futuri
651 674 693 716 in
714 673 845 717 vitam
869 682 1099 729 aeternam,
1136 680 1179 715 et
1211 671 1332 715 novit
1349 672 1437 731 jam

50 746 174 791 illum
199 745 413 805 populum
437 744 704 790 distinctum.
728 747 782 788 Et
805 745 838 788 si
867 744 957 804 ipse
975 744 1111 797 novit,
1145 752 1188 786 ct
1212 743 1439 801 Prophetis

51 817 172 861 dedit
195 832 318 860 nosse
342 831 418 875 per
450 816 656 875 Spiritum
681 829 825 869 suum,
851 814 974 859 dedit
1000 823 1043 858 et
1075 814 1247 859 Joanni.
1282 817 1438 857 Atten-

50 887 183 934 debat
204 903 306 947 ergo
329 891 533 942 Joanncs,
558 903 647 931 non
678 886 808 932 oculo
842 902 949 944 suo,
990 901 1089 931 nam
1132 895 1346 946 quantum
1385 885 1439 930 ad

50 958 192 1019 ipsum
214 959 418 1018 pertinet,
447 967 559 1002 terra
587 967 666 1013 est,
691 968 733 1003 et
751 960 806 1002 de
829 968 942 1002 terra
976 958 1172 1018 loquitur
1194 976 1202 1002 :
1229 957 1305 1001 sed
1323 958 1367 1001 in
1390 973 1440 1002 ea

51 1031 184 1090 gratia
204 1030 404 1090 Spiritus,
429 1045 561 1089 quam
585 1031 752 1090 accepit
774 1046 796 1074 a
831 1033 936 1085 Deo,
962 1029 1072 1073 vidit
1103 1028 1338 1090 quemdam
1360 1044 1441 1089 po-

50 1100 233 1162 pulum
223 1100 423 1160 impium,
445 1100 701 1145 infidelem:
734 1100 962 1161 attendens
983 1099 1134 1144 illum
1124 1115 1169 1143 in
1186 1099 1441 1145 infidelitate

51 1187 144 1227 sua,
162 1173 251 1217 ait:
275 1173 589 1218 Testimonium
612 1173 702 1232 ejus
725 1173 801 1232 qui
816 1172 937 1217 venit
957 1171 1012 1216 de
1034 1170 1164 1227 coelo,
1182 1185 1311 1216 nemo
1326 1173 1440 1216 acci-

51 1243 130 1303 pit.
157 1247 349 1297 Quorum
377 1245 536 1288 nemo?
558 1246 721 1288 Eorum
745 1244 820 1303 qui
843 1242 898 1287 ad
919 1243 1135 1287 sinistram
1158 1241 1295 1287 futuri
1321 1253 1438 1299 sunt,

51 1329 201 1360 eorum
238 1316 398 1375 quibus
435 1315 604 1360 dicetur
636 1334 645 1360 :
691 1333 711 1357 «
751 1317 814 1358 Ite
848 1315 892 1358 in
931 1315 1074 1372 ignem
1109 1323 1324 1359 aeternum
1365 1279 1443 1374 qui

54 1404 76 1429 ι)
109 1396 375 1446 praeparatus
390 1397 454 1432 est
476 1386 653 1432 diabolo
670 1396 712 1431 et
729 1386 893 1446 angelis
910 1388 1001 1446 ejus
1016 1390 1046 1431 ¹.
1069 1404 1088 1428 »
1114 1387 1200 1440 Qui
1217 1401 1320 1446 ergo
1337 1387 1445 1431 acci-

52 1457 210 1518 piunt?
245 1457 311 1502 Illi
335 1458 412 1517 qui
434 1457 489 1502 ad
511 1456 731 1502 dexteram
770 1455 908 1501 futuri
939 1466 1057 1512 sunt,
1087 1456 1151 1501 illi
1174 1457 1336 1517 quibus
1373 1457 1442 1501 di-

52 1528 165 1573 citur
192 1547 201 1572 ε
226 1547 246 1570 «
283 1529 455 1582 Venite,
483 1528 703 1573 benedicti
728 1529 863 1573 Patris
892 1529 992 1582 mei,
1020 1528 1228 1588 percipite
1260 1543 1444 1587 regnum

55 1616 76 1641 »
111 1598 233 1659 quod
253 1599 377 1644 vobis
397 1608 597 1659 paratum
630 1610 694 1644 est
726 1600 781 1644 ab
803 1600 969 1659 origine
996 1598 1166 1644 mundi.
1196 1617 1216 1640 η
1243 1600 1444 1644 Attendit

52 1685 153 1729 ergo
170 1670 215 1714 in
233 1670 387 1730 spiritu
406 1671 684 1725 divisionem,
710 1672 754 1714 in
779 1686 935 1729 genere
951 1679 1096 1715 autem
1109 1671 1303 1716 humano
1322 1686 1444 1716 com-

53 1741 304 1786 mixtionem
322 1762 333 1800 3
353 1750 396 1786 et
417 1741 537 1801 quod
559 1740 757 1786 nondum
779 1741 885 1786 locis
915 1751 1161 1801 separatum
1190 1750 1254 1786 est
1276 1757 1445 1801 separa-

51 1811 116 1858 vit
136 1812 380 1867 intellectu,
405 1812 617 1872 separavit
638 1811 779 1857 cordis
798 1821 1000 1872 aspectu3
1024 1821 1068 1857 et
1098 1812 1208 1857 vidit
1229 1812 1338 1858 duos
1360 1828 1443 1873 po-

52 1883 195 1945 pulos,
230 1883 427 1928 fidelium
458 1893 501 1929 et
529 1883 805 1929 infidelium:
831 1885 1017 1929 attendit
1038 1883 1250 1941 infideles,
1283 1894 1328 1930 et
1344 1885 1403 1930 ait
1431 1904 1439 1930 ε

56 1973 78 1998 «
111 1955 196 2009 Qui
215 1955 270 2018 de
301 1954 414 2000 coelo
436 1956 571 2010 venit,
600 1970 729 2015 supra
751 1970 901 2000 omnes
931 1965 1011 2011 est,
1045 1965 1088 2000 et
1117 1955 1238 2017 quod
1268 1956 1377 2001 vidit
1400 1966 1444 2002 et

57 2044 76 2068 n
103 2026 284 2082 audivit,
305 2027 388 2071 hoc
403 2035 602 2082 testatur,
623 2036 666 2072 et
681 2027 975 2072 testimonium
987 2029 1078 2089 ejus
1090 2043 1219 2073 nemo
1237 2029 1438 2089 accipit.»

53 2097 224 2142 Deinde
245 2097 464 2142 transtulit
486 2113 531 2142 se
548 2113 571 2141 a
593 2098 776 2153 sinistra,
802 2107 845 2142 et
876 2099 1038 2158 aspexit
1061 2099 1115 2143 ad
1136 2098 1374 2155 dexteram,
1400 2108 1444 2144 et

51 2177 224 2214 secutus
247 2169 330 2214 ait:
348 2188 367 2211 «
393 2170 479 2223 Qui
502 2169 667 2229 accepit
689 2171 985 2215 testimonium
1003 2173 1113 2232 ejus,
1131 2171 1315 2231 signavit
1337 2171 1442 2232 quia

56 2257 76 2282 u
110 2242 224 2283 Deus
245 2254 372 2283 verax
390 2248 467 2284 est.
492 2258 511 2281 »
538 2239 655 2293 Quid
683 2249 760 2296 est,
792 2259 811 2283 «
836 2242 1021 2301 signavit
1054 2243 1156 2303 quia
1181 2245 1294 2287 Deus
1315 2258 1442 2287 verax

55 2327 76 2352 »
110 2318 190 2360 est,
216 2328 235 2350 υ
258 2309 337 2353 nisi
366 2310 498 2354 homo
524 2311 711 2355 mendax
738 2319 817 2367 est,
847 2322 890 2357 et
919 2315 1033 2358 Deus
1055 2328 1185 2358 verax
1212 2315 1309 2358 est?
1331 2314 1441 2366 Quia

52 2395 182 2425 nemo
199 2380 427 2425 hominum
444 2389 586 2440 potest
606 2380 749 2426 dicere
769 2381 890 2442 quod
908 2384 1099 2443 veritatis
1120 2393 1209 2439 est,
1232 2384 1313 2428 nisi
1336 2383 1442 2427 illu-

53 2451 240 2496 minetur
261 2452 317 2496 ab
338 2467 390 2497 eo
411 2452 488 2513 qui
511 2453 685 2497 mentiri
706 2469 796 2497 non
817 2463 973 2513 potest.
1000 2458 1114 2500 Deus
1149 2470 1252 2515 ergo
1282 2470 1408 2500 verax
1428 2476 1438 2512 3

50 2522 247 2568 Christus
268 2533 415 2568 autem
446 2527 575 2570 Deus.
602 2526 674 2570 vis
699 2525 916 2585 probare?
946 2527 1106 2587 Accipe
1142 2528 1439 2573 testimonium

102 2613 112 2631 ¹
127 2609 247 2641 Matth.
267 2619 344 2652 xxv,
359 2608 414 2651 [μ.

31 1245 49 1252 κ
