1809 3173
350 217 434 255 316
771 227 803 256 S.
841 229 1069 258 AUGUSTINI
1103 233 1283 259 EPISCOPI

346 304 416 338 tur
453 302 502 337 ut
540 308 731 339 amemus
772 296 1008 352 unitatem,
1047 307 1090 341 et
1130 299 1357 342 timeamus
1395 301 1726 358 separationem.

345 364 461 410 Nihil
484 365 597 408 enim
621 366 679 409 sic
702 366 833 410 debet
860 366 1093 411 formidare
1123 369 1418 424 Christianus,
1450 387 1583 429 quam
1605 387 1730 430 sepa-

346 435 429 478 rari
474 451 495 479 a
539 451 719 495 corpore
767 437 941 481 Christi.
992 439 1035 482 Si
1072 439 1187 482 enim
1232 450 1454 499 separatur
1490 458 1511 485 3
1551 457 1731 501 corpore

346 507 526 561 Christi,
561 523 649 551 non
682 517 744 551 est
780 510 1026 552 membrum
1062 511 1180 569 ejus,
1214 511 1245 553 si
1277 528 1365 556 non
1396 522 1458 557 est
1489 514 1732 558 membrum

347 578 458 636 ejus,
485 593 573 621 non
602 587 828 636 vegetatur
854 579 1018 637 Spiritu
1041 581 1133 639 ejus
1162 600 1170 624 ε
1201 600 1220 622 1(
1248 581 1450 642 Quisquis
1468 593 1635 638 autem,
1661 585 1732 628 111-

349 666 367 688 »
405 649 499 707 quit
523 648 780 706 Apostolus,
805 649 1012 711 Spiritum
1026 651 1184 695 Christi
1207 667 1294 695 non
1310 653 1444 697 habet
1460 689 1469 708 ,
1487 654 1656 698 hicnon
1671 664 1733 699 est

348 738 368 760 »
406 721 494 779 ejus
519 722 547 763 ¹.
568 721 749 779 Spiritus
769 739 787 761 »
804 736 905 778 ergo
931 740 949 762 «
967 731 1030 765 est
1044 723 1317 781 quivivificat
1333 759 1343 776 ,
1360 740 1458 768 earo
1484 734 1629 768 autem
1644 741 1733 770 non

350 808 369 830 1»
405 790 580 848 prodest
604 790 860 849 quidquam.
885 792 1023 835 Verba
1046 809 1145 851 quae
1168 809 1247 851 ego
1271 794 1442 838 locutus
1464 811 1559 839 sum
1584 796 1729 851 vobis,

406 861 580 919 spiritus
607 870 650 904 et
675 861 762 905 vita
794 871 896 906 sunt
933 898 942 906 .
982 881 1001 903 »
1041 863 1157 916 Quid
1187 874 1273 919 cst,
1309 885 1328 907 «
1369 866 1552 925 Spiritus
1581 877 1624 911 et
1645 868 1732 911 vita

350 949 369 971 »
404 933 535 974 sunt?
567 950 584 971 »
613 931 870 990 Spiritaliter
897 931 1181 992 intelligenda
1213 945 1329 979 sunt.
1364 935 1618 981 Intellexisti
1643 938 1732 996 spi-

348 1001 560 1046 ritaliter?
596 1023 615 1044 «
653 1004 836 1062 Spiritus
864 1014 905 1047 et
940 1005 1029 1048 vita
1061 1016 1177 1050 sunt.
1218 1025 1236 1047 »
1270 1005 1523 1051 Intellexisti
1551 1008 1734 1052 carnali-

348 1075 442 1117 ter?
468 1073 610 1117 Etiam
637 1074 694 1119 sic
722 1074 794 1118 illa
828 1095 846 1116 «
875 1075 1057 1134 Spiritus
1078 1085 1121 1120 et
1142 1077 1227 1122 vita
1250 1087 1373 1133 sunt,
1403 1097 1421 1119 »
1451 1077 1525 1122 sed
1549 1078 1627 1122 tibi
1645 1094 1735 1123 11011

347 1155 463 1190 sunt.

407 1220 507 1261 Vll.
538 1236 557 1258 «
585 1217 668 1262 Sed
690 1226 790 1261 sunt
808 1218 1003 1277 quidam,
1035 1219 1193 1279 inquit,
1214 1220 1260 1263 in
1286 1221 1410 1265 vobis
1431 1222 1506 1280 qui
1537 1236 1623 1266 non
1645 1237 1734 1266 cre-

352 1307 372 1329 »
410 1288 522 1332 dunt
547 1292 578 1331 Ἰ.
609 1307 628 1328 1)
667 1292 760 1334 Νο11
790 1289 898 1333 dixit
925 1309 933 1334 :
968 1293 1078 1335 Sunt
1105 1291 1282 1350 quidam
1311 1293 1355 1335 in
1389 1293 1510 1337 vohis
1540 1293 1615 1353 qui
1646 1309 1736 1337 non

349 1359 598 1417 intelligunt
628 1379 636 1403 ;
681 1362 755 1403 sed
797 1376 969 1403 causam
1008 1361 1140 1416 dixit,
1177 1378 1311 1421 quare
1346 1379 1435 1407 non
1468 1363 1730 1422 intelligant.

334 1450 371 1481 ,α
400 1433 510 1474 Sunt
532 1431 647 1474 enim
666 1430 843 1490 quidam
867 1432 911 1475 in
930 1432 1050 1476 vohis
1067 1433 1143 1492 qui
1167 1449 1255 1477 non
1283 1433 1469 1478 credunt
1494 1453 1502 1478 ε
1533 1452 1552 1475 »
1576 1444 1618 1478 et
1635 1434 1735 1479 ideo

348 1518 438 1546 11011
457 1502 731 1561 intelligunt,
753 1504 853 1563 quia
877 1520 964 1548 non
987 1504 1187 1549 credunt.
1218 1506 1433 1564 Propheta
1452 1506 1567 1549 enim
1591 1506 1700 1552 dixit
1722 1526 1730 1551 :

352 1593 371 1614 «
409 1573 495 1617 Nisi
511 1572 779 1617 credideritis
799 1609 809 1629 ,
829 1590 918 1618 11011
940 1575 1188 1634 intelligetis
1204 1578 1235 1619 3.
1264 1595 1284 1617 »
1310 1577 1537 1620 Persidem
1562 1577 1738 1636 copula-

350 1659 469 1699 mur,
496 1659 571 1703 per
592 1643 862 1689 intellectum
889 1646 1160 1690 vivificamur
1186 1682 1194 1690 .
1231 1646 1354 1690 Prius
1386 1647 1629 1691 haereamus
1658 1663 1736 1707 per

352 1714 498 1769 fidem,
533 1724 583 1759 ut
605 1716 658 1759 sit
683 1716 803 1776 quod
831 1717 1072 1761 vivificetur
1106 1733 1179 1777 per
1206 1717 1494 1762 intellectum.
1520 1721 1629 1763 Nam
1660 1719 1736 1779 qui

354 1802 442 1829 non
472 1787 630 1840 haeret,
652 1788 808 1831 resistit
835 1808 842 1832 :
868 1788 945 1847 qui
966 1789 1137 1843 resistit,
1155 1804 1244 1832 non
1259 1788 1409 1832 credit.
1440 1791 1549 1833 Nam
1572 1789 1647 1849 qui
1670 1804 1737 1833 re-

355 1857 482 1911 sistit,
510 1857 732 1917 quomodo
759 1858 1027 1902 vivificatur?
1055 1858 1336 1902 Adversarius
1366 1868 1429 1902 est
1456 1859 1577 1904 radio
1599 1859 1735 1918 lucis,

355 1943 444 1986 quo
461 1928 755 1987 penetrandus
773 1937 834 1972 est
858 1948 866 1972 :
892 1944 980 1972 non
1004 1929 1157 1972 avertit
1173 1929 1324 1983 aciem,
1345 1928 1417 1972 sed
1434 1928 1598 1973 claudit
1619 1944 1739 1974 men-

360 2008 459 2041 tem.
486 2017 504 2039 «
525 2001 632 2043 Sunt
658 2016 674 2038 n
688 2014 787 2057 ergo
810 2019 827 2041 «
847 1998 1025 2059 quidam
1036 1999 1111 2058 qui
1127 2014 1215 2042 non
1228 1998 1427 2042 credunt.
1448 2017 1468 2040 »
1487 1998 1678 2044 Credant
1695 2010 1737 2045 et

355 2069 577 2127 aperiant,
604 2071 799 2129 aperiant
821 2080 863 2113 et
888 2069 1269 2113 illuminabuntur.
1301 2089 1321 2111 «
1351 2070 1522 2115 Sciebat
1544 2071 1659 2114 enim
1682 2072 1737 2116 ab

354 2140 475 2184 initio
491 2143 613 2184 Jesus
635 2142 710 2201 qui
737 2150 876 2184 essent
897 2140 1122 2185 credentes
1139 2175 1149 2194 ‚
1179 2149 1221 2183 et
1249 2141 1344 2201 quis
1366 2142 1603 2185 traditurus
1626 2152 1736 2187 esset

352 2226 452 2253 cum
483 2213 513 2253 ⁴.
537 2211 602 2253 Ibi
625 2211 739 2255 enim
763 2221 854 2255 erat
876 2221 918 2255 et
939 2214 963 2255 J
969 2212 1088 2256 udas.
1121 2215 1227 2258 Nam
1258 2212 1437 2272 quidam
1460 2212 1735 2257 scandalizati

351 2290 451 2324 sunt
473 2300 482 2324 ;
508 2280 578 2324 ille
602 2293 747 2325 autem
772 2283 927 2326 mansit
956 2284 1010 2327 ad
1033 2283 1350 2337 insidiandum,
1383 2300 1471 2328 non
1499 2285 1555 2327 ad
1576 2283 1733 2330 intelli-

352 2351 559 2410 gendum.
588 2355 643 2397 Et
667 2353 768 2413 quia
791 2353 888 2398 ideo
911 2364 1150 2410 manserat,
1177 2346 1276 2399 non‘
1296 2353 1350 2398 de
1379 2354 1454 2399 1110
1488 2356 1624 2399 tacuit
1651 2359 1735 2400 Do-

354 2425 511 2468 minus.
547 2426 643 2469 Non
675 2424 799 2468 illum
829 2427 1054 2485 expressit,
1091 2426 1165 2471 sed
1199 2442 1279 2471 nec
1319 2427 1437 2471 siluit
1468 2446 1476 2472 :
1510 2437 1560 2471 ut
1586 2443 1736 2472 omnes

351 879 360 900 )

361 880 370 901 ν

420 2528 429 2541 ¹
463 2523 541 2553 Rom
586 2520 726 2563 v111,‘9.
747 2539 785 2544 -
810 2530 822 2545 ²
852 2525 942 2554 Joan.
979 2522 1106 2563 v1,‘65.
1142 2523 1190 2546 -”
1215 2523 1316 2557 3Isa'1'.
1349 2536 1411 2565 vn,
1429 2524 1475 2567 9,-
1493 2525 1586 2565 juxta
1610 2536 1679 2556 Lxx.
1702 2541 1738 2548 --

355 2575 370 2605 4
385 2579 475 2609 Joan.
492 2589 538 2616 vr,
551 2578 606 2609 (35.
