1809 3173
352 169 436 206 270
781 175 814 204 S·
851 175 1080 206 AUGUSTINI
1114 180 1294 208 Emscol‘l

349 244 425 288 sed
441 262 460 285 «
478 243 736 288 honorificat
753 259 771 284 »
787 252 830 288 et
844 262 863 286 «
875 244 1147 290 honorificat.
1171 264 1190 286 »
1211 249 1460 290 Honoratur
1476 246 1589 290 enim
1605 248 1735 291 homo

348 314 559 368 Christus,
585 312 661 357 sed
681 330 770 358 non
791 314 901 358 sicut
925 318 1052 359 Pater
1087 319 1213 359 Deus.
1240 319 1407 369 Quare?
1436 317 1546 368 Quia
1581 332 1735 361 secun-

347 384 451 428 dum
482 386 564 429 hoc
599 384 728 438 dixit,
756 389 880 429 Pater
910 386 1045 445 major
1082 401 1152 428 me
1187 388 1290 430 est¹.
1319 405 1338 428 »
1372 387 1558 439 Quando
1589 397 1735 431 autem

349 456 663 500 honorificatur
693 455 854 511 Filius,
890 456 1003 500 sieut
1029 457 1342 500 honorificatur
1373 461 1496 501 Pater
1510 462 1526 500 2²
1558 461 1669 503 Cum
1692 460 1738 502 in

347 528 560 588 principio
595 537 686 572 erat
702 528 913 582 Verbum,
940 537 983 571 et
1015 527 1208 571 Verbum
1239 538 1331 573 erat
1364 529 1481 589 apud
1511 534 1672 584 Deum,
1695 540 1738 574 et

349 599 586 658 omnia-per
603 599 744 657 ipsum
761 599 871 641 facta
892 606 1008 641 sunt.
1028 600 1082 641 Et
1101 598 1257 642 ideoin
1280 599 1361 642 hae
1381 600 1738 644 honorificatione

348 668 537 713 secunda
560 668 670 728 quid
696 668 782 711 ait?
808 687 828 709 «
849 668 934 720 Qui
954 683 1041 711 non
1060 668 1318 712 honorificat
1342 669 1528 725 Filium,
1554 686 1633 714 nec
1655 671 1738 714 ho-

351 757 371 781 »
408 740 607 784 norificat
634 742 804 782 Panem
827 738 903 798 qui
926 738 1042 782 misit
1068 738 1208 784 illum.
1234 758 1253 781 »
1276 742 1467 785 Non-est
1489 741 1641 786 missus
1663 742 1738 785 Fi·

348 808 449 865 liu.‚s
471 810 552 854 nisi
569 811 671 870 quia
692 809 830 854 iaetus
850 819 912 853 est
935 810 1082 855 homo

406 883 526 925 XIV.
559 900 578 923 «
614 884 782 935 Amen,
807 895 933 924 amen
956 880 1054 925 dico
1089 881 1211 926 vobis
1235 884 1268 925 ².
1308 899 1328 923 »
1356 858 1519 926 Iteium
1544 881 1657 926 ledit
1684 882 1740 926 ad

351 952 707 997 iesurrectionem
721 952 981 1007 animarum,
997 961 1047 996 ut
1065 953 1233 997 assidue
1257 952 1472 997 dicentem
1487 970 1523 998 e
1513 954 1736 1013 ι])ἰ3ηηιε;

348 1025 450 1085 quia
491 1024 613 1070 velut
643 1023 864 1068 volantem
900 1040 1141 1068 sermonem
1186 1025 1307 1084 sequi
1344 1041 1431 1068 non
1466 1035 1737 1084 poteramus3

348 1112 447 1141 ecee
471 1096 727 1139 immoratur
749 1095 979 1138 nobiscum
1004 1110 1145 1138 sermo
1169 1095 1273 1149 Dei,
1298 1111 1397 1139 ecee
1427 1096 1549 1154 quasi
1572 1096 1741 1139 habitat

348 1183 449 1211 cum
471 1166 799 1210 infirmitatibus
834 1166 989 1210 nostris
1016 1185 1023 1209 :
1052 1165 1163 1208 redit
1186 1182 1357 1210 rursum
1381 1166 1434 1210 ad
1457 1166 1739 1210 commenda-

348 1239 511 1283 tionem
551 1237 874 1281 resurreetionis
914 1237 1171 1280 animarum.
1217 1256 1237 1278 «
1274 1241 1439 1291 Amen,
1477 1252 1601 1280 amen
1640 1236 1739 1281 dico

352 1329 372 1352 »
407 1310 556 1363 vobis,
583 1310 684 1368 quia
714 1309 790 1368 qui
820 1308 1003 1352 verbum
1032 1323 1177 1352 meum
1204 1307 1346 1363 audit,
1374 1318 1417 1351 et
1440 1307 1575 1352 credit
1605 1309 1644 1352 ei
1664 1309 1740 1368 qui

351 1400 369 1422 »
407 1397 475 1424 me
503 1381 642 1434 misit,
668 1381 801 1424 habet
830 1379 963 1423 vitam
996 1388 1205 1422 eteinam
1244 1398 1252 1423 ·.
1292 1397 1311 1419 »
1341 1374 1421 1422 sed‘
1448 1388 1655 1457 tanquam
1688 1395 1739 1423 ex

349 1454 499 1503 Patre?
525 1472 544 1494 «
571 1453 680 1505 Quia
703 1451 778 1511 qui
801 1451 982 1494 verbum
1008 1466 1151 1494 meum
1189 1450 1331 1505 audit,
1357 1460 1399 1494 et
1429 1451 1568 1495 credit
1596 1451 1634 1494 ei
1662 1451 1739 1511 qui

351 1542 370 1565 »
408 1524 523 1568 misit
546 1539 638 1576 me
668 1541 686 1563 n
713 1538 763 1565 ex
786 1525 995 1575 Pa11e‚«
1020 1522 1151 1565 habet
1172 1521 1305 1565 vitam
1333 1531 1569 1576 aetcinam,
1598 1540 1617 1562 »
1644 1536 1739 1565 eie-

349 1594 526 1638 dendo
517 1610 565 1638 ln
583 1609 680 1637 eum
705 1592 916 1656 qui'misit
941 1590 1078 1635 illum.
1109 1611 1130 1633 ς(
1162 1591 1247 1635 Et
1238 1608 1283 1634 m
1303 1591 1517 1651 judicium
1547 1607 1636 1635 non
1659 1607 1737 1635 ve-

351 1684 371 1707 »
407 1666 523 1718 niet,
549 1664 624 1708 sed
659 1663 827 1708 transiit
862 1679 884 1706 a
910 1671 1049 1706 morte
1072 1661 1128 1706 ad
1154 1663 1288 1706 vitam
1317 1681 1325 1706 ε
1365 1681 1384 1703 »
1417 1663 1492 1705 sed
1522 1678 1575 1705 ex
1612 1666 1737 1706 Patre

346 1736 610 1789 vivificatur,
635 1735 705 1778 eui
725 1734 878 1778 credit.
907 1733 1023 1786 Quid
1041 1768 1052 1788 ‚
1079 1743 1140 1777 tu
1156 1749 1245 1777 non
1266 1732 1481 1776 vivificas?
1503 1732 1613 1776 Vide
1635 1732 1737 1791 quia

349 1816 392 1851 et
414 1806 548 1851 Filius
580 1822 688 1866 quos
722 1805 819 1850 vult
840 1805 1044 1849 vivificat.
1085 1823 1104 1846 «
1131 1807 1294 1859 Amen⁷
1326 1820 1452 1847 amen
1471 1803 1569 1847 dico
1592 1804 1733 1859 vohis,

351 1897 371 1921 »
407 1879 509 1939 quia
530 1879 650 1923 venit
680 1879 807 1931 hora,
834 1877 1012 1936 quando
1048 1877 1208 1919 mortui
1245 1876 1424 1919 audient
1455 1890 1606 1919 vocem
1640 1875 1736 1918 Filii

351 1968 370 1991 ))
408 1950 499 2004 Dei,
525 1959 567 1993 et
584 1949 660 2008 qui
678 1946 892 1991 audierint
918 1947 1065 1989 vivent
1087 1946 1118 1988 3.
1147 1964 1166 1985 >›
1196 1946 1274 1988 Hie
1296 1961 1383 1989 non
1407 1946 1530 2000 dixit,
1556 1945 1737 1989 credent

349 2021 387 2064 ei
403 2022 479 2080 qui
502 2020 616 2064 misit
639 2035 723 2074 me,
750 2027 793 2062 et
811 2016 908 2061 ideo
932 2017 1080 2060 vivent
1105 2035 1113 2060 2
1135 2015 1210 2059 sed
1233 2015 1451 2059 audiendo
1469 2031 1618 2059 vocem
1639 2015 1736 2059 Filii
1799 2049 1802 2051 -

348 2092 450 2145 Dei,
493 2111 511 2133 «
538 2091 619 2144 Qui
652 2088 894 2142 audierint,
923 2107 940 2128 η
968 2088 1051 2131 hoc
1086 2096 1147 2130 est
1175 2086 1453 2130 obaudierint
1485 2085 1594 2130 Filio
1630 2085 1730 2141 Dei,

353 2182 374 2206 «
407 2163 569 2207 vivent.
600 2181 619 2203 »
647 2165 762 2220 Ergo
785 2170 827 2204 et
844 2176 894 2203 ex
917 2163 1042 2203 Patre
1072 2159 1246 2213 vivent,
1276 2174 1373 2202 eum
1398 2159 1576 2201 credent
1597 2157 1731 2215 Patri3

349 2243 392 2278 et
415 2250 464 2278 ex
483 2233 593 2277 Filio
611 2233 774 2286 vivent,
798 2246 899 2275 eum
923 2230 1102 2274 audient
1120 2244 1270 2273 vocem
1294 2229 1393 2273 Filii
1414 2229 1673 2281 Dei..Quare
1691 2237 1734 2271 et
1798 2241 1806 2258 2

348 2322 400 2349 ex
432 2309 555 2349 Patre
590 2304 739 2348 vivent
759 2311 802 2346 et
835 2318 887 2345 ex
918 2301 1028 2345 Filio
1060 2301 1239 2344 vivent?
1267 2318 1285 2341 «
1315 2301 1434 2344 Sicut
1456 2300 1570 2342 enim
1600 2298 1734 2342 habet
1795 2299 1802 2305 '

351 2395 370 2418 »
408 2379 532 2420 Pater
553 2375 686 2419 vitam
718 2374 764 2416 in
785 2372 1039 2432 semetipso,
1063 2371 1121 2416 sie
1143 2370 1264 2415 dedit
1286 2371 1397 2415 Filio
1415 2371 1574 2415 habere
1595 2369 1731 2414 vitam

349 2466 368 2491 »
404 2448 450 2493 in
468 2446 712 2506 semetipso.
738 2446 754 2471 4
784 2464 803 2487 »

393 2541 402 2558 ¹
429 2535 519 2566 Joau.
542 2543 609 2574 xlv,
623 2534 676 2565 28.
695 2547 736 2554 ·-
754 2531 827 2563 ²1d.
847 2540 880 2572 v,
900 2528 954 2572 24.
972 2545 1010 2553 —
1037 2526 1152 2562 ³1bid.
1173 2527 1228 2561 25.
1249 2542 1291 2550 -—
1308 2524 1322 2557 4
1342 2526 1425 2560 Ιὺίᾱ,
1447 2524 1501 2560 26,
