1825 3214
294 212 335 236 im·
371 211 548 237 „ioannis
582 209 895 246 EvAisuEmuM,
930 208 1076 235 Times.
1117 211 1184 235 χι.
1350 197 1434 234 4452

47 276 158 334 agis,
184 275 403 319 stabulum
428 285 490 320 est
506 276 597 319 liaec
621 275 720 318 vita.
749 278 874 318 Utere
898 291 1094 328 mutuno,
1112 274 1335 335 quomodo
1356 276 1436 318 via-

49 355 115 390 tor
138 346 180 390 in
195 346 368 390 stabulo
388 347 524 389 utitur
548 361 710 398 mensa,
729 344 879 398 calice,
908 361 1052 399 urceo,
1079 346 1264 399 lectulo,
1290 346 1438 389 dimis-

46 431 195 465 surus,
221 432 308 460 non
334 431 653 475 permansurus.
677 417 719 461 Si
745 416 850 460 tales
878 415 1046 459 fueritis
1065 452 1074 470 ‚
1102 417 1252 473 erigite
1271 433 1345 460 eor
1362 416 1438 476 qni

48 488 225 547 potestis
241 522 252 540 ‚
275 497 317 530 et
345 488 492 531 audite
526 503 594 531 me
621 507 629 532 ε
650 487 684 534 si
704 486 808 532 tales
829 485 1015 542 fueritis,
1045 489 1099 531 ad
1120 489 1209 546 ejus
1235 489 1439 546 promissa

47 559 242 604 venietis.
265 561 360 603 Non
382 559 498 603 enim
537 559 725 603 multum
755 569 819 603 est
851 558 906 602 ad
936 574 1034 613 vos,
1065 559 1166 618 quia
1201 575 1354 616 magna
1378 568 1439 603 est

47 645 202 674 manus
226 631 316 690 ejus
335 630 410 690 qui
433 646 508 674 vos
540 630 726 675 vocavit.
754 630 962 683 Voeavit‚
991 630 1246 673 invocetur:
1273 629 1441 672 dicatur

48 698 139 754 illi,
165 701 337 745 Vocasti
367 717 443 745 nos
460 737 471 754 ‚
498 702 751 746 invocamus
775 711 815 745 te
837 722 848 757 ς
877 716 978 745 eece
1000 699 1244 744 audivimus
1277 715 1440 744 vocan-

51 781 152 825 tem,
168 772 269 816 audi
292 773 566 817 invocantes:
589 774 752 832 perduc
770 771 857 832 q'uo
878 771 1122 831 promisisti,
1148 771 1306 830 perfice
1321 772 1442 831 quod

46 842 285 887 inchoasti:
314 842 405 887 noli
428 843 626 887 deserere
651 859 828 886 munera
853 852 943 897 tua,
970 843 1058 887 noli
1076 842 1271 885 deserere
1288 857 1439 900 agrum

48 922 199 967 tuum,
226 914 419 972 germina
446 923 517 956 tua
539 914 702 956 intrent
722 914 766 956 in
791 914 1008 957 horreum.
1038 911 1275 956 Abunclant
1292 922 1442 956 tenta-

46 984 186 1028 tiones
207 984 250 1027 in
271 983 455 1038 mundo,
477 984 550 1028 sed
572 985 708 1044 major
731 994 792 1028 est
817 985 889 1044 qui
919 984 1013 1028 feeit
1042 984 1254 1027 mundum
1278 1004 1285 1028 ι
1306 984 1443 1027 abun·

47 1053 154 1098 dant
178 1057 438 1098 tentationes
457 1090 466 1107 ‚
494 1054 569 1098 sed
592 1071 679 1099 non
711 1056 856 1099 d‹·ficit
878 1056 952 1115 qui
976 1055 1020 1097 in
1044 1053 1120 1098 illo
1143 1070 1262 1113 spem
1288 1054 1409 1114 ponit
1428 1089 1438 1108 ,

47 1126 92 1169 in
114 1141 203 1184 quo
221 1125 416 1169 desectus
435 1125 582 1168 nullus
601 1135 678 1169 est.

106 1197 186 1239 xl.
210 1195 276 1239 Ad
296 1196 377 1240 hoc
411 1197 606 1239 hortatus
628 1211 723 1238 sum
748 1196 841 1247 ista,
869 1194 1021 1239 tratres
1038 1230 1047 1247 ‚
1070 1195 1168 1254 quia
1190 1195 1364 1238 libertas
1388 1196 1443 1238 (le

47 1282 133 1327 qua
156 1266 355 1326 loquitur
377 1267 586 1311 Dominus
618 1274 763 1309 noster
786 1269 909 1309 =lesus
935 1266 1133 1310 Christus
1149 1301 1159 1320 ‚
1196 1281 1282 1308 non
1317 1266 1444 1325 liujus

50 1338 254 1398 temporis
277 1349 356 1383 est.
383 1337 539 1382 Videte
573 1337 682 1397 quid
705 1337 914 1396 adjunxit.
955 1357 974 1378 «
1001 1339 1113 1380 Vere
1133 1336 1333 1396 discipuli
1360 1337 1444 1380 mei

51 1427 71 1450 n
107 1409 226 1453 eritis
245 1444 256 1464 ‚
293 1419 337 1453 et
377 1408 648 1466 cognoscetis
686 1407 910 1451 veritatem
929 1443 939 1461 ‚
979 1417 1020 1450 et
1055 1407 1209 1451 veritas
1240 1406 1444 1451 liberabit

51 1498 72 1521 »
107 1495 183 1524 vos
203 1483 229 1522 ¹.
253 1500 269 1519 »
297 1478 409 1532 Quid
431 1489 522 1533 est,
552 1500 570 1520 «
592 1477 798 1521 liberabit
820 1480 928 1522 vos?
954 1497 971 1517 »
1000 1478 1178 1522 Liberos
1201 1493 1276 1522 vos
1299 1478 1438 1522 saciet.

47 1550 244 1610 Denique
258 1549 402 1594 Judaei
424 1548 632 1603 carnales,
653 1557 695 1592 et
719 1548 959 1592 secundum
982 1564 1156 1592 earnem
1175 1549 1438 1609 judicantes,

47 1636 136 1665 non
160 1621 205 1664 hi
228 1621 303 1680 qui
335 1619 641 1672 crediderant,
674 1619 748 1663 sed
776 1619 820 1662 in
852 1619 923 1663 illa
958 1620 1084 1663 turba
1118 1621 1195 1680 qui
1218 1629 1342 1663 erant
1366 1620 1442 1679 qui

48 1707 138 1736 non
173 1691 438 1743 credebant,
474 1691 678 1751 injuriam
710 1691 789 1735 sibi
829 1690 987 1736 factam
1008 1700 1298 1750 putaverunt,
1340 1691 1442 1751 quia

48 1761 154 1806 dixit
173 1762 232 1806 eis
260 1781 268 1807 z
299 1781 318 1804 «
342 1761 510 1805 Veritas
532 1761 737 1805 liberabit
759 1777 849 1805 vos.
879 1781 898 1802 »
926 1761 1145 1821 Indignati
1167 1772 1270 1806 sunt
1299 1777 1442 1806 servos

49 1847 94 1877 se
115 1848 203 1876 esse
238 1833 516 1892 significatos.
558 1835 615 1876 Et
652 1848 752 1876 vere
774 1833 884 1876 servi
906 1842 1043 1876 erant.
1083 1836 1139 1876 Et
1162 1833 1338 1892 exponit
1359 1832 1442 1877 illis

49 1918 149 1964 quae
182 1904 236 1948 sit
258 1905 466 1959 servitus,
493 1912 536 1947 et
557 1920 657 1964 quae
689 1903 742 1947 sit
775 1902 922 1948 futura
956 1903 1160 1958 libertas,
1187 1920 1318 1964 quam
1352 1905 1442 1962 ipse

48 1975 279 2033 promittit.
320 1973 405 2018 Sed
428 1974 482 2017 de
501 1974 582 2018 hac
608 1974 809 2017 libertate
832 1983 875 2017 et
897 1974 951 2017 de
972 1972 1046 2017 illa
1075 1974 1282 2018 servitute
1314 1974 1441 2019 nimis

49 2043 232 2104 longum
250 2053 314 2088 est
336 2053 385 2088 ut
408 2042 537 2088 hodie
558 2042 846 2103 disputemus.

99 2147 107 2163 ¹
128 2143 219 2173 Joan.
241 2152 313 2182 vni,
332 2141 387 2182 31,
409 2141 462 2172 39..
