1809 3173
364 161 446 199 352
794 179 825 203 s.
864 176 1091 209 Accuscrffli
1127 184 1305 212 ssrlscom

362 238 566 282 noveritis
590 249 845 298 potestatem
868 246 1086 291 morientis
1104 284 1114 303 ,
1135 249 1267 308 ipsam
1286 252 1525 310 passionem
1546 255 1735 312 recolite,

362 309 617 353 crucifixum
652 312 896 359 intuemini.
928 318 1039 362 Dixit
1066 320 1111 362 in
1140 320 1259 380 ligno
1288 323 1505 381 pendenS,
1526 327 1647 371 Sitio.
1671 328 1740 372 Illi

362 379 445 424 hoc
463 381 614 426 audito
629 418 639 437 ,
660 384 705 427 in
723 385 934 431 arundine
957 404 1033 447 pcr
1066 393 1290 450 spongiam
1311 394 1566 442 obtulerunt
1580 400 1618 442 ei
1641 415 1738 443 ace-

362 458 454 494 tum
479 451 523 494 in
540 468 668 498 cruce
690 471 701 498 .·
723 458 903 516 accepit,
928 468 971 502 et
989 461 1070 515 ait,
1092 461 1336 508 Perfectum
1359 476 1423 511 est
1450 486 1458 512 :
1478 469 1740 515 etinclinato

359 521 515 580 capite,
542 523 727 569 reddidit
757 528 954 586 spiritum
974 531 1003 572 ¹.
1031 530 1195 576 Videtis
1217 544 1476 593 potestatem
1499 540 1737 597 morientis,

359 592 460 652 quia
482 593 565 638 hoc
587 599 858 654 expectabat,
885 599 1024 644 donec
1048 603 1191 647 omnia
1219 605 1540 666 complerentur
1561 627 1659 670 quae
1686 611 1741 656 de
1804 670 1806 674 ‚

359 661 435 706 illo
457 663 664 723 praedicta
698 666 873 711 fuerant
896 679 995 713 ante
1022 682 1205 717 mortem
1231 674 1395 721 futura.
1425 680 1596 725 Dixerat
1625 682 1741 726 enim

360 734 605 793 Propheta;
632 754 652 777 «
678 736 901 783 Dederunt
922 739 967 783 in
985 756 1122 786 escam
1143 759 1283 789 meam
1316 746 1396 802 fel,
1425 758 1467 792 et
1490 750 1535 793 in
1557 752 1627 795 siti
1648 767 1742 796 mea
1804 748 1806 753 ¹

362 821 382 845 »
407 813 667 863 potaverunt
687 822 756 851 me
774 813 936 854 acet02.
957 829 976 852 »
1003 815 1331 873 Expectabatut
1344 819 1438 864 haec
1460 822 1604 866 omnia
1619 839 1740 868 com-

359 874 582 934 plerentur
606 895 615 922 :
639 887 788 937 postea
822 897 955 941 quam
988 885 1202 944 completa
1236 898 1362 945 sunt,
1398 889 1527 947 dixit,
1570 894 1741 939 Perfec-

360 954 454 989 tum
472 957 535 992 est
557 967 565 993 ε
583 957 627 992 et
647 949 850 995 abscessit
872 962 1095 1012 potestate,
1118 957 1219 1017 quia
1238 974 1326 1003 non
1358 964 1535 1006 venerat
1556 965 1741 1010 necessi-

358 1026 460 1062 tate.
496 1019 600 1065 Ideo
636 1022 813 1082 quidam
859 1023 955 1084 plus
998 1028 1141 1072 mirati
1184 1040 1285 1075 sunt
1320 1032 1445 1077 istam
1484 1044 1741 1094 potestatem
1804 1081 1809 1095 ,,

358 1090 600 1147 morientis,
635 1109 766 1153 quam
804 1097 1041 1154 potentiam
1077 1099 1284 1145 miracula
1313 1102 1524 1149 facientis.
1551 1109 1741 1152 Ventum

358 1170 422 1205 est
444 1162 559 1205 enim
587 1163 641 1207 ad
664 1180 855 1221 crucem,
877 1176 926 1211 ut
950 1184 1131 1228 corpora
1165 1171 1489 1231 deponerentur
1512 1175 1566 1220 de
1595 1177 1712 1236 ligno
1727 1214 1738 1234 ,

357 1232 565 1291 quoniam
587 1234 817 1279 sabbatum
840 1237 1119 1284 illucescebat
1150 1260 1157 1285 :
1180 1252 1221 1286 et
1242 1243 1407 1288 inventi
1430 1256 1530 1291 sunt
1553 1247 1742 1293 latrones
1806 1242 1809 1248 ἴ

355 1303 563 1348 viventes.
587 1306 857 1365 Supplicium
881 1310 1041 1369 quippe
1068 1313 1207 1356 crucis
1229 1314 1327 1359 ideo
1345 1315 1495 1361 durius
1514 1328 1620 1375 erat,
1640 1321 1742 1380 quia

356 1373 520 1418 diutius
539 1376 784 1432 cruciabat,
822 1387 865 1422 et
887 1395 1035 1424 omnes
1067 1383 1258 1428 crucifixi
1281 1385 1411 1445 longa
1440 1399 1578 1434 morte
1610 1406 1740 1435 neca·
1805 1394 1809 1444 3

302 1431 307 1434 ⁶
354 1442 530 1489 bantur.
567 1445 635 1490 Illi
665 1457 807 1492 autem
826 1483 836 1503 ,
874 1465 928 1493 ne
959 1464 1234 1498 remanerent
1272 1456 1318 1499 in
1355 1457 1497 1517 ligno,
1541 1462 1740 1506 cruribus
1805 1472 1806 1481 ¹

352 1515 500 1561 fractis
522 1519 660 1563 coacti
681 1529 783 1564 sunt
799 1522 908 1565 mori
925 1557 936 1577 ,
957 1532 1006 1567 ut
1020 1535 1194 1583 possent
1211 1526 1313 1570 inde
1331 1528 1506 1588 deponi.
1530 1533 1740 1577 Dominus
1805 1530 1809 1563 ³²

354 1596 499 1631 autem
523 1588 725 1633 inventus
752 1599 815 1635 est
836 1602 1032 1637 mortuus
1047 1629 1057 1649 ,
1089 1605 1131 1639 et
1153 1595 1349 1641 admirati
1376 1609 1477 1644 sunt
1508 1601 1703 1647 homines
1727 1623 1735 1648 :

353 1666 395 1701 et
412 1659 488 1718 qui
510 1675 611 1703 eum
633 1661 781 1705 vivum
808 1672 1184 1724 contempserunt,
1211 1679 1434 1714 mortuum
1456 1672 1515 1716 sic
1538 1672 1738 1719 admirati
1803 1708 1809 1716 .

352 1738 478 1784 sunt,
506 1740 555 1774 ut
577 1730 773 1776 dicerent
793 1733 989 1792 quidam,
1021 1755 1040 1777 «
1066 1739 1176 1781 Vere
1200 1738 1334 1784 Filius
1367 1742 1445 1785 Dei
1479 1752 1541 1787 est
1564 1744 1634 1788 hic
1652 1746 1683 1788 ³.
1712 1763 1733 1786 »

354 1799 479 1843 Unde
501 1811 564 1845 est
585 1810 627 1845 et
644 1802 770 1857 illud,
792 1803 945 1847 fratres
960 1839 970 1857 ,
1001 1806 1078 1849 ubi
1105 1807 1164 1851 ait
1190 1811 1488 1868 quaerentibus
1510 1829 1569 1869 se,
1600 1834 1618 1855 «
1644 1818 1736 1873 Ego

355 1888 374 1911 »
410 1886 505 1914 sum
532 1890 540 1915 :
567 1881 610 1915 et
631 1872 695 1915 illi
713 1882 826 1917 retro
845 1875 1076 1920 redeuntes
1099 1892 1247 1922 omnes
1275 1881 1565 1928 ceciderunff.
1592 1889 1737 1930 »Erat

352 1957 454 2000 ergo
480 1943 527 1986 in
548 1941 622 1987 illo
653 1952 840 2002 potestas
864 1960 1045 1990 summa.
1081 1950 1168 1992 Nec
1192 1950 1296 1994 hora
1325 1954 1563 2011 cogebatur
1594 1957 1732 2015 mori,

349 2013 425 2056 sed
447 2014 597 2058 horam
617 2015 886 2073 expectabat,
903 2032 989 2076 qua
1012 2028 1258 2077 opportune
1273 2022 1395 2067 fieret
1407 2023 1623 2081 voluntas,
1645 2043 1734 2072 non

348 2100 434 2143 qua
452 2084 578 2129 inviti
598 2085 851 2144 impleretur
868 2087 1112 2132 necessitas.
1537 2136 1539 2140 A

409 2158 503 2199 VII.
532 2175 552 2198 «
579 2159 640 2200 De
664 2156 792 2200 turba
818 2167 962 2202 antem
998 2159 1125 2203 multi
1156 2161 1436 2209 crediderunt
1465 2166 1510 2210 in
1532 2183 1633 2212 eum
1647 2170 1678 2212 ⁵.
1706 2188 1727 2211 »

351 2225 548 2269 Humiles
570 2235 613 2270 et
640 2242 849 2287 pauperes
874 2227 1012 2273 salvos
1041 2230 1229 2276 faciebat
1260 2234 1485 2280 Dominus.
1513 2239 1731 2299 Principes

348 2296 621 2341 insaniebant
647 2313 655 2338 :
681 2307 723 2342 et
744 2297 843 2342 ideo
868 2299 1083 2343 medicum
1118 2317 1206 2345 non
1229 2302 1368 2348 solum
1399 2322 1487 2350 non
1521 2324 1729 2367 agnosce-

347 2367 469 2423 bant,
491 2369 566 2413 sed
584 2369 714 2413 etiam
740 2370 935 2415 occidere
958 2372 1205 2431 cupiebant.
1232 2377 1336 2420 Erat
1366 2378 1567 2437 quaedam
1600 2383 1727 2426 turha

406 2472 414 2487 ¹
441 2467 533 2497 Joan.
553 2476 619 2507 xlx,
642 2466 704 2505 28,
730 2472 794 2498 etc.
822 2483 863 2489 ——
885 2474 897 2490 ²
917 2467 996 2500 Psal.
1021 2479 1129 2511 totvm,
1156 2478 1208 2502 22.
1231 2486 1266 2494 --
1293 2470 1306 2494 3
1331 2473 1564 2519 Matth.xxv11,
1597 2477 1650 2520 54.
1686 2494 1727 2505 -··

347 2518 361 2550 4
387 2522 476 2552 Joan.
505 2520 651 2562 xv111,6.
676 2536 714 2544 -·-
733 2518 813 2553 51d.
839 2521 895 2564 vn,
922 2523 975 2555 31.
