1825 3214
290 212 331 237 m
366 208 540 237 somnis
573 210 855 238 EvANGELwM
877 226 887 246 ‚
922 209 1068 238 TnAcT.
1105 211 1189 238 xxi.
1345 201 1427 238 223

41 273 296 318 utnondum
312 274 485 333 penitus
503 274 558 317 ab
568 273 707 318 Adam
723 273 943 333 expoliati.
961 274 1089 327 Quod
1103 276 1217 319 enim
1232 284 1428 320 nostrum

41 344 222 389 mortale
252 354 295 388 et
319 344 604 404 corruptibile
633 354 836 402 aggravat
863 344 1075 399 animam,
1105 361 1155 389 ex
1178 346 1317 391 Adam
1343 362 1432 391 esse

39 424 234 474 apparet,
259 424 302 458 et
324 414 606 459 manifestum
621 424 688 459 est
708 416 719 440 ¹
749 433 757 459 :
781 413 902 474 quod
919 423 1066 458 autem
1084 425 1283 462 nostrum
1303 417 1432 476 spiri-

37 483 124 530 tale
153 484 354 530 sublevat
381 485 590 541 animam,
626 484 682 530 de
707 485 785 531 Dei
817 485 935 530 dono
967 495 1011 531 et
1047 486 1103 531 de
1140 487 1434 534 misericordia

41 556 132 616 ejus
149 591 160 611 ,
202 556 278 616 qui
316 557 505 601 Unicum
539 571 667 600 suum
701 556 817 601 misit
846 557 1168 602 communicare
1205 559 1436 604 nobiscum

41 635 228 671 mortem
250 636 459 682 nostram,
485 635 529 671 et
545 625 704 671 ducere
726 641 806 671 nos
821 627 876 671 ad
897 627 1271 674 immortalitatem
1293 644 1432 675 suam.

44 700 173 743 Hunc
191 699 404 743 habemus
427 698 698 756 magistrum,
718 707 769 742 ut
787 714 876 743 non
900 714 1151 759 peccemus;
1175 709 1219 745 et
1240 700 1438 748 defenso·

44 785 152 824 rem,
177 769 211 814 si
234 770 559 830 peccaverimus
581 779 625 815 et
647 770 831 815 confessi
848 780 981 831 atque
994 774 1191 818 conversi
1206 771 1436 828 fuerimus;

16 849 17 855 ¹
43 849 86 884 et
108 840 480 900 interpellatorem
503 856 582 900 pro
604 841 729 885 nobis
748 876 758 896 ,
796 841 830 885 si
850 842 958 902 quid
980 843 1087 887 boni
1107 859 1131 887 a
1154 845 1340 890 Domino
1357 846 1438 890 de-

44 910 398 969 sideraverimus,
421 922 460 956 et
481 913 677 956 datorem
695 929 796 957 cum
818 916 958 968 Patre,
984 915 1087 974 quia
1111 918 1224 961 Deus
1247 933 1361 962 unus
1375 927 1440 963 est

46 984 173 1026 Pater
186 991 228 1026 et
243 983 394 1026 Filius.
414 982 498 1027 Sed
515 982 779 1043 loquebatur
794 984 873 1028 ista
892 985 1023 1029 homo
1036 986 1288 1032 hominibus
1302 1009 1312 1046 3
1325 992 1439 1034 Deus

44 1053 257 1109 occultus,
278 1055 411 1099 homo
434 1054 704 1110 manifestus,
727 1066 775 1100 ut
792 1055 1043 1101 manifestos
1062 1058 1258 1103 homines
1276 1058 1440 1106 faceret

45 1125 176 1182 deos,
202 1134 245 1169 et
278 1125 414 1170 Filius
448 1126 548 1180 Dei,
574 1125 714 1171 sactus
750 1128 937 1172 hominis
966 1128 1105 1183 filius,
1137 1139 1186 1173 ut
1209 1131 1439 1177 hominum

45 1196 155 1241 filios
178 1195 339 1241 faceret
361 1197 471 1242 filios
492 1198 584 1242 Dei.
612 1201 706 1251 Qua
729 1199 811 1243 hoc
834 1208 924 1243 arte
938 1202 1161 1258 sapientiae.
1183 1217 1273 1246 suae
1291 1202 1436 1261 saciat,

44 1266 90 1309 in
104 1268 198 1327 ejus
208 1268 350 1312 verbis
365 1268 655 1327 agnoscimus.
677 1270 894 1329 Loquitur
911 1271 1027 1314 enim
1045 1272 1234 1330 parvulis
1254 1289 1410 1333 parvus
1427 1294 1437 1320 2

43 1336 121 1382 sed
141 1337 231 1397 ipse
248 1338 307 1382 ita
328 1354 484 1397 parvus
506 1347 557 1382 ut
579 1348 624 1384 et
641 1354 848 1398 magnus,
870 1357 947 1386 nos
969 1351 1116 1386 autem
1136 1344 1273 1403 parvi,
1297 1344 1374 1390 sed
1394 1346 1440 1390 in

45 1407 122 1453 illo
145 1410 306 1468 magni:
330 1408 528 1469 loquitur
544 1424 648 1470 ergo
673 1420 881 1472 tanquam
899 1411 1053 1458 fovens
1076 1424 1119 1458 et
1141 1415 1338 1460 nutriens
1354 1416 1442 1462 lac-

45 1487 186 1524 tantes
200 1515 211 1534 ‚
231 1488 274 1524 et
296 1480 485 1525 amando
507 1491 763 1526 crescentes.

117 1552 176 1593 11.
208 1550 400 1604 Dixerat,
443 1569 462 1593 «
500 1553 598 1596 Non
634 1561 777 1611 potest
817 1553 953 1598 Filius
987 1570 1012 1599 a
1045 1570 1090 1600 se
1128 1557 1272 1602 facere
1305 1559 1440 1618 quid-

50 1638 70 1662 »
105 1636 260 1681 quam,
311 1622 392 1665 nisi
429 1622 551 1682 quod
585 1622 743 1667 viderit
785 1626 957 1667 Patrem
990 1624 1223 1672 facientem
1238 1632 1270 1673 ².
1304 1647 1324 1670 »
1363 1634 1440 1674 In-

48 1690 291 1735 telleximus
322 1702 468 1735 autem
503 1693 604 1752 quia
637 1709 726 1737 non
749 1708 941 1738 seorsum
974 1694 1140 1756 aliquid
1164 1702 1291 1743 Pater
1316 1699 1438 1757 facit,

47 1760 168 1822 quod
189 1778 290 1806 cum
309 1762 465 1807 viderit
482 1762 631 1818 Filius,
649 1762 778 1809 faciat
793 1774 837 1809 et
853 1765 944 1825 ipse
962 1766 1124 1828 aliquid
1143 1770 1228 1815 tale
1245 1771 1440 1831 inspecto

47 1848 178 1893 opere
201 1833 336 1877 Patris
355 1834 418 1877 sui
440 1855 450 1892 3
473 1834 548 1878 sed
570 1835 693 1894 quod
715 1835 841 1892 dixit,
869 1857 888 1881 «
913 1840 1010 1883 Non
1027 1849 1170 1899 potest
1196 1842 1332 1888 Filius
1353 1861 1376 1889 a
1398 1860 1442 1890 se

10 1962 11 1965 Ἴ
51 1923 72 1946 »
107 1905 248 1949 facere
263 1905 523 1966 quidquam,
543 1907 624 1951 nisi
645 1907 765 1967 quod
781 1909 939 1955 viderit
958 1914 1129 1957 Patrem
1148 1912 1396 1972 facientem,
1419 1936 1438 1960 »

0 2001 1 2012 κ
49 1976 151 2036 quia
169 1977 224 2020 de
248 1980 372 2021 Patre
394 1986 459 2022 est
471 1986 588 2022 totus
611 1978 763 2035 Filius,
788 1989 831 2024 et
853 1989 944 2025 tota
966 1983 1206 2029 substantia
1224 1996 1266 2031 et
1286 1997 1443 2047 poten-

0 2042 1 2062 *
49 2047 110 2092 tia
131 2048 221 2107 ejus
239 2063 293 2092 ex
314 2048 390 2093 illo
407 2058 471 2093 est
497 2050 573 2109 qui
601 2052 752 2109 genuit
768 2067 885 2096 eum.
911 2054 1046 2100 Modo
1075 2066 1220 2101 autem
1243 2074 1346 2104 cum
1376 2060 1444 2105 di-

0 2164 1 2168 ,
50 2118 206 2173 xisset,
238 2134 283 2162 se
323 2120 420 2163 haec
454 2118 596 2164 facere
617 2120 812 2166 similiter
833 2138 934 2184 quae
955 2122 1060 2170 facit
1103 2130 1245 2184 Pater,
1281 2139 1331 2175 ut
1353 2147 1444 2176 non

0 2197 2 2245 j
50 2188 343 2246 intelligamus
357 2188 439 2233 alia
454 2188 594 2234 facere
616 2193 804 2248 Patrem,
823 2193 907 2238 alia
926 2195 1103 2253 Filium,
1125 2199 1200 2242 sed
1212 2199 1342 2245 simili
1367 2218 1445 2262 po-

0 2250 1 2266 *
51 2260 188 2305 tentia
218 2260 360 2305 fecere
382 2260 543 2305 Filium
577 2263 731 2307 eadem
761 2264 852 2324 ipsa
885 2282 985 2326 quae
1019 2271 1146 2314 Pater
1173 2269 1304 2329 facit,
1341 2290 1444 2319 cum

55 2333 182 2375 Pater
216 2329 319 2376 facit
350 2346 428 2390 per
462 2330 652 2389 Filium,
676 2343 849 2379 secutus
885 2337 945 2381 ait
972 2338 1093 2399 quod
1128 2341 1260 2387 hodie
1280 2342 1445 2390 lectum

31 2398 315 2458 audivimus,
337 2421 357 2444 «
385 2406 510 2447 Pater
525 2404 640 2447 enim
655 2403 796 2463 diligit
812 2407 991 2465 Filium,
1013 2420 1056 2455 et
1076 2413 1224 2459 omnia
1245 2414 1448 2462 demons-

57 2490 79 2515 »
112 2481 200 2518 trat
220 2473 260 2517 ei
273 2489 372 2534 quae
388 2472 479 2533 ipse
495 2472 600 2519 facit
613 2476 644 2518 ³.
671 2493 691 2516 »
722 2479 887 2521 Rursus
906 2481 1102 2528 mortalis
1118 2485 1327 2545 cogitatio
1341 2503 1444 2548 per-

105 2564 114 2582 ¹
135 2559 210 2601 Sap.
231 2569 279 2600 11,
298 2557 352 2591 15.
373 2574 415 2581 —
431 2564 445 2582 ⁸
465 2560 556 2592 Joan.
576 2571 612 2601 v,
635 2571 685 2603 ¹9·
701 2577 742 2584 —-
756 2559 769 2584 3
788 2562 870 2596 lbid.
886 2572 940 2598 20.
