1809 3173
364 179 444 216 150
792 190 824 214 s.
861 189 1089 215 AUGUSTINI
1122 188 1300 216 Erxscom

366 360 1245 378 meummmmmmmmmm
1250 362 1740 380 wuwuwmwummmmmm

748 488 1154 536 TRACTATUS
1188 490 1299 535 XVI
1313 487 1342 535 ¹.

357 651 426 697 Ab
448 666 500 696 eo
517 650 738 708 Evangelii
755 650 875 695 loco:
896 650 1018 695 Post
1029 647 1148 695 duos
1170 658 1334 694 (tutem
1351 648 1452 694 dies
1473 651 1589 694 exiit
1611 648 1738 707 inde,

417 730 463 766 et
484 719 605 765 abiit
622 721 671 765 in
699 718 986 765 Galiloeam:
1004 736 1141 781 usque
1161 720 1216 765 ad
1233 719 1299 776 id,
1318 719 1368 764 E
1371 730 1387 764 t
1404 718 1606 765 credidit
1623 721 1738 780 ipse,

416 800 462 836 et
483 789 651 835 domas
674 789 776 849 ejas
795 798 913 834 tota.

361 1002 364 1005 v
418 952 454 994 Ι.
488 952 719 995 HonmnNA
753 949 1003 1009 evangelica
1036 948 1193 1006 lectio,
1225 951 1419 995 hesterni
1440 951 1526 995 diei
1548 952 1744 1012 sequitur

358 1020 608 1076 lectionem,
625 1036 725 1081 quae
746 1021 872 1065 nobis
894 1021 949 1066 ad
967 1020 1282 1080 disputandum
1305 1022 1578 1082 proponitur.
1594 1026 1646 1066 In
1659 1038 1745 1083 qua

360 1091 541 1153 quidem
561 1107 709 1136 sensus
724 1107 812 1136 non
833 1101 936 1136 sunt
957 1092 1285 1150 investigatione
1302 1092 1515 1149 difficiles,
1531 1093 1607 1138 sed
1627 1093 1744 1152 digni

361 1161 692 1223 praedicatione,
723 1162 845 1222 digni
874 1161 1160 1207 admiratione
1189 1172 1231 1207 et
1259 1164 1525 1208 laudatione.
1560 1164 1746 1221 Proinde

361 1233 510 1278 locum
525 1234 657 1278 istum
679 1232 903 1291 Evangelii
924 1248 1025 1277 cum
1041 1233 1420 1278 commendatione
1437 1249 1747 1279 commemore-

362 1320 459 1349 mus
474 1340 485 1361 ,
512 1305 657 1364 potius
691 1319 823 1364 quam
845 1319 945 1348 cum
971 1304 1229 1349 difficultate
1253 1314 1503 1350 tractemus.
1535 1324 1555 1347 «
1575 1305 1695 1350 Abiit
1719 1322 1739 1346 »

363 1377 481 1420 enim
493 1378 517 1420 J
521 1391 616 1420 esus
633 1384 731 1436 post
741 1375 928 1419 biduum
942 1376 1062 1435 quod
1079 1376 1240 1421 fecerat
1252 1377 1297 1420 in
1319 1377 1506 1421 Samaria
1525 1411 1536 1432 ‚
1561 1377 1642 1419 «in
1660 1377 1744 1431 Ga-

369 1464 390 1488 »
424 1446 583 1491 lilaeam
601 1465 621 1488 »
640 1447 718 1490 ubi
735 1446 926 1490 nutritus
947 1455 1039 1491 erat
1055 1450 1088 1490 2.
1117 1448 1297 1491 Secutus
1314 1456 1459 1491 autem
1471 1446 1748 1506 Evangelista

367 1517 427 1561 ait
452 1536 462 1562 :
491 1535 512 1559 «
540 1520 637 1585 Ipse
655 1517 771 1560 enim
793 1519 917 1561 Jesus
933 1517 1232 1562 testimonium
1253 1517 1498 1578 perhibuit,
1525 1518 1628 1577 quia
1644 1520 1750 1561 Pro-

366 1606 387 1630 »
424 1588 555 1647 pheta
572 1588 618 1631 in
639 1587 778 1646 patria
800 1602 877 1631 sua
900 1588 1113 1632 honorem
1135 1603 1224 1632 non
1244 1588 1423 1632 habet3.
1452 1606 1472 1629 »
1498 1590 1595 1642 Non
1613 1602 1747 1647 prop-

363 1667 481 1702 terea
497 1667 595 1716 post
617 1657 801 1701 biduum
823 1657 1017 1703 discessit
1035 1660 1157 1702 Jesus
1179 1658 1233 1702 de
1253 1659 1441 1703 Samaria
1455 1692 1466 1712 ‚
1490 1658 1591 1717 quia
1613 1658 1749 1702 hono-

364 1743 457 1772 rem
478 1728 524 1772 in
548 1728 734 1772 Samaria
764 1744 853 1772 non
884 1728 1075 1773 habebat
1104 1747 1112 1772 ε
1144 1743 1233 1772 non
1256 1728 1372 1772 enim
1403 1728 1590 1773 Samaria
1611 1728 1748 1787 patria

363 1799 497 1859 ipsius
519 1808 636 1854 erat,
660 1798 736 1843 sed
761 1798 953 1843 Galilaea.
978 1801 1090 1844 Cum
1113 1814 1214 1857 ergo
1241 1799 1366 1843 istam
1390 1798 1646 1844 deseruisset
1658 1807 1748 1843 tal-n

364 1871 474 1925 cito,
494 1878 538 1913 et
559 1867 614 1913 ad
637 1868 859 1913 Galilaeam
875 1869 1061 1912 venisset
1081 1869 1157 1913 ubi
1179 1869 1370 1912 nutritus
1393 1878 1484 1912 erat
1500 1888 1508 1912 ε
1525 1869 1748 1928 quomodo
1779 1883 1782 1887 ’

365 1948 595 1984 attestatur
609 1974 621 1994 ,
656 1958 678 1981 «
699 1939 810 1992 Quia
841 1939 1059 1997 Propheta
1081 1939 1127 1982 in
1163 1938 1301 1998 patria
1324 1954 1399 1982 sua
1421 1939 1634 1982 honorem
1658 1954 1748 1983 non

365 2029 387 2053 »
421 2011 584 2055 habet?
604 2010 782 2069 »Magis
812 2010 987 2056 videtur
1019 2010 1210 2054 attestari
1243 2011 1458 2069 potuisse,
1489 2009 1609 2070 quod
1638 2013 1747 2055 Pro-

362 2082 494 2141 pheta
515 2082 561 2125 in
581 2082 719 2140 patria
740 2096 817 2125 sua
842 2081 1053 2124 honorem
1077 2096 1167 2124 non
1188 2080 1370 2124 haberet
1386 2115 1397 2135 ‚
1436 2080 1471 2124 si
1490 2088 1747 2124 contemne-

363 2161 428 2196 ret
443 2165 630 2212 ‘pergere
650 2153 697 2196 in
715 2151 939 2205 Galilaeam
958 2186 969 2206 ‚
995 2160 1038 2196 et
1060 2151 1106 2195 in
1130 2151 1319 2197 Samaria
1341 2151 1625 2196 remansisset.

421 2225 479 2266 ΙΙ.
508 2222 713 2267 Intendat
731 2236 832 2279 ergo
846 2222 1048 2272 fCharitas
1066 2224 1217 2266 Vestra
1232 2222 1500 2265 insinuatum
1513 2221 1640 2265 nobis
1656 2236 1747 2266 non

360 2293 583 2337 modicum
607 2301 953 2347 sacramentum,
984 2302 1243 2352 suggerente
1273 2292 1459 2336 Domino
1488 2301 1532 2336 et
1553 2290 1746 2336 donante

357 2363 478 2423 quod
503 2363 673 2423 loquar.
695 2363 998 2416 ‘Quaestionem
1030 2363 1294 2423 propositam
1315 2363 1574 2421 cognovistis
1589 2398 1599 2418 ‚
1625 2361 1743 2407 solu-

406 2476 413 2491 ¹
436 2469 570 2501 Habitus
586 2469 638 2502 die
656 2469 800 2511 proximo
815 2474 884 2511 postv
900 2472 1008 2501 Traet.
1026 2469 1162 2512 praeced.
1186 2480 1223 2500 ev
1242 2481 1273 2500 η,
1295 2481 1305 2501 ι
1327 2474 1359 2500 et
1382 2470 1411 2501 3.
1430 2487 1469 2492 -
1484 2478 1494 2492 2
1507 2472 1599 2516 Joan<
1618 2480 1664 2507 iv,
1680 2468 1736 2509 43.

367 2543 406 2547 -
427 2525 439 2547 3
460 2525 539 2557 lbid.
566 2525 619 2567 44.

1800 0 1809 226 ¹

1807 427 1809 458 l
