1825 3214
316 184 356 208 1³¹
392 181 564 209 mannis
599 181 904 217 ιενΑΜιιεωυΜ,
941 182 1085 208 'rumam
1127 185 1199 208 xii.
1390 174 1437 211 17

0 261 1 269 ¹
65 266 84 288 «
120 246 256 300 Veni,
282 255 324 290 et
355 246 467 291 vide.
500 268 516 287 »
549 248 660 291 Cum
690 262 793 306 ergo
826 247 913 290 sive
945 246 1018 290 illo
1047 250 1204 300 modo,
1241 248 1328 291 sive
1364 249 1442 291 isto

60 318 392 376 pronuntietur,
419 333 506 362 non
531 327 773 377 repugnent
801 319 930 362 verba
955 320 1176 378 sequentia
1198 338 1206 362 ι
1245 328 1442 363 nostrum

59 397 124 432 est
141 403 335 448 quaerere
356 387 463 448 quid
482 389 624 447 potius
649 388 940 447 intelligamus
964 388 1007 431 in
1032 389 1095 432 his
1116 388 1271 432 verbis.

115 461 236 502 XVI.
264 458 409 512 Qualis
429 457 560 503 fuerit
583 458 821 503 Nathanael
844 460 922 502 iste
937 494 947 513 ,
973 458 1017 502 in
1040 459 1321 518 sequentibus
1340 475 1442 518 pro·

59 527 226 573 bamus.
254 529 414 574 Audite
437 528 576 590 qualis
604 530 736 574 suerit
758 549 766 573 ;
795 530 1002 574 Dominus
1025 529 1114 588 ipse
1135 529 1335 588 perhibet
1361 538 1443 573 tes-

59 599 303 644 timonium.
330 602 514 659 Magnus
530 601 738 645 Dominus
756 600 954 657 cognitus
971 599 1219 644 testimonio
1239 600 1439 643 Joannis:

56 669 210 714 beatus
232 670 472 715 Nathanael
494 671 693 730 cognitus
717 671 965 715 testimonio
994 671 1199 715 veritatis.
1226 671 1335 724 Quia
1355 674 1441 714 Do-

55 741 199 785 minus
221 742 298 786 ctsi
323 742 570 787 testimonio
592 742 771 787 ,loannis
800 757 889 786 non
913 740 1294 786 commendaretur
1311 777 1321 793 ,
1353 742 1443 800 ipsc

54 811 133 856 sibi
153 812 407 872 perhibebat
429 814 746 871 testimonium3
764 814 863 874 quia
882 814 1042 857 sullicit
1063 813 1144 857 sibi
1169 812 1223 857 ad
1247 813 1442 857 testimo-

55 883 176 926 nium
198 898 325 927 suurn
351 884 521 928 veritas.
553 883 635 928 Sed
659 884 760 944 quia
783 884 1008 928 veritatem
1032 899 1120 928 non
1145 892 1346 943 poterant
1368 900 1442 929 ca-

54 967 156 1012 pere
174 953 385 1009 homines,
401 969 478 1013 per
495 953 716 998 lucernam
736 954 993 1014 quaerebant
1016 954 1240 998 veritatem
1255 973 1263 999 :
1279 963 1322 998 et
1344 954 1442 999 ideo

52 1025 240 1068 Joannes
278 1040 356 1084 per
392 1040 523 1085 quem
569 1027 779 1069 Dominus
813 1025 1139 1080 ostenderetur,
1176 1026 1326 1070 missus
1359 1036 1436 1071 est.

54 1093 169 1138 Audi
202 1095 434 1139 Dominum
472 1096 727 1141 Nathanaeli
762 1096 1058 1140 testimonium
1090 1096 1393 1155 perhibentem
1431 1116 1439 1141 :

57 1183 76 1206 «
113 1166 169 1208 Et
190 1163 296 1209 dixit
316 1166 354 1208 ei
378 1166 616 1210 Nathanael
650 1186 658 1210 :
689 1169 721 1210 Α
743 1166 953 1212 Nazareth
978 1175 1120 1225 potest
1145 1166 1311 1226 aliquid
1337 1167 1439 1211 boni

55 1252 76 1275 »
112 1250 216 1279 esse.
244 1236 356 1280 Dicit
379 1237 417 1280 ei
440 1236 664 1297 Philippus
687 1257 695 1281 ε
721 1238 854 1292 Veni,
881 1247 923 1281 et
954 1238 1068 1282 vide.
1104 1240 1160 1282 Et
1182 1237 1291 1282 vidit
1317 1241 1440 1281 ,lesus

54 1324 74 1347 »
109 1306 419 1351 Nathanaelem
452 1308 697 1352 venientem
733 1307 788 1353 ad
824 1323 893 1363 se,
931 1318 975 1353 et
996 1308 1102 1353 dicit
1123 1308 1178 1352 de
1210 1324 1261 1353 eo
1296 1312 1440 1354 :Ecce

55 1394 76 1417 »
111 1392 211 1421 vere
236 1377 425 1422 Israelita
451 1379 496 1421 in
521 1394 610 1438 quo
632 1378 758 1423 dolus
790 1394 879 1423 non
902 1381 1005 1423 est¹.
1035 1398 1054 1421 »
1087 1382 1294 1438 Magnum
1322 1381 1440 1424 testi-

50 1448 245 1492 monium
273 1449 281 1492 l
314 1449 396 1494 hoc
427 1465 507 1494 nec
537 1448 724 1494 Andreae
747 1449 913 1494 dictum
932 1485 943 1505 ,
980 1465 1060 1495 nec
1084 1454 1212 1495 Petro
1240 1452 1404 1495 dictum
1424 1487 1434 1507 ‚

50 1533 130 1563 nec
166 1518 392 1579 Philippo,
420 1521 541 1580 quod
566 1519 734 1565 dictum
766 1529 830 1565 est
856 1519 912 1565 de
944 1520 1241 1566 Nathanaele:
1277 1540 1296 1562 «
1327 1525 1438 1567 Ecce

53 1607 73 1630 1)
108 1605 207 1634 vere
231 1591 444 1647 Israelita,
463 1592 506 1635 in
531 1607 619 1652 quo
642 1591 768 1636 dolus
786 1607 875 1636 non
893 1600 970 1636 est.
1001 1610 1021 1632 »

106 1664 250 1706 XVII.
275 1663 390 1715 Quid
408 1679 510 1722 ergo
528 1663 725 1718 facimus,
753 1662 937 1707 fratres?
959 1661 1147 1707 Deberet
1168 1663 1246 1707 iste
1270 1664 1435 1722 primus

48 1746 138 1776 esse
159 1733 204 1776 in
233 1733 479 1792 Apostolisi‘
509 1735 606 1779 Non
635 1733 775 1778 solum
816 1733 979 1792 primus
1013 1748 1102 1777 non
1136 1733 1357 1778 invenitur
1389 1735 1435 1778 in

47 1802 263 1861 Apostolis
282 1837 293 1857 ,
324 1802 400 1847 sed
422 1818 502 1848 nec
529 1803 698 1848 medius
718 1838 729 1859 ,
755 1818 835 1847 nec
857 1802 1038 1848 ultimus
1060 1803 1174 1847 inter
1200 1803 1433 1849 duodecim

44 1872 284 1917 Nathanael
310 1881 399 1928 est,
431 1873 501 1917 cui
536 1882 702 1918 tantum
725 1873 1023 1918 testimonium
1052 1874 1276 1932 perhibuit
1298 1876 1432 1921 Filius

45 1943 147 1997 Dei,
173 1942 342 1988 dicens:
362 1962 381 1985 «
397 1946 510 1989 Ecce
531 1959 630 1989 vere
649 1945 863 2000 Israelita,
888 1943 934 1987 in
955 1959 1044 2004 quo
1061 1943 1187 1988 dolus
1206 1960 1297 1990 non
1319 1956 1426 1992 est.»

42 2013 263 2065 Quaeritur
276 2016 435 2058 causa?
456 2023 671 2074 quantum
692 2015 902 2059 Dominus
923 2015 1117 2069 intimat,
1144 2016 1429 2074 probabiliter

41 2083 299 2128 invenimus.
321 2084 566 2143 Intelligere
587 2086 702 2130 enim
724 2085 934 2130 debemus
956 2085 1097 2144 ipsum
1115 2086 1427 2132 Nathanaelem

41 2151 262 2197 eruditum
285 2162 328 2198 et
350 2155 538 2214 peritum
562 2155 686 2214 Legis
703 2154 834 2200 fuisse
855 2174 864 2200 :
889 2164 1117 2215 propterea
1137 2155 1279 2201 noluit
1300 2156 1425 2202 illum

41 2224 250 2269 Dominus
266 2225 380 2270 inter
396 2225 638 2286 Discipulos
653 2242 815 2287 ponere
833 2247 844 2285 3
860 2227 963 2286 quja
977 2225 1131 2270 idiotas
1146 2225 1291 2285 elegit,
1306 2229 1425 2274 unde

39 2293 328 2340 confunderet
354 2296 585 2340 mundum.
617 2297 733 2341 Audi
767 2296 1026 2357 Apostolum
1055 2296 1273 2341 dicentem
1310 2299 1420 2344 ista:

42 2384 62 2406 «ι
96 2364 252 2410 Videte
273 2367 406 2422 enim,
428 2369 587 2429 inquit,
612 2369 885 2413 vocationem
906 2377 1109 2422 vestram,
1134 2367 1302 2423 fratres,
1321 2371 1421 2429 quia

41 2453 61 2476 »
95 2451 184 2481 non
204 2436 331 2482 multi
347 2439 560 2498 sapientes
582 2439 825 2485 secundum
848 2453 1022 2485 earnem
1039 2472 1052 2494 ,
1077 2453 1167 2482 non
1189 2438 1317 2483 multi
1342 2455 1422 2499 po-

84 2528 93 2544 1
114 2523 244 2565 Joan.1‚
267 2523 322 2566 46,
345 2524 386 2565 47

329 2588 467 2619 cxxu.
1259 2579 1284 2616 2
