1825 3214
322 229 364 255 m
398 226 572 255 somnis
605 225 918 261 numentum,
957 223 1102 253 macr.
1141 225 1200 252 ix.
1402 211 1456 251 43

72 293 240 354 aperuit
263 293 322 336 eis
353 307 548 346 sensum,
575 299 618 334 et
639 289 837 350 exposuit
862 289 920 333 eis
952 289 1192 349 Scripturas
1210 324 1220 343 ‚
1249 289 1458 348 incipiens

69 381 90 409 a
116 367 266 421 Moyse
289 378 365 422 per
391 377 540 406 omnes
574 361 826 420 Prophetas.
854 358 979 404 Unde
1005 361 1094 420 jam
1125 359 1370 404 inebrietati
1390 360 1458 403 di-

67 435 226 480 cebam
250 454 257 479 :
287 454 306 477 «
327 436 481 479 Nonne
517 448 592 477 cor
614 441 811 476 nostrum
842 440 934 475 erat
970 431 1126 475 ardens
1148 430 1192 473 in
1223 430 1292 474 via
1311 463 1322 485 ‚
1357 446 1458 475 cum

70 524 90 547 η
127 505 312 565 aperiret
330 504 454 548 nobis
473 503 714 562 Scripturas
731 504 741 528 ¹
756 503 773 543 ¹?
796 520 814 542 »
842 500 1155 546 Intellexerunt
1175 500 1292 544 enim
1311 502 1459 545 Chris-

69 584 160 620 tum
185 575 228 619 in
247 575 312 619 his
332 573 476 627 libris,
507 574 551 617 in
586 572 745 632 quibus
767 586 868 616 cum
901 586 989 615 non
1013 579 1238 616 noverant.
1273 571 1459 614 Mutavit

66 660 169 704 ergo
187 660 343 706 aquam
368 645 412 688 in
438 644 585 688 vinum
613 643 821 687 Dominus
845 651 989 686 noster
1017 643 1140 685 Jcsus
1163 640 1382 696 Christus,
1416 651 1459 686 et

66 717 176 776 sapit
197 716 318 777 quod
351 731 438 759 non
470 713 689 774 sapiebat,
730 713 917 757 inebriat
937 712 1056 772 quod
1080 727 1169 756 non
1196 711 1455 756 inebriabat.

68 787 111 832 Si
131 788 247 831 enim
261 787 455 846 jussisset
471 785 572 829 inde
587 799 743 844 aquam
767 782 939 827 effundi
957 818 968 838 ‚
994 791 1036 826 ct
1063 782 1121 826 sic
1149 782 1239 841 ipsc
1269 782 1460 826 mitteret

65 858 216 901 vinum
238 873 288 900 ex
310 855 491 901 occultis
515 864 725 899 creaturae
742 853 930 910 sinibus,
955 853 1073 896 unde
1100 851 1204 896 fecit
1227 860 1270 896 et
1302 867 1460 911 panem

65 925 246 987 quando
264 926 473 971 saturavit
495 934 560 970 tot
581 925 713 968 millia
730 946 740 982 3
759 940 847 968 non
866 924 981 967 enim
1005 922 1202 983 quinque
1222 937 1355 982 panes
1377 923 1458 967 ha-

68 998 231 1042 bebant
261 998 457 1058 quinque
486 996 671 1040 millium
700 996 929 1040 hominum
956 995 1247 1049 saturitatem,
1272 1003 1348 1038 aut
1376 993 1460 1038 sal-

66 1077 154 1112 tem
176 1067 407 1112 duodecim
425 1067 635 1126 cophinos
654 1065 847 1126 plenos²‚
863 1065 938 1110 sed
960 1065 1273 1124 omnipotentia
1287 1065 1459 1109 Domini

65 1139 189 1198 quasi
207 1138 301 1182 fons
314 1138 437 1197 panis
460 1146 552 1181 erat
573 1156 582 1181 ι
603 1137 662 1180 sic
680 1145 823 1196 posset
849 1145 892 1179 et
914 1135 1053 1179 effusa
1077 1150 1189 1196 aqua
1215 1135 1367 1179 vinum
1387 1135 1459 1179 in-

64 1207 250 1253 fundere
279 1226 287 1252 :
314 1207 435 1268 quod
468 1208 502 1251 si
532 1205 730 1262 fecisset,
768 1206 989 1250 videretur
1030 1205 1268 1263 Scripturas
1294 1215 1459 1261 veteres

67 1279 348 1340 improbasse.
367 1281 478 1324 Cum
495 1288 641 1322 autem
661 1277 797 1337 ipsam
811 1292 969 1337 aquam
988 1277 1202 1321 convertit
1221 1277 1266 1320 in
1287 1277 1456 1333 vinum,

67 1348 257 1395 ostendit
279 1349 403 1394 nobis
425 1349 545 1409 quod
568 1358 610 1392 et
641 1348 860 1407 Scriptura
886 1357 1008 1392 vetus
1041 1347 1096 1391 ab
1118 1347 1212 1407 ipso
1240 1356 1333 1392 est:
1360 1362 1460 1392 nam

60 1421 185 1480 jussu
206 1419 339 1479 ipsius
375 1418 566 1479 impletae
594 1427 695 1462 sunt
717 1417 901 1476 hydriae.
935 1421 972 1462 A
1003 1418 1188 1463 Domino
1210 1417 1389 1478 quidem
1417 1427 1460 1462 et

65 1489 138 1534 illa
158 1490 379 1550 Scriptura
396 1525 406 1544 ,
431 1489 507 1534 sed
540 1487 649 1533 nihil
668 1489 779 1548 sapit
800 1489 834 1533 si
862 1504 952 1533 non
981 1488 1042 1532 ibi
1065 1489 1263 1534 Christus
1293 1487 1460 1533 intelli-

67 1569 213 1620 gatur.

123 1632 199 1674 VI.
220 1629 439 1674 Intendite
456 1637 601 1673 autem
619 1628 841 1688 quodipse
863 1631 921 1673 ait
939 1648 946 1673 :
966 1648 985 1671 «
1006 1631 1114 1682 Quae
1127 1629 1284 1688 scripta
1297 1638 1400 1673 sunt
1414 1629 1459 1673 in

69 1718 89 1741 »
107 1691 223 1759 Lege
236 1709 278 1744 et
291 1699 530 1759 prophetis,
551 1707 594 1742 et
607 1697 786 1742 Psalmis
801 1699 855 1742 de
868 1714 982 1743 me.»
994 1699 1202 1744 Novimus
1221 1708 1366 1743 autem
1383 1702 1459 1743 Le-

68 1785 162 1828 gem
176 1786 227 1814 ex
242 1769 403 1830 quibus
414 1769 681 1829 temporibus
693 1778 854 1824 narret,
868 1768 912 1813 id
924 1778 1002 1824 est,
1016 1770 1070 1813 ab
1082 1769 1259 1815 exordio
1274 1770 1430 1814 mundi
1448 1789 1456 1814 :

71 1860 90 1883 «
129 1844 179 1885 ln
192 1841 406 1901 principio
420 1838 522 1884 fecit
544 1843 658 1884 Deus
672 1839 835 1884 coelum
852 1849 895 1884 et
913 1850 1071 1884 terram
1087 1842 1118 1885 ³.
1143 1859 1163 1882 »
1192 1839 1300 1885 Inde
1322 1856 1462 1901 usque

66 1911 121 1956 ad
137 1912 222 1956 hoc
245 1921 417 1971 tempus
438 1909 559 1970 quod
574 1926 692 1955 nunc
718 1912 898 1969 agimus,
919 1921 1037 1956 sexta
1059 1920 1161 1956 aetas
1179 1921 1258 1966 est,
1280 1921 1329 1956 ut
1345 1927 1460 1972 saepe

67 1980 245 2026 audistis
267 1990 310 2025 et
331 1981 478 2025 nostis.
507 1982 615 2025 Nam
639 1981 777 2040 prima
809 1990 912 2026 aetas
935 1991 1216 2041 computatur
1237 1982 1293 2027 ab
1316 1982 1459 2027 Adam

65 2067 203 2112 usque
225 2051 280 2096 ad
297 2054 389 2111 Noe
415 2071 425 2097 ι
449 2051 640 2098 secunda
660 2067 682 2095 a
707 2054 798 2097 Noe
822 2067 959 2112 usque
981 2051 1036 2097 ad
1055 2053 1276 2098 Abraham
1299 2073 1308 2097 ι
1333 2062 1376 2096 et
1398 2053 1457 2097 si-

64 2131 140 2167 cut
156 2123 388 2167 Matthaeus
406 2121 683 2181 Evangelista
704 2138 782 2182 per
804 2123 1001 2168 ordinem
1025 2125 1221 2183 sequitur
1239 2132 1282 2167 et
1297 2123 1456 2168 distin-

66 2194 159 2253 guit
175 2229 187 2250 ‚
211 2194 335 2238 tertia
359 2194 414 2237 ab
436 2194 655 2238 Abraham
675 2209 814 2254 usque
837 2195 894 2238 ad
915 2195 1052 2239 David
1082 2215 1089 2239 :
1112 2204 1265 2255 quarta
1284 2211 1306 2239 a
1320 2195 1460 2240 David

64 2279 203 2324 usque
238 2263 293 2307 ad
329 2263 754 2323 transmigrationem
796 2265 841 2309 in
879 2265 1166 2323 Babyloniam
1210 2285 1218 2310 :
1244 2267 1396 2326 quinta
1432 2282 1456 2310 a

66 2335 438 2392 transmigratione
460 2335 504 2378 in
527 2334 815 2392 Babyloniam
843 2351 983 2396 usque
1015 2336 1069 2380 ad
1097 2340 1311 2382 Joannem
1341 2340 1455 2396 Bap-

65 2406 209 2449 tistam
225 2406 240 2428 ⁴
263 2424 271 2449 :
295 2413 410 2448 sexta
438 2404 540 2448 inde
563 2420 702 2465 usque
731 2404 786 2449 ad
807 2405 938 2450 finem
965 2406 1126 2451 saeculi.
1150 2410 1383 2466 Propterea
1414 2417 1457 2452 ct

64 2483 180 2519 sexta
206 2473 278 2518 die
307 2473 408 2519 fecit
432 2477 544 2518 Deus
565 2475 789 2519 hominem
823 2475 879 2520 ad
901 2476 1137 2536 imaginem
1171 2492 1293 2521 suam
1317 2496 1324 2521 :
1351 2477 1455 2536 quia

114 2567 121 2582 ¹
147 2561 222 2591 Luc.
245 2570 330 2599 xxiv,
351 2559 401 2591 3¹2.
425 2576 465 2582 —
485 2566 497 2582 ²
513 2560 631 2592 Manli.
657 2571 725 2599 xiv,
750 2571 799 2601 ιτ.
821 2577 861 2582 -
883 2559 989 2594 ³Gen.
1014 2573 1039 2601 1,
1064 2573 1091 2593 ι.
1113 2578 1152 2584 -
1173 2561 1188 2590 ‘0
1206 2561 1325 2592 Mattb.
1348 2573 1373 2601 1,
1402 2572 1451 2602 ις.
