1809 3173
354 180 408 220 34
791 188 825 217 s.
860 189 1090 218 Aucusnm
1122 191 1302 218 Emscom

351 255 544 301 volentes
565 268 843 313 corrumpere
866 254 1155 312 virginitatem
1173 253 1315 299 cordis
1339 252 1541 297 Ecclesiae
1559 287 1570 307 ,
1600 267 1732 313 quam

349 324 483 370 habet
504 323 551 366 in
570 321 736 380 integra
752 322 854 367 fide.
882 324 1025 368 Primo
1042 324 1076 368 si
1098 323 1240 383 placet
1259 358 1270 378 ,
1298 324 1356 367 eis
1373 338 1482 382 quos
1501 336 1735 382 proposue-

349 408 510 449 ramus,
531 392 691 453 quibus
711 391 889 452 quidem
908 394 997 453 jam
1015 409 1068 438 ex
1091 409 1246 453 magna
1268 403 1390 453 parte
1413 392 1731 452 respondimus.

351 464 437 511 Sed
457 479 513 509 ne
535 464 802 509 arbitrentur
828 479 907 509 nos
929 480 1018 508 non
1050 465 1211 509 habere
1233 464 1341 525 quid
1368 464 1562 509 dicamus
1592 463 1647 507 de
1671 463 1736 507 his

348 535 491 582 verbis
505 570 516 590 ,
551 550 650 595 quae
672 534 883 579 Dominus
903 535 1030 578 matri
1053 535 1302 594 respondit,
1330 550 1406 580 vos
1422 535 1558 594 magis
1583 533 1738 578 adver-

349 623 421 653 sus
441 607 538 652 illos
559 606 813 650 instruimus
838 624 847 650 :
873 621 973 650 nam
991 605 1075 651 illis
1097 605 1360 662 refellendis,
1381 616 1490 665 puto
1507 605 1627 666 quod
1644 605 1739 651 suf-

351 678 524 732 ficiant,
549 692 648 737 quae
660 677 751 736 jam
772 676 888 721 dicta
910 685 1026 720 sunt.

422 750 499 792 IX.
521 750 611 793 Cur
632 748 735 806 ergo
766 747 827 791 ait
856 747 983 791 matri
1005 747 1121 790 filius
1143 765 1152 790 :
1177 764 1198 788 «
1218 745 1333 800 Quid
1360 747 1468 790 mihi
1489 756 1533 791 et
1555 746 1634 791 tibi
1654 755 1733 802 est,
1800 755 1802 788 L

351 837 372 861 »
407 818 596 863 mulier?
630 817 828 863 nondum
864 817 984 861 venit
1012 816 1119 860 hora
1150 818 1276 860 mea?
1308 837 1325 858 »
1353 818 1563 862 Dominus
1593 826 1740 861 noster
1800 810 1801 858 J

349 892 472 934 Jesus
504 888 724 943 Christus,
749 897 794 931 et
824 890 937 931 Deus
967 895 1059 931 erat
1080 895 1124 930 et
1156 886 1290 932 homo
1317 906 1326 932 2
1351 887 1594 932 secundum
1619 886 1741 947 quod
1802 922 1805 932 ,

351 963 465 1004 Deus
487 967 578 1003 erat
594 993 605 1014 ,
635 967 819 1002 matrem
848 972 939 1002 non
953 957 1174 1015 hahebat3
1200 957 1442 1002 secundum
1464 957 1587 1018 quod
1607 958 1741 1002 homo

348 1039 454 1086 erat,
480 1028 687 1074 habebat.
708 1031 847 1073 Mater
864 1042 968 1087 ergo
990 1036 1081 1072 erat
1101 1028 1257 1084 carnis,
1277 1037 1416 1072 mater
1437 1028 1737 1083 humanitatis,

346 1111 484 1146 mater
504 1100 765 1145 infirmitatis
796 1114 930 1159 quam
951 1099 1138 1158 suscepit
1159 1109 1337 1159 propter
1359 1115 1453 1144 nos.
1478 1099 1741 1145 Miraculum

348 1182 494 1217 autem
514 1171 635 1231 quod
652 1170 848 1214 facturus
865 1179 977 1225 erat,
998 1169 1242 1214 secundum
1259 1170 1529 1215 divinitatem
1550 1170 1742 1215 facturus

347 1254 437 1289 erat
454 1279 465 1300 ,
489 1259 579 1288 non
602 1241 843 1287 secundum
870 1242 1199 1301 infirmitatem,
1221 1241 1463 1286 secundum
1482 1242 1602 1302 quod
1629 1245 1743 1286 Deus

348 1325 455 1371 erat,
480 1330 571 1359 non
590 1313 831 1358 secundum
849 1312 970 1372 quod
991 1313 1191 1356 infirmus
1209 1321 1337 1356 natus
1355 1321 1462 1356 erat.
1481 1312 1600 1357 «Sed
1621 1312 1745 1355 infir-

357 1407 374 1428 »
410 1402 532 1430 mum
563 1386 641 1430 Dei
679 1383 833 1429 fortius
871 1395 936 1428 est
965 1384 1219 1429 hominibus
1241 1387 1270 1427 ¹.
1306 1402 1326 1425 ι)
1351 1382 1615 1429 Miraculum
1643 1385 1765 1442 ergo'

351 1458 551 1516 exigebat
569 1466 706 1500 mater
725 1477 735 1514 3
768 1465 812 1500 at
837 1455 910 1499 ille
934 1465 1142 1516 tanquam
1164 1471 1254 1500 non
1271 1456 1467 1514 agnoscit
1483 1456 1642 1501 viscera
1659 1456 1744 1499 hu-

353 1543 507 1584 mana,
536 1536 792 1587 operaturus
821 1526 933 1571 facta
961 1525 1134 1582 divina,
1174 1536 1383 1586 tanquam
1406 1527 1554 1571 dicens
1578 1546 1587 1571 2
1614 1525 1745 1580 Quod

352 1599 407 1644 de
424 1615 492 1643 me
509 1599 610 1644 lacit
622 1597 902 1654 miraculum,
922 1613 1009 1642 non
1029 1607 1076 1642 tu
1093 1598 1298 1657 genuisti,
1315 1597 1588 1642 divinitatem
1605 1612 1746 1641 meam

354 1686 444 1715 non
466 1680 515 1715 tu
543 1670 727 1729 genuisti
755 1689 763 1714 ;
789 1668 864 1713 sed
891 1669 1006 1729 quia
1027 1669 1211 1726 genuisti
1247 1668 1544 1712 infirmitatem
1570 1683 1711 1712 meam
1731 1702 1742 1723 ,

354 1752 460 1787 tunc
475 1751 518 1786 te
538 1756 815 1800 cognoscam,
830 1755 930 1784 cum
944 1740 1035 1798 ipsa
1051 1739 1279 1783 infirmitas
1300 1739 1509 1799 pendebit
1530 1739 1575 1783 in
1597 1753 1743 1794 cruce,
1808 1770 1809 1775 η

357 1815 440 1858 hoc
470 1822 532 1857 est
554 1812 699 1856 enim:
729 1831 749 1854 «
779 1810 985 1856 Nondum
1008 1811 1127 1855 venit
1155 1811 1260 1854 hora
1284 1825 1394 1853 mea.
1425 1829 1445 1851 »
1486 1813 1608 1854 Tunc
1630 1810 1747 1853 enim
1807 1813 1809 1859 ᾗ

357 1884 575 1942 cognovit,
596 1882 671 1942 qui
687 1881 839 1941 utique
861 1896 1029 1940 semper
1050 1889 1245 1925 noverat.
1270 1882 1326 1923 Et
1344 1888 1574 1939 antequam
1594 1881 1648 1923 de
1673 1878 1748 1923 illa
1808 1895 1809 1943 ζ

357 1964 484 2000 natus
506 1963 643 2008 essct,
672 1953 717 1997 in
746 1951 1126 2012 praedestinatione
1161 1959 1341 1995 noverat
1362 1959 1572 2008 matrem3
1602 1959 1646 1993 et
1667 1965 1748 1993 an·
1808 1950 1809 1954 ’

360 2036 538 2087 tequam
573 2025 664 2084 ipse
687 2027 801 2068 Deus
822 2031 1010 2077 crearet,
1036 2021 1091 2065 de
1112 2038 1200 2082 qua
1224 2022 1313 2080 ipse
1348 2021 1480 2065 homo
1500 2029 1746 2075 crearetur,

361 2107 541 2143 noverat
555 2106 756 2141 matrem:
777 2095 855 2140 sed
873 2095 928 2139 ad
949 2092 1183 2154 quamdam
1201 2094 1353 2137 horam
1375 2092 1420 2136 in
1432 2092 1639 2149 mysterio
1660 2106 1752 2136 non

363 2169 586 2230 agnoscit,
611 2176 655 2211 et
684 2166 739 2211 ad
759 2165 995 2227 quamdam
1023 2166 1175 2209 horam
1210 2179 1310 2224 quae
1332 2162 1528 2208 nondum
1548 2171 1747 2217 venerat,

364 2243 411 2287 in
432 2241 636 2300 mysterio
661 2254 808 2284 rursus
830 2239 1037 2297 agnoscit.
1066 2239 1188 2280 Tunc
1205 2235 1320 2279 enim
1339 2235 1544 2293 agnovit,
1573 2232 1751 2294 quando

365 2312 478 2359 illud
499 2311 620 2373 quod
637 2310 805 2370 peperit
825 2308 1108 2353 moriebatur.
1135 2309 1232 2352 Non
1252 2305 1370 2361 enim
1393 2305 1659 2350 moriebatur
1680 2318 1753 2361 per

367 2385 489 2445 quod
509 2383 623 2428 facta
646 2390 738 2426 erat
764 2381 920 2435 Maria,
945 2379 1021 2424 sed
1042 2378 1310 2423 moriebatur
1333 2376 1453 2436 quod
1472 2374 1637 2420 lactum
1662 2383 1754 2418 erat

371 2471 422 2501 ex
442 2456 579 2501 Maria
605 2473 615 2499 ι
638 2468 728 2498 non
749 2451 1016 2497 moriebatur
1036 2450 1254 2495 aeternitas
1273 2447 1509 2493 divinitatis
1523 2482 1534 2503 ,
1559 2445 1636 2491 sed
1656 2461 1753 2491 mo-

419 2549 428 2566 1
454 2554 467 2574 1
486 2545 558 2576 Cor.
579 2553 605 2583 1,
622 2540 676 2573 25.
