1809 3173
374 161 456 201 334
810 166 844 197 s.
879 166 1110 197 ‚mausum
1133 170 1314 198 Emscom

373 249 455 291 tor,
480 250 558 279 nec
580 234 777 293 Apostoli
796 235 885 295 ejus
902 270 912 290 ‚
936 251 1015 280 nec
1038 236 1266 296 quisquam
1286 235 1486 280 seductor
1509 237 1638 280 debet
1664 252 1752 280 csse
1800 235 1803 241 '

372 306 639 351 Christianus
666 324 675 350 z
701 305 734 349 si
763 314 908 349 autem
929 304 1134 349 seducere
1161 306 1335 349 aliunde
1358 305 1544 366 aliquem
1567 306 1621 350 ad
1636 305 1755 350 aliud

371 376 671 436 persuadendo
693 375 852 420 ducere
877 385 963 430 est,
985 376 1270 435 quaerendum
1293 385 1356 419 cst
1375 377 1489 420 unde
1511 386 1553 420 ct
1575 392 1662 435 quo
1688 396 1696 420 ·.
1719 376 1753 420 si

371 463 394 491 a
410 447 524 492 malo
546 445 601 490 ad
620 446 809 500 bonum,
843 447 983 489 bonus
1005 444 1209 488 seductor
1232 455 1322 503 est3
1347 447 1380 489 si
1403 462 1427 489 a
1446 447 1561 490 bono
1584 445 1637 489 ad
1660 462 1753 489 ma-

370 518 486 574 lum,
512 517 650 562 malus
667 517 869 561 seductor
891 525 967 558 est.
999 518 1050 558 In
1068 516 1179 559 hanc
1205 532 1306 574 ergo
1329 526 1497 576 partem
1520 533 1604 577 qua
1627 516 1755 561 sedu-

371 599 530 634 cuntur
547 590 742 633 homines
760 587 814 631 de
833 585 947 630 malo
966 585 1020 630 ad
1044 586 1227 643 bonum,
1248 587 1415 632 utinam
1435 604 1584 632 omnes
1606 587 1756 632 seduc-

372 670 484 707 tores
507 669 548 704 et
571 673 776 704 vocemur
793 666 836 701 et
857 657 1004 700 simus.

446 734 504 775 II.
529 727 776 773 «Ascendit
800 746 819 768 »
845 742 947 786 ergo
965 736 1113 786 postea
1136 729 1343 773 Dominus
1371 730 1425 773 ad
1458 728 1573 773 diem
1595 729 1754 773 festum
1801 753 1802 760 κ

376 821 396 844 ι(
430 800 648 845 mediante
683 798 752 842 die
779 796 888 842 festo
906 832 917 852 ,
942 806 985 840 et
1008 798 1207 842 docebat.
1244 801 1300 843 Et
1323 800 1592 843 mirabantur
1614 798 1756 843 Judaei
1801 803 1802 809 ’

376 891 396 914 »
432 871 626 916 dieentes
654 889 662 914 :
688 867 921 922 Quomodo
947 869 1017 912 hic
1038 867 1201 913 litteras
1224 870 1325 925 scit,
1359 886 1459 914 cum
1482 886 1570 914 non
1592 870 1757 914 didice-
1802 862 1804 881 ³

377 960 397 984 »
433 943 546 986 rit¹?
571 959 590 983 »
617 938 696 984 Ille
723 939 798 1000 qui
820 939 1009 993 latebat,
1038 939 1250 995 docebat3
1272 949 1314 984 et
1338 940 1477 999 palam
1495 940 1758 999 loquebatur

374 1023 417 1058 et
440 1029 529 1057 non
545 1012 792 1056 tenebatur.
819 1009 936 1053 Illud
959 1009 1073 1053 enim
1093 1019 1140 1054 ut
1162 1009 1336 1065 lateret,
1363 1020 1457 1055 erat
1471 1027 1596 1055 causa
1620 1027 1759 1055 exem-

374 1084 461 1144 pli,
486 1084 569 1127 hoc
592 1081 830 1141 potestatis.
870 1079 953 1125 Sed
981 1096 1080 1123 cum
1103 1081 1303 1135 doceret,
1336 1100 1354 1122 «
1386 1081 1655 1125 mirabantur
1677 1084 1756 1125 Ju-
1808 1073 1809 1080 ¹

378 1173 398 1195 »
434 1154 531 1198 daei.
556 1171 576 1212 i>
602 1154 762 1196 Omnes
779 1151 972 1211 quidem,
998 1160 1211 1209 quantum
1231 1151 1430 1205 arbitror,
1457 1152 1755 1208 mirabantur3

375 1223 450 1268 sed
473 1239 562 1267 non
579 1237 728 1267 ornnes
752 1221 1132 1265 convertebantur.
1159 1224 1214 1264 Et
1237 1221 1354 1264 unde
1376 1221 1601 1265 admiratio
1619 1223 1758 1274 ⁶?Quia

377 1294 504 1338 multi
527 1301 737 1337 noverant
767 1291 843 1335 ubi
872 1299 998 1334 natus
1016 1326 1026 1345 ‚
1052 1290 1421 1350 quemadmodum
1445 1290 1573 1335 fuerit
1597 1292 1758 1336 educa—

376 1375 445 1409 tus
462 1386 472 1422 3
493 1378 719 1423 nunquam
742 1377 842 1405 eum
859 1361 1057 1405 viderant
1076 1361 1237 1405 litteras
1256 1362 1506 1416 discentem,
1523 1362 1760 1407 audiebant

378 1445 525 1480 autem
545 1434 600 1478 de
623 1437 735 1491 Lege
761 1432 1053 1491 disputantem
1076 1467 1086 1487 ‚
1118 1432 1240 1490 Legis
1269 1433 1512 1476 testimonia
1535 1432 1759 1492 proferen-

378 1517 464 1551 tem
480 1541 491 1560 ‚
517 1521 616 1564 quae
634 1519 762 1547 nemo
785 1512 928 1562 posset
950 1502 1141 1561 proferre
1160 1503 1239 1546 nisi
1256 1502 1447 1561 legisset,
1473 1519 1601 1548 nemo
1617 1503 1760 1562 legere

378 1578 458 1622 nisi
473 1577 635 1620 litteras
658 1574 876 1618 didicisset
897 1592 906 1618 2
931 1583 974 1616 et
997 1572 1094 1617 ideo
1114 1573 1400 1617 mirabantur.
1424 1576 1585 1617 Eorum
1616 1583 1760 1618 autem

379 1647 606 1693 admiratio
642 1645 850 1704 Magistro
883 1643 996 1703 facta
1032 1654 1094 1688 est
1113 1644 1388 1688 insinuandae
1411 1643 1536 1688 altius
1573 1645 1760 1689 veritatis

379 1719 559 1764 occasio.
574 1720 636 1760 Ex
653 1731 801 1759 eorum
826 1714 988 1774 quippe
1010 1713 1293 1757 admiratione
1313 1723 1354 1757 et
1373 1715 1528 1765 verbis,
1547 1714 1654 1758 dixit
1677 1718 1762 1759 Do-

379 1790 521 1833 minus
538 1784 808 1846 profundum
832 1783 1018 1842 aliquid,
1044 1793 1086 1827 et
1103 1782 1351 1840 diligentins
1373 1784 1523 1843 inspici
1546 1793 1589 1827 et
1606 1783 1761 1828 discuti
1808 1795 1809 1808 ³

380 1859 578 1918 dignum.
593 1860 773 1915 Propter
785 1854 906 1914 quod
920 1854 1131 1897 intentam
1145 1852 1255 1897 facio
1268 1854 1531 1898 Charitatem
1546 1856 1758 1909 Vestram,

381 1946 471 1975 non
495 1927 637 1973 solum
658 1926 712 1970 ad
735 1923 1003 1969 audiendum
1025 1938 1103 1982 pro
1124 1924 1247 1967 vobis
1267 1958 1277 1977 ,
1303 1923 1377 1967 sed
1401 1925 1528 1968 etiam
1553 1924 1607 1968 ad
1630 1941 1760 1969 oran-

382 2001 488 2045 dum
511 2014 589 2058 pro
611 1997 751 2041 nobis.

442 2073 521 2114 1Ιὶ.
553 2067 669 2122 Quid
705 2081 807 2124 ergo
840 2063 1049 2108 Dominus
1083 2061 1304 2120 respondit
1324 2062 1410 2116 eis,
1451 2061 1763 2107 admirantibus

382 2141 603 2202 quomodo
633 2139 759 2183 sciret
780 2137 944 2180 litteras
962 2169 972 2188 ,
998 2149 1105 2194 quas
1130 2149 1218 2177 non
1242 2132 1483 2178 didicerat?
1509 2154 1526 2174 «
1553 2137 1671 2187 Mea,
1696 2134 1763 2178 in-

385 2232 404 2255 »
441 2212 536 2271 quit
553 2245 563 2264 ,
590 2207 787 2254 doctrina
806 2222 894 2251 non
919 2214 982 2248 est
1005 2220 1098 2248 mea
1115 2239 1126 2258 ‚
1147 2203 1222 2247 sed
1244 2205 1335 2262 ejus
1351 2239 1361 2258 ,
1387 2203 1462 2263 qui
1481 2204 1594 2248 misit
1616 2208 1758 2248 me‘2.»

384 2286 488 2328 Haec
521 2289 584 2325 est
610 2277 881 2339 profunditas
918 2276 1054 2335 prima
1081 2294 1088 2319 :
1115 2275 1285 2318 videtur
1307 2275 1421 2318 enim
1454 2276 1599 2333 paucis
1622 2276 1762 2319 verbis

383 2353 503 2414 quasi
523 2350 738 2396 contraria
767 2348 952 2392 loeutus.
981 2348 1075 2390 Non
1105 2345 1219 2388 enim
1244 2345 1330 2388 ait:
1359 2347 1442 2388 Ista
1461 2344 1655 2389 doctrina
1674 2361 1761 2390 non

384 2433 448 2469 est
470 2438 591 2479 mea3
611 2419 686 2464 sed
701 2453 712 2474 ‚
737 2437 756 2460 «
782 2421 878 2462 Mea
901 2415 1097 2460 doctrina
1120 2430 1209 2459 non
1229 2423 1293 2458 est
1306 2429 1416 2458 mea.
1442 2433 1461 2455 »
1490 2415 1532 2460 Si
1553 2430 1641 2460 non
1664 2424 1760 2470 tua,

431 2516 441 2532 ¹
457 2510 550 2542 Joan.
568 2516 628 2547 vu,
650 2503 705 2547 14,
723 2502 773 2536 15.
791 2519 832 2525 —
848 2501 957 2534 ²1bid.
981 2500 1033 2534 16.
