1825 3214
305 236 347 263 ιΝ
382 233 555 264 JOANNIS
587 236 900 275 eunonium,
935 238 1081 266 Tum.
1120 241 1196 266 vir.
1415 232 1439 267 5

57 301 140 346 sint
168 300 309 346 studia
338 310 508 357 nostra,
544 302 625 347 alia
653 303 740 347 sint
777 313 1054 349 avocamenta
1083 306 1239 349 animae
1262 315 1436 352 nostrae.

58 373 159 417 Plus
186 372 299 417 valet
329 371 454 417 dolor
476 382 645 427 noster,
679 389 813 433 quam
842 374 1051 434 gaudium
1085 375 1273 421 illorum.
1301 382 1444 431 Quan-

55 453 148 490 tum
173 445 360 504 pertinet
382 445 436 489 ad
466 460 697 489 numerum
721 445 904 491 fratrum
924 481 934 501 ‚
966 446 1144 491 dillieile
1169 456 1233 492 est
1254 457 1302 492 ut
1326 450 1444 508 quis·

55 531 187 576 quam
220 515 291 559 illa
334 515 583 559 celebritate
620 525 766 576 raptus
799 516 928 561 suerit
964 534 1014 561 ex
1051 518 1151 562 viris
1183 537 1190 562 :
1227 529 1442 578 quantum

54 595 198 630 autem
218 586 271 631 ad
290 601 485 631 sororum
507 602 755 643 numerum,
772 588 999 633 contristat
1021 604 1098 634 nos
1114 625 1124 644 ,
1143 598 1186 634 et
1205 590 1288 634 hoe
1309 592 1444 649 magis

53 657 293 702 dolendum
309 667 388 712 cst,
409 658 509 718 quia
526 674 614 703 non
634 660 736 718 ipsae
754 660 899 719 potius
913 659 968 704 ad
984 659 1219 704 Ecclesiam
1241 671 1441 716 currunt,

52 743 158 788 quas
182 728 336 773 debuit
358 729 390 772 si
410 744 498 773 non
523 729 674 785 timor,
692 738 808 774 certe
830 729 1089 774 verecundia
1108 730 1162 774 de
1179 731 1358 790 publico
1381 747 1443 776 re-

51 814 221 844 vocare.
248 798 415 843 Viderit
437 800 520 844 hoc
539 800 613 860 qui
635 799 755 845 videt
774 821 784 857 3
800 809 843 845 et
857 799 997 845 aderit
1019 802 1307 846 misericordia
1331 804 1438 862 ejus,

52 879 100 914 ut
123 879 245 914 sanet
277 885 440 914 omnes.
482 872 568 914 Nos
598 879 744 914 autem
772 871 847 932 qui
869 872 1178 926 convenimus,
1213 887 1441 932 pascamur

50 941 188 1000 epulis
214 941 311 995 Dei,
329 949 371 985 et
388 941 440 984 sit
455 940 663 999 gaudium
682 950 880 986 nostrum
899 957 1040 987 sermo
1062 941 1208 1002 ipsius.
1237 944 1440 990 Invitavit

50 1012 164 1055 enim
179 1026 256 1056 nos
273 1010 326 1056 ad
342 1008 625 1070 Evangeliunt
641 1027 767 1056 suum
782 1013 948 1072 :etipse
960 1013 1083 1058 cibus
1096 1023 1242 1059 noster
1255 1023 1333 1070 est,
1350 1031 1440 1075 quo

0 1129 6 1135 ,
50 1082 158 1126 nihil
185 1083 384 1141 dulcius,
409 1081 484 1127 sed
506 1084 539 1127 si
557 1083 654 1143 quis
670 1083 804 1128 habet
825 1083 1020 1144 palatum
1045 1099 1198 1130 sanum
1222 1086 1266 1129 in
1289 1085 1435 1130 corde.

109 1156 189 1196 111.
228 1156 343 1196 Bene
376 1162 521 1197 autem
557 1154 744 1198 arbitror
777 1155 1024 1200 meminisse
1045 1155 1311 1200 Charitatem
1333 1158 1440 1201 Ves-

50 1232 158 1267 tram
182 1224 264 1269 hoc
288 1222 572 1282 Evangelium
607 1224 869 1269 lectionibus
891 1226 1094 1285 congruis
1123 1243 1173 1270 ex
1195 1226 1346 1271 ordine
1372 1243 1440 1272 re-

47 1294 168 1338 citari
197 1313 204 1339 :
226 1303 268 1338 et
286 1303 394 1353 puto
419 1294 540 1338 vobis
558 1309 648 1338 non
665 1294 868 1339 excidisse
890 1312 990 1356 quae
1008 1298 1100 1357 jam
1118 1305 1299 1342 tractata
1316 1308 1435 1353 sunt,

48 1365 231 1408 maxime
253 1365 491 1409 recentiora
515 1364 570 1408 de
592 1368 760 1410 Joanne
777 1375 820 1410 et
837 1366 1057 1411 columba.
1083 1370 1145 1412 De
1169 1371 1336 1413 Joanne
1357 1371 1439 1414 sei-

47 1434 174 1488 licet,
200 1435 308 1494 quid
338 1451 501 1480 novum
534 1435 734 1481 didicerit
760 1437 805 1480 in
835 1438 1022 1482 Domino
1051 1454 1127 1498 per
1156 1439 1434 1496 columbam,

47 1506 121 1565 qui
148 1507 237 1565 jam
262 1515 438 1550 noverat
461 1506 712 1551 Dominum.
740 1509 796 1552 Et
832 1508 916 1552 hoc
944 1509 1173 1553 inventum
1207 1519 1270 1554 est
1306 1511 1437 1570 inspi-

48 1585 169 1620 rante
189 1576 350 1635 Spiritu
374 1576 446 1619 Dci
464 1611 474 1631 ‚
495 1575 614 1636 quod
631 1578 719 1636 jam
739 1577 917 1636 quidem
938 1580 1126 1622 Joannes
1147 1590 1326 1624 noverat
1344 1584 1434 1625 Do-

46 1647 237 1701 minum,
254 1646 329 1691 sed
347 1646 467 1708 quod
489 1647 579 1706 ipse
603 1648 812 1691 Dominus
830 1648 888 1692 ita
907 1658 1016 1693 esset
1038 1649 1334 1709 baptizaturus
1351 1687 1361 1704 ‚
1384 1660 1434 1695 ut

49 1718 292 1777 baptizandi
308 1727 564 1777 potestatem
583 1734 605 1762 a
624 1733 667 1762 se
685 1719 729 1762 in
752 1719 970 1763 neminem
993 1720 1333 1777 transfunderet,
1350 1723 1434 1767 hoe

45 1789 198 1834 didicit
219 1805 295 1849 per
316 1790 581 1845 columbam,
599 1790 702 1849 quia
722 1789 891 1834 dictum
913 1791 952 1835 ei
970 1800 1083 1836 erat:
1106 1811 1124 1834 «
1146 1794 1284 1852 Super
1300 1809 1432 1853 quem

46 1879 67 1903 »
103 1861 259 1905 videris
310 1861 517 1921 Spiritum
554 1861 891 1907 descendentem
918 1862 1040 1908 velut
1082 1863 1355 1920 columbam,
1390 1875 1434 1910 et

47 1950 68 1974 »
104 1942 351 1977 manentem
375 1948 502 1992 super
534 1948 634 1977 eum
650 1968 661 1987 ‚
693 1933 764 1978 hic
790 1942 855 1978 est
883 1934 961 1995 qui
982 1934 1175 1995 baptizat
1197 1937 1242 1980 in
1269 1937 1432 1996 Spiritu

47 2022 67 2046 »
104 2006 291 2049 sancto¹.
314 2003 460 2057 »Quid
481 2013 560 2059 est,
583 2023 601 2045 «
615 2005 684 2049 hic
699 2007 794 2050 est?
811 2025 828 2047 »
847 2021 937 2051 non
953 2006 1077 2062 alius,
1094 2008 1173 2052 etsi
1192 2023 1268 2067 per
1280 2008 1429 2054 alium.

45 2075 188 2127 Quare
211 2083 354 2118 autem
376 2089 452 2134 per
479 2073 761 2119 columbam?
781 2074 922 2120 Multa
943 2076 1057 2121 dicta
1082 2086 1205 2132 sunt,
1231 2092 1311 2122 nee
1329 2094 1430 2138 pos-

44 2159 156 2199 sum,
182 2159 261 2188 nec
283 2159 390 2204 opus
409 2154 472 2189 est
489 2144 633 2189 omnia
654 2154 846 2190 retexere
866 2165 875 2191 :
896 2147 1115 2207 praecipue
1136 2157 1281 2193 tamen
1304 2164 1433 2209 prop-

46 2224 109 2258 ter
133 2230 308 2274 pacem,
333 2215 433 2275 quia
458 2224 500 2259 et
533 2214 651 2274 ligna
672 2232 772 2276 quae
801 2216 1018 2276 baptizata
1040 2227 1142 2262 sunt
1167 2218 1295 2274 foris,
1328 2220 1430 2279 quia

44 2284 238 2329 fructum
265 2286 310 2330 in
338 2287 397 2329 eis
419 2286 584 2331 invenit
605 2286 808 2331 columba
828 2323 839 2343 ,
865 2287 920 2332 ad
943 2304 1088 2333 arcam
1117 2289 1263 2334 attulit
1288 2310 1296 2335 2
1319 2290 1432 2336 sicut

44 2356 297 2400 meministis
319 2355 569 2401 columbam
595 2357 792 2402 emissam
814 2373 837 2402 a
858 2360 950 2404 Noe
973 2358 1027 2403 de
1044 2375 1140 2404 area
1157 2395 1167 2415 ,
1193 2376 1292 2420 quae
1313 2360 1428 2404 dilu-

43 2426 114 2469 vio
137 2426 315 2470 natabat
332 2461 343 2481 ,
369 2435 412 2470 et
440 2427 656 2485 baptismo
680 2427 941 2472 abluebatur
958 2464 969 2485 ,
989 2445 1079 2474 non
1098 2431 1375 2488 mergebatur
1391 2434 1423 2474 ².

44 2498 153 2541 Cum
173 2512 274 2555 ergo
292 2507 397 2541 esset
418 2498 587 2553 emissa,
607 2498 754 2543 attulit
774 2514 943 2544 ramum
965 2499 1115 2546 olivae:
1137 2500 1210 2544 sed
1230 2515 1317 2544 non
1340 2499 1427 2544 sola

93 2587 99 2602 ¹
120 2582 210 2612 Joan.
226 2593 248 2613 1.
271 2581 323 2612 33.
341 2598 378 2603 —-
409 2587 420 2603 ²
442 2583 520 2613 Gen.
545 2592 611 2622 vm,
643 2592 691 2613 ιι,
