1809 3173
376 198 460 235 390
803 211 835 237 s.
872 208 1101 239 Avensa-uu
1135 213 1316 240 muscom

373 271 578 316 dixerunt
600 288 699 316 eum
723 289 813 317 esse
834 285 1082 320 venturum.
1115 278 1367 337 Respondet
1400 279 1554 340 aliquis
1574 297 1721 327 eorum
1741 319 1751 338 ‚

373 342 457 394 Qui
492 344 755 401 Prophetae?
777 347 861 388 Nos
883 349 1113 390 recitamus
1129 381 1140 401 ‚
1175 350 1251 407 qui
1274 350 1401 393 nobis
1423 351 1618 410 quotidie
1644 354 1755 397 reci-

371 421 535 456 tantur.
564 415 618 457 Et
634 413 706 457 ille
723 449 733 469 ‚
754 416 838 467 Qui
855 426 956 460 sunt
979 418 1020 460 hi
1041 418 1297 476 Prophetae?
1313 423 1397 465 Nos
1416 422 1725 481 respondemus
1741 459 1752 480 ‚

372 484 457 536 Qui
483 493 526 529 et
553 484 847 543 praedixerunt
876 502 921 529 ea
952 503 1050 546 quae
1072 487 1164 530 fieri
1194 489 1405 535 videmus.
1441 495 1496 537 Et
1518 492 1617 548 ille,
1639 497 1752 550 Vos,

369 554 536 614 inquit,
557 555 680 599 vobis
702 555 781 599 ista
804 557 1008 611 finxistis,
1030 557 1194 602 vidistis
1221 574 1270 603 ea
1292 560 1406 614 fieri,
1431 571 1474 606 ct
1495 565 1617 623 quasi
1644 581 1755 609 ven-

371 634 468 669 tura
492 625 698 684 praedicta
721 634 877 680 essent,
894 626 938 669 in
955 626 1076 670 libris
1093 628 1253 687 quibus
1266 630 1459 675 voluistis
1483 634 1756 693 conscripsis-
1805 641 1809 677 s

368 696 437 739 tis.
463 695 543 739 Hic
565 704 716 739 contra
751 695 945 740 inimicos
982 700 1174 754 Paganos
1213 701 1401 744 occurrit
1422 702 1548 747 nobis
1571 703 1755 749 aliorum
1808 735 1809 739 =

368 766 666 810 testimonium
703 766 993 812 inimieorum.
1020 768 1283 814 Proterimus
1309 772 1479 816 codices
1504 788 1527 817 a
1559 776 1583 817 J
1591 773 1751 831 udaeis,
1805 761 1809 771 i

369 845 412 880 et
433 836 743 895 respondemus
760 872 771 891 ‚
797 840 962 897 Nempe
986 847 1030 882 et
1050 855 1126 884 vos
1157 849 1200 884 et
1221 840 1282 884 illi
1301 876 1312 896 ,
1341 842 1443 886 fidei
1476 853 1634 888 nostrae
1656 846 1755 890 estis
1806 876 1807 880 =

369 906 546 950 inimici.
571 906 674 950 Ideo
692 907 824 965 sparsi
845 917 946 951 sunt
962 924 1039 967 per
1057 919 1204 967 gentes
1225 945 1236 965 ‚
1262 920 1311 955 ut
1333 912 1438 956 alios
1457 928 1507 957 ex
1529 914 1622 958 aliis
1646 931 1754 960 con-

369 977 592 1021 vincamus
614 977 813 1022 inimicis.
843 979 989 1023 Codex
1017 982 1139 1023 Isa'iae
1162 980 1407 1039 proferatur
1433 998 1455 1027 a
1474 984 1661 1040 Judaeis,
1687 986 1754 1030 vi-
1806 992 1807 1047 t

370 1046 549 1091 deamus
566 1048 600 1091 si
621 1063 710 1091 non
726 1048 785 1090 ibi
807 1047 928 1106 lego:
950 1072 969 1091 u
988 1050 1108 1094 Sicut
1129 1051 1219 1095 ovis
1237 1052 1291 1095 ad
1313 1052 1629 1098 immolandum
1646 1057 1756 1100 duc-
1806 1051 1807 1090 3

374 1136 393 1158 »
430 1126 498 1161 tus
516 1126 600 1171 est,
626 1126 669 1161 et
690 1118 800 1161 sicut
826 1133 961 1176 agnus
983 1135 1128 1163 eoram
1153 1121 1361 1166 tondente
1391 1122 1474 1166 fuit
1495 1124 1586 1168 sine
1614 1141 1721 1169 voce
1739 1161 1751 1181 ‚

373 1204 394 1227 »
429 1187 488 1230 sic
510 1203 599 1231 non
636 1189 804 1246 aperuit
825 1205 872 1233 os
894 1205 1022 1233 suum
1047 1209 1057 1235 ε
1086 1191 1130 1234 in
1160 1192 1407 1237 humilitate
1428 1194 1642 1254 judicium
1664 1197 1754 1256 ejus

374 1276 395 1299 »
430 1257 651 1301 sublatum
669 1268 731 1302 est
753 1278 761 1303 :
781 1258 916 1304 livore
939 1261 1030 1320 ejus
1054 1261 1191 1305 sanati
1212 1278 1361 1307 sumus
1385 1282 1394 1308 :
1415 1280 1564 1308 omnes
1580 1275 1630 1310 ut
1654 1282 1753 1311 oves

372 1346 393 1369 »
428 1328 664 1372 erravimus
679 1363 690 1382 ,
715 1338 759 1372 et
781 1329 870 1388 ipse
892 1331 1075 1374 traditus
1098 1336 1162 1375 e'st
1191 1348 1269 1390 pro
1296 1335 1482 1392 peccatis
1505 1335 1700 1380 nostris¹.
1729 1355 1750 1378 n

369 1401 482 1443 Ecce
505 1397 682 1442 lucerna
714 1415 818 1442 una.
851 1400 945 1444 Alia
977 1400 1249 1460 proferatur,
1288 1404 1482 1449 Psalmus
1505 1406 1750 1464 aperiatur,

369 1469 496 1512 etiam
522 1467 623 1512 inde
653 1468 861 1527 praedicta
882 1471 1021 1529 passio
1043 1473 1202 1516 Christi
1232 1475 1453 1518 recitetur.
1483 1495 1503 1517 «
1528 1476 1754 1522 Foderunt

372 1558 393 1582 »
429 1555 583 1583 manu-s
601 1555 716 1584 meas
734 1550 776 1584 et
794 1540 923 1600 pedes
936 1557 1070 1596 meos,
1085 1543 1473 1591 dinumeraverunt
1493 1548 1639 1592 omnia
1661 1564 1754 1593 ossa

373 1629 394 1652 »
429 1626 524 1654 mea
553 1630 561 1654 :
587 1611 665 1670 ipsi
693 1627 794 1656 vero
828 1613 1211 1659 consideraverunt
1240 1625 1282 1659 et
1309 1628 1626 1676 conspexerunt
1653 1635 1749 1676 me,
1808 1656 1809 1660 ,

373 1698 394 1723 »
430 1681 669 1725 diviserunt
692 1682 772 1726 sibi
801 1684 1058 1728 vestimenta
1080 1701 1199 1741 mea,
1225 1695 1268 1730 et
1290 1702 1419 1746 super
1447 1689 1754 1734 vestimentum

374 1770 395 1793 »
429 1767 577 1795 meum
601 1753 812 1797 miserunt
828 1764 1004 1798 sortem.
1030 1755 1161 1814 Apud
1178 1765 1221 1800 te
1242 1756 1335 1801 laus
1352 1773 1470 1814 mea,
1494 1759 1540 1802 in
1562 1759 1754 1804 Ecclesia

374 1841 395 1864 »
429 1838 587 1881 magna
615 1823 857 1868 confitebor
885 1825 978 1868 tibi.
1005 1827 1478 1873 commemorabuntur
1509 1839 1552 1874 et
1572 1846 1754 1876 conver-

375 1914 394 1936 »
429 1902 578 1937 tentur
600 1893 654 1937 ad
678 1896 910 1938 Dominum
928 1897 1116 1940 universi
1134 1899 1240 1942 fines
1264 1908 1390 1942 terrae
1415 1919 1424 1944 :
1449 1910 1493 1944 et
1509 1901 1755 1947 adorabunt

374 1981 396 2006 »
431 1964 476 2007 in
499 1973 734 2023 conspectu
759 1965 849 2024 ejus
871 1966 1083 2009 universae
1105 1969 1255 2025 patriae
1290 1970 1482 2027 gentium
1501 1992 1513 2028 3
1540 1972 1642 2031 quia
1664 1976 1754 2017 Do-

375 2052 396 2076 »
431 2034 537 2077 mini
555 2043 618 2078 est
634 2049 832 2091 regnum,
858 2045 900 2079 et
917 2036 1007 2094 ipse
1028 2036 1323 2082 dominabitur
1346 2041 1539 2098 gentium
1555 2045 1586 2085 ².
1609 2061 1627 2083 »
1643 2046 1755 2087 Eru-

371 2106 520 2150 bescat
540 2122 654 2150 unus
677 2106 875 2151 inimicus
892 2142 903 2162 ‚
930 2108 1031 2167 quia
1059 2108 1254 2153 codicem
1278 2111 1383 2154 mihi
1411 2112 1624 2157 ministrat
1647 2113 1755 2157 alius

370 2175 585 2219 inimicus.
609 2176 693 2221 Sed
715 2192 813 2221 ecce
835 2176 890 2220 de
927 2177 1148 2222 codicibus
1177 2179 1354 2238 prolatis
1378 2181 1433 2225 ab
1467 2198 1556 2226 uno
1577 2183 1754 2228 inimico

372 2246 557 2291 alterum
579 2247 662 2292 vici
689 2267 698 2292 ε
728 2258 771 2292 et
787 2248 877 2308 ipse
899 2249 975 2308 qui
997 2251 1101 2294 mihi
1125 2251 1320 2307 codicem
1343 2252 1548 2311 protulit,
1570 2269 1659 2298 non
1683 2270 1753 2298 re-

370 2316 594 2377 linquatur
615 2337 623 2362 :
650 2318 704 2361 ab
720 2318 796 2363 illo
819 2319 1079 2378 proferatur,
1099 2321 1217 2365 unde
1235 2332 1277 2366 et
1298 2323 1388 2382 ipse
1408 2324 1621 2368 vincatur.
1637 2328 1754 2384 Lego

370 2387 504 2431 alium
524 2389 802 2447 prophetam,
823 2399 866 2433 et
886 2390 1058 2434 invenio
1079 2393 1312 2436 Dominum
1336 2393 1587 2454 loquentem
1610 2395 1664 2438 ad
1681 2398 1705 2439 J
1711 2411 1754 2439 u-

370 2456 514 2502 daeos:
544 2476 565 2500 «
583 2461 680 2504 Non
710 2468 774 2503 est
798 2460 905 2503 mihi
923 2460 1124 2505 voluntas
1144 2464 1190 2506 in
1210 2463 1331 2507 vobis
1347 2498 1358 2518 ‚
1384 2464 1490 2508 dicit
1512 2465 1748 2522 Dominus,

422 2549 430 2565 ¹
454 2543 525 2574 Isai'.
544 2554 611 2584 Lm,
631 2554 662 2584 7,
679 2548 741 2575 etc.
767 2561 808 2567 -
827 2551 839 2566 ²
862 2544 939 2577 Psal.
957 2556 1022 2585 xxi,
1042 2556 1093 2587 17⁷
1113 2550 1176 2578 ete.
