1809 3173
363 176 442 212 162
793 184 824 210 S·
864 185 1091 212 AUGUaTffll
1126 186 1305 227 EP15901⁵1

353 269 372 291 «
397 243 566 294 'Cluisu
593 250 663 291 ¹.»
693 252 742 292 ln
772 249 853 293 hoc
888 264 989 308 ergo
1016 249 1175 294 saeculo
1207 250 1330 310 quasi
1361 249 1734 308 quadragesimam

348 319 620 364 abstinentiae
636 318 926 374 celebramus,
953 335 1056 364 cum
1081 321 1191 364 bene
1212 320 1420 374 vivimus,
1445 334 1544 363 cum
1573 319 1628 363 ab
1650 319 1735 364 ini-

346 389 586 450 quitatibus
602 398 646 434 et
663 390 718 434 ab
735 389 896 435 illicitis
909 390 1210 450 voluptatibus
1224 391 1507 437 abstinemus,
1532 390 1615 435 Sed
1633 390 1735 450 quia

345 461 438 505 haec
461 460 719 505 abstinentia
740 461 830 505 sine
856 460 1056 505 mercede
1079 476 1169 505 non
1190 461 1294 515 erit,
1319 469 1618 520 exspectamus
1640 460 1735 504 bea·

347 539 435 575 tam
463 529 583 574 illam
613 545 762 589 spem,
798 539 841 574 et
869 530 1179 575 revelationem
1212 530 1362 589 gloriae
1391 531 1537 590 magni
1570 530 1671 584 Dei,
1693 538 1736 573 et

345 600 566 646 salvatoris
597 600 731 646 nostri
764 603 868 645 Jesu
894 600 1070 645 Christi.
1095 602 1148 643 In
1170 599 1242 644 illa
1267 616 1341 660 spe
1357 635 1369 656 ‚
1394 616 1494 645 cum
1526 599 1661 645 fuerit
1682 599 1737 644 de

349 687 424 731 spe
448 671 558 716 facta
579 686 672 726 res,
697 670 915 730 accepturi
938 686 1088 715 sumus
1108 672 1351 715 mercedem
1375 672 1617 716 denarium.
1641 674 1737 730 Ipsa

348 743 464 786 enim
496 756 660 786 merces
682 741 881 785 redditur
902 741 1107 800 operariis
1128 741 1173 785 in
1198 741 1323 786 vinea
1351 741 1651 786 laborantibus
1671 756 1738 785 se-

344 812 541 857 cundum
571 810 882 870 Evangelium,
906 811 1026 870 quod
1054 826 1129 856 vos
1157 810 1288 856 credo
1312 813 1528 857 reminisci
1540 815 1574 870 23
1594 826 1737 872 neque

343 883 459 927 enim
488 883 633 928 omnia
662 881 1046 926 commemoranda
1084 890 1215 937 sunt,
1240 891 1450 942 tanquam
1479 881 1664 926 rudibus
1694 891 1738 926 et

341 954 565 1014 imperitis.
591 953 800 998 Denarius
818 968 921 1012 ergo
945 953 1021 1013 qui
1044 953 1211 1012 accepit
1233 969 1393 998 nomen
1410 970 1433 998 a
1454 969 1637 999 numero
1659 952 1737 997 de-

343 1040 453 1080 cem,
465 1023 680 1078 redditur,
698 1032 740 1067 et
760 1026 856 1084 conj
864 1032 1021 1068 unctus
1035 1023 1381 1084 quadragenario
1396 1025 1445 1069 fit
1461 1025 1736 1084 quinquage-

341 1097 486 1139 narius
509 1112 520 1139 .·
539 1094 658 1139 unde
677 1109 778 1139 cum
791 1094 941 1139 labore
955 1094 1226 1139 celebramus
1244 1095 1619 1155 quadragesimam
1634 1103 1734 1139 ante

342 1166 518 1220 Pascha,
535 1180 637 1209 cum
656 1164 806 1208 laetitia
829 1180 932 1208 vero
956 1173 1165 1224 tanquam
1184 1175 1361 1224 accepta
1384 1165 1584 1210 mercede
1601 1165 1734 1224 quin-

339 1236 635 1295 quagesimam
670 1243 766 1294 post
803 1236 982 1279 Pascha.
1021 1237 1132 1280 Nam
1168 1235 1270 1279 huic
1307 1245 1517 1295 tanquam
1555 1234 1733 1280 salutari

341 1305 480 1350 labori
508 1305 613 1350 boni
636 1306 802 1364 operis,
827 1306 902 1364 qui
926 1305 1113 1363 pertinet
1146 1304 1202 1348 ad
1231 1304 1626 1364 quadragenarium
1648 1321 1734 1350 nu-

341 1391 510 1420 merum
527 1411 537 1430 ‚
564 1374 743 1419 additur
772 1375 929 1434 quietis
957 1384 1000 1419 et
1028 1372 1244 1420 felicitatis
1267 1374 1493 1431 denarius,
1527 1384 1577 1419 ut
1605 1375 1736 1435 quin-

343 1447 633 1506 quagenarius
655 1446 745 1490 fiat.

401 1519 450 1560 V.
475 1517 747 1575 Significavit
768 1517 851 1560 hoc
874 1516 1028 1574 etipse
1058 1516 1265 1560 Dominus
1290 1518 1413 1560 Jesus
1436 1515 1576 1560 multo
1604 1530 1735 1575 aper-

347 1587 430 1631 tius
443 1621 455 1642 ,
473 1587 651 1646 quando
670 1594 767 1645 post
783 1586 1144 1630 resurrectionem
1160 1585 1450 1646 quadraginta
1464 1586 1619 1630 diebus
1636 1601 1739 1630 con-

343 1666 535 1701 versatus
568 1666 634 1701 est
662 1657 708 1700 in
730 1665 843 1701 terra
865 1670 966 1700 cum
998 1655 1219 1714 discipulis
1242 1655 1329 1699 suis
1347 1658 1380 1710 3,
1406 1655 1738 1715 quadragesimo

345 1735 491 1770 autem
514 1725 584 1770 die
607 1742 708 1771 cum
731 1726 994 1770 ascendisset
1012 1726 1058 1769 in
1075 1724 1237 1770 coelum
1252 1760 1264 1781 ‚
1284 1726 1466 1784 peractis
1485 1727 1636 1770 decem
1652 1725 1740 1770 die-

349 1797 429 1841 bus
446 1796 562 1841 misit
576 1795 820 1840 mercedem
839 1795 1021 1854 Spiritus
1050 1796 1188 1840 sancti
1203 1795 1234 1838 ⁴.
1258 1796 1503 1853 Significata
1520 1805 1623 1841 sunt
1639 1796 1736 1851 ista,

347 1876 390 1912 et
412 1866 677 1928 quibusdam
714 1865 1105 1924 significationibus
1127 1880 1193 1909 res
1221 1865 1325 1923 ipsae
1356 1875 1592 1924 praeventae
1617 1874 1736 1910 sunt.

351 1937 750 1997 significationibus
780 1936 1018 1995 pascimur,
1045 1944 1095 1979 ut
1126 1934 1182 1979 ad
1213 1950 1278 1978 res
1311 1934 1423 1994 ipsas
1455 1936 1739 1995 perdurantes

348 2010 571 2069 pervenire
604 2009 834 2069 possimus.
871 2006 1067 2066 Operarii
1095 2006 1211 2049 enim
1241 2021 1416 2062 sumus⁷
1446 2017 1490 2051 et
1521 2007 1666 2052 adhuc
1692 2007 1739 2051 in

349 2082 475 2126 vinea
506 2080 755 2125 laboramus
778 2098 786 2123 ;
806 2078 931 2122 finito
959 2077 1051 2132 die,
1079 2077 1203 2121 finito
1235 2092 1365 2136 opere
1382 2112 1393 2132 ,
1417 2092 1582 2122 merces
1611 2078 1738 2122 resti-

352 2160 513 2195 tuetur.
542 2151 627 2196 Sed
643 2150 740 2211 quis
761 2149 980 2208 operarius
1001 2148 1211 2208 perdurat
1234 2146 1288 2191 ad
1310 2147 1606 2207 accipiendam
1628 2163 1738 2192 mer-

352 2222 530 2278 cedem,
560 2223 639 2266 nisi
662 2223 739 2282 qui
772 2222 960 2281 pascitur
991 2235 1093 2264 cum
1125 2219 1318 2264 laborat?
1344 2221 1443 2265 Non
1471 2221 1586 2264 enim
1619 2229 1662 2264 et
1690 2229 1739 2264 tu

353 2296 550 2353 operario
568 2303 644 2339 tuo
662 2294 907 2337 mercedem
925 2292 1060 2336 solam
1078 2292 1258 2336 daturus
1277 2306 1320 2335 es
1337 2311 1345 2335 z
1364 2307 1455 2336 non
1477 2292 1607 2335 etiam
1631 2291 1741 2336 affe-

356 2381 420 2410 res
453 2365 513 2409 illi
545 2365 661 2409 unde
692 2365 804 2409 vires
834 2373 1004 2422 reparet
1035 2364 1080 2407 in
1113 2363 1288 2408 labore?
1323 2363 1460 2407 Pascis
1493 2363 1645 2423 utique
1673 2363 1743 2406 cui

358 2437 601 2480 mercedem
634 2434 814 2479 daturus
847 2449 906 2478 es.
942 2434 1128 2479 Proinde
1160 2442 1203 2477 et
1234 2448 1311 2478 nos
1344 2433 1553 2477 Dominus
1581 2434 1627 2477 in
1654 2433 1743 2477 istis
1775 2475 1777 2478 ,

408 2528 416 2544 ¹
438 2521 499 2553 Tit.
520 2531 552 2561 u,
574 2521 624 2553 13.
649 2536 687 2542 ——
705 2526 717 2542 ²
732 2519 853 2551 Matth.
874 2530 928 2560 xx,
946 2530 979 2561 9.
1000 2535 1039 2543 —-
1067 2517 1079 2541 3
1099 2522 1176 2552 Aet.
1199 2530 1222 2557 1,
1243 2518 1273 2550 3.
1295 2534 1336 2542 —-
1359 2515 1374 2542 l·
1395 2519 1441 2551 Id.
1462 2529 1548 2561 1131.
