1809 3173
355 174 435 213 158
790 180 825 210 s.
860 179 1090 210 Auens-,mm
1121 182 1302 210 EPISCOPI

349 372 387 386 W
392 366 1661 386 mmmmmmmmmmwummmmmmmmmmwmmmwm
1665 366 1734 383 m

745 495 1148 544 TRACTATUS
1185 496 1331 541 XVII.

351 658 420 702 Ab
449 673 501 702 eo
534 658 655 717 quod
677 658 885 717 scriptum
919 666 982 701 est
1014 676 1023 702 z
1054 657 1176 702 Post
1198 657 1300 702 lzoec·
1323 666 1429 701 erat
1449 657 1550 702 (lies
1568 657 1734 719 sescus

409 726 449 772 J
445 726 711 783 mineorum,
729 737 775 772 ec
794 726 1058 772 ascendit]
1055 743 1162 773 esus
1182 727 1538 788 Jet'osohstmcmz
1558 745 1569 772 .·
1595 744 1733 789 usque
1800 729 1801 756 ἶ

412 799 467 843 ad
482 799 543 855 id,
576 798 872 862 Quaerebant
889 815 995 843 eam
1015 798 1180 844 Jadoea'
1192 801 1478 861 interficere,
1502 801 1617 857 qaia
1638 814 1735 844 non
1798 823 1801 830 ι

411 869 565 915 solam
584 869 799 915 solvebat
823 868 1106 926 sabbatum,
1126 868 1214 915 sed
1233 880 1278 915 et
1294 881 1488 930 patrem
1509 887 1645 916 suam
1663 869 1736 915 ιίί-
1799 895 1803 903 ,

414 940 557 986 cebat
569 941 744 997 Deum,
765 940 1008 1014 ¹aequalem
1027 958 1079 987 se
1084 942 1287 1005 faciens
1304 942 1426 988 Deo.

417 1091 452 1132 Ι.
476 1091 636 1134 ΜΠωΜ
658 1104 747 1133 non
780 1104 870 1133 esse
902 1089 1035 1142 debet
1067 1105 1090 1133 a
1115 1093 1203 1134 Deo
1236 1090 1400 1134 factum
1432 1089 1691 1134 miraculum
1726 1107 1736 1134 .-

358 1159 515 1202 mirum
539 1159 654 1202 enim
686 1168 796 1204 esset
817 1160 851 1203 si
874 1160 1005 1204 homo
1027 1158 1207 1204 fecisset.
1234 1161 1369 1219 Magis
1399 1162 1586 1218 gaudere
1610 1176 1741 1220 quam

360 1230 503 1274 mirari
531 1230 743 1274 debemus
760 1266 771 1286 ‚
807 1232 908 1290 quia
944 1232 1152 1276 Dominus
1175 1240 1320 1276 noster
1341 1241 1384 1275 et
1413 1232 1599 1276 salvator
1620 1235 1742 1275 ,lesus

359 1301 555 1346 Christus
577 1301 710 1345 homo
735 1300 873 1345 sactus
895 1310 974 1356 est,
1000 1317 1132 1361 quam
1150 1302 1270 1361 quod
1288 1302 1433 1347 divina
1464 1303 1578 1346 inter
1598 1303 1742 1346 horni-

360 1386 437 1416 nes
469 1375 582 1416 Deus
612 1372 730 1416 iecit.
757 1371 859 1417 Plus
891 1381 954 1416 est
974 1372 1091 1416 enim
1125 1373 1180 1416 ad
1207 1373 1390 1417 salutem
1411 1383 1603 1418 nostram
1624 1372 1745 1433 quod

362 1442 501 1488 factus
525 1453 587 1488 est
609 1453 785 1503 propter
807 1444 1026 1499 homines,
1057 1460 1188 1505 quam
1211 1444 1331 1505 quod
1347 1444 1451 1490 fecit
1471 1446 1584 1489 inter
1600 1445 1742 1490 homi—

363 1529 437 1557 nes
460 1533 469 1558 ι
496 1523 539 1558 et
560 1514 657 1573 plus
676 1524 739 1558 est
758 1513 879 1574 quod
892 1515 995 1559 vitia
1012 1515 1179 1559 sanavit
1194 1516 1452 1571 animarum,
1475 1531 1607 1576 quam
1626 1514 1747 1576 quod

363 1586 530 1630 sanavit
549 1576 780 1645 limguores
802 1601 1035 1645 corporum
1063 1587 1391 1631 moriturorum.
1427 1586 1510 1632 Sed
1532 1588 1633 1647 quia
1655 1587 1745 1646 ipsa

365 1656 507 1699 anima
527 1671 617 1700 non
639 1671 740 1700 eum
758 1665 938 1701 noverat
959 1673 983 1700 a
1005 1672 1093 1717 quo
1110 1658 1301 1701 sananda
1318 1666 1424 1713 erat,
1445 1668 1488 1701 et
1509 1657 1657 1702 oculos
1675 1657 1748 1700 ha-

366 1725 499 1770 bebat
519 1726 564 1769 in
583 1741 711 1769 carne
729 1725 846 1770 unde
860 1725 974 1770 faeta
995 1727 1235 1786 corporalia
1251 1727 1432 1783 videret,
1455 1727 1653 1772 nondum
1671 1728 1749 1771 ha-
1798 1742 1804 1784 ζ

367 1797 500 1841 bebat
521 1813 645 1842 sanos
667 1798 714 1841 in
734 1799 879 1852 corde,
905 1797 1022 1842 unde
1046 1801 1184 1842 Deum
1205 1798 1414 1843 latentem
1431 1807 1712 1858 cognosceret
1736 1817 1745 1842 :
1798 1798 1799 1853 j

367 1866 471 1924 fecit
492 1868 613 1929 quod
639 1867 784 1914 videre
812 1877 1003 1927 poterat,
1028 1877 1078 1911 ut
1098 1878 1323 1913 sanaretur
1345 1869 1462 1913 unde
1487 1869 1633 1914 videre
1660 1884 1750 1913 non
1798 1896 1799 1933 }

368 1948 551 1998 poterat.
576 1943 795 1997 Ingressus
813 1948 876 1983 est
896 1939 1043 1983 locum
1061 1938 1138 1982 ubi
1150 1939 1322 1998 jacebat
1338 1955 1493 1999 magna
1512 1940 1750 1984 multitudo
1798 1955 1800 1963 ’

369 2010 671 2071 languentium
687 2046 697 2066 ,
722 2026 960 2066 caecorum,
986 2009 1264 2066 claudorum,
1290 2011 1510 2056 aridorum
1537 2031 1545 2056 ε
1578 2021 1621 2056 et
1646 2026 1748 2056 cum
1798 2003 1799 2006 ¹

331 2133 337 2138 ⁴
369 2091 481 2126 esset
500 2081 693 2126 medicus
714 2091 757 2125 et
789 2082 1030 2125 animarum
1060 2091 1102 2124 et
1125 2097 1378 2140 corporum,
1405 2091 1446 2126 et
1469 2083 1545 2142 qui
1566 2082 1752 2127 venisset
1798 2081 1799 2127 ζ

370 2167 515 2196 sanare
537 2168 687 2197 omnes
706 2152 867 2196 animas
889 2151 1207 2196 crediturorum
1222 2187 1233 2206 ,
1265 2151 1320 2195 de
1336 2151 1420 2196 illis
1441 2152 1750 2211 languentibus

369 2238 509 2267 unum
540 2222 669 2281 elegit
699 2237 829 2282 quem
851 2231 1041 2277 sanaret,
1073 2231 1121 2266 ut
1154 2222 1365 2266 unitatem
1396 2223 1670 2282 significaret.
1708 2222 1750 2267 Si

370 2291 578 2337 mediocri
599 2292 751 2347 corde,
777 2301 819 2336 et
840 2292 960 2353 quasi
982 2293 1175 2336 humano
1197 2301 1329 2351 captu
1351 2301 1394 2336 et
1415 2293 1589 2352 ingenio
1607 2293 1753 2341 consi<

369 2363 568 2407 deremus
587 2363 819 2407 facientem
835 2398 845 2418 ‚
868 2373 910 2406 et
930 2363 1050 2423 quod
1067 2363 1122 2407 ad
1145 2372 1400 2422 potestatem
1423 2363 1632 2423 pertinet,
1657 2379 1747 2408 non
1796 2369 1802 2424 'ss

370 2448 579 2493 magnum
600 2432 766 2493 aliquid
788 2432 991 2492 perfecit3
1015 2442 1057 2477 et
1078 2434 1199 2493 quod
1228 2433 1282 2477 ad
1304 2434 1617 2493 benignitatem
1634 2469 1645 2489 ,
1670 2449 1749 2493 pa·
1796 2432 1802 2489 ᾗ

370 2519 469 2549 rum
487 2502 605 2550 fecit.
632 2505 713 2550 Tot
730 2503 948 2564 jacebant,
968 2512 1012 2549 et
1031 2518 1144 2549 unus
1166 2512 1342 2549 curatus
1365 2513 1454 2560 est,
1484 2518 1587 2549 cum
1603 2512 1747 2565 posset
1800 2560 1802 2562 Ι
