1825 3214
270 234 313 260 m
346 230 520 260 Jotnms
553 229 861 270 ssvAncELmM,
895 230 1042 260 mutter.
1078 230 1209 258 xxvn.
1366 220 1448 259 313

63 300 120 344 do
143 298 266 344 vobis
287 299 551 343 manducare
573 307 616 342 et
634 297 889 356 sanguinem
914 312 1059 340 meum
1081 296 1248 351 bibere,
1274 297 1356 341 hoc
1374 311 1450 342 vos

62 385 218 429 nempe
241 368 515 415 scandalizat.
549 388 567 410 «
597 368 638 413 Si
661 383 764 426 ergo
794 366 984 412 videritis
1013 366 1150 410 lilium
1174 368 1358 412 hominis
1382 383 1449 412 as-

68 459 87 482 »
123 440 380 484 cendentem
401 440 478 484 ubi
506 448 597 484 crat
621 439 737 499 prius
760 439 802 480 ¹?
828 457 848 479 »
877 436 993 492 Quid
1017 446 1081 481 est
1103 438 1200 481 hoc.
1229 439 1339 482 llinc
1362 439 1450 483 sol-

60 511 122 555 vit
144 511 264 570 quod
288 511 383 555 illos
414 514 640 555 moverat?
664 511 765 554 hinc
787 510 957 569 aperuit
978 508 1098 552 unde
1132 509 1304 552 fuerant
1327 526 1450 553 scan-

59 580 260 625 dalizati?
283 582 385 626 hinc
416 581 545 641 plane
562 616 573 636 ‚
597 581 631 625 si
664 580 972 639 intelligerent.
1008 579 1076 623 llli
1099 579 1214 622 enim
1240 580 1452 638 putabant

60 669 159 697 eum
183 663 463 713 erogaturum
490 669 646 712 corpus
669 668 796 697 suum
813 688 824 707 ,
846 652 917 696 ille
939 661 1083 696 autem
1102 650 1210 695 dixit
1232 666 1276 694 se
1301 666 1452 695 ascen-

59 740 208 769 surum
231 726 272 769 in
297 726 479 779 coelum,
500 725 653 785 utique
676 726 911 783 integrum.
942 743 960 765 «
979 726 1091 769 Cum
1106 721 1295 767 videritis
1314 722 1452 768 filium

61 815 80 836 n
118 797 304 841 hominis
329 798 635 841 ascendentem
660 796 735 840 ubi
767 806 857 840 erat
889 795 1034 855 prius,
1069 813 1088 836 »
1115 804 1230 839 certe
1255 793 1322 838 vel
1346 803 1451 840 tunc

59 867 287 923 videbitis,
320 870 421 928 quia
454 884 543 913 non
575 884 625 912 eo
649 868 780 912 modo
813 884 900 928 quo
929 867 1089 926 putatis
1112 875 1261 925 erogat
1296 882 1453 926 corpus

57 955 212 991 suum3
242 950 359 984 certe
386 940 455 984 vel
491 950 596 984 tnnc
633 940 882 999 intelligetis
901 975 911 995 ,
940 940 1041 1000 quia
1073 939 1208 997 gratia
1242 940 1334 999 ejus
1364 955 1452 984 non

58 1012 331 1056 consumitur
350 1012 580 1056 morsibus.

119 1085 195 1126 IV.
226 1085 282 1127 Et
304 1084 362 1126 ait
400 1102 408 1127 ι
450 1102 468 1124 «
498 1083 681 1142 Spiritus
699 1092 763 1126 est
785 1082 860 1142 qui
883 1082 1088 1136 vivificat,
1114 1096 1213 1126 caro
1235 1097 1325 1126 non
1347 1097 1450 1141 pro-

61 1171 81 1194 »
116 1153 213 1198 dest
233 1154 475 1214 quidquam
495 1158 526 1198 ².
558 1173 577 1196 »
603 1156 695 1199 Hoc
718 1163 952 1213 antequam
978 1169 1268 1213 exponamus,
1296 1163 1347 1198 ut
1366 1156 1453 1198 Do-

57 1225 201 1268 minus
233 1223 395 1279 donat,
427 1224 538 1269 illud
568 1241 657 1270 non
688 1224 957 1284 negligenter
980 1224 1336 1283 praetereundum
1359 1234 1448 1281 est,

58 1297 180 1356 qnod
196 1296 254 1340 ait
280 1316 287 1340 :
319 1315 337 1337 (ι
366 1296 407 1341 Si
430 1312 533 1354 ergo
558 1296 750 1340 videritis
774 1296 910 1339 lilium
938 1296 1123 1340 hominis
1146 1294 1451 1340 ascendentem

61 1386 79 1407 n
117 1367 193 1410 ubi
214 1376 305 1410 erat
328 1367 458 1426 prius.
490 1386 509 1407 »
542 1367 676 1411 Filius
700 1366 814 1410 enim
839 1367 1025 1410 hominis
1048 1366 1260 1421 Christus,
1286 1382 1338 1410 ex
1360 1367 1450 1411 vir-

58 1437 156 1494 gine
183 1437 332 1481 Maria.
363 1440 476 1496 Ergo
501 1437 611 1481 filius
635 1437 821 1481 hominis
845 1437 916 1481 hic
948 1436 1084 1496 coepit
1115 1451 1205 1481 esse
1236 1437 1281 1480 in
1316 1445 1446 1493 terra,

57 1508 134 1551 ubi
158 1523 330 1552 carnem
357 1511 584 1566 assumpsit
619 1524 667 1551 ex
703 1517 830 1551 terra.
860 1508 984 1552 Unde
1008 1507 1260 1566 prophetice
1281 1506 1448 1552 dictum

57 1588 148 1622 erat
175 1598 183 1623 ε
220 1598 239 1621 «
267 1579 434 1624 Veritas
461 1580 516 1622 de
540 1589 650 1623 terra
675 1588 767 1624 orta
790 1587 854 1623 est
877 1580 908 1621 ³.
938 1597 957 1619 »
989 1579 1105 1631 Quid
1126 1578 1207 1623 sibi
1230 1594 1332 1637 ergo
1353 1579 1449 1624 vult

57 1649 178 1709 quod
208 1650 266 1694 ait
296 1670 304 1694 :
341 1670 361 1692 «
392 1652 502 1695 Cum
538 1650 729 1694 videritis
756 1648 893 1694 filium
926 1650 1113 1693 hominis
1141 1649 1448 1695 ascendentem

60 1738 80 1760 »
118 1720 189 1764 ubi
213 1730 304 1764 erat
325 1722 468 1780 prius?
494 1740 513 1761 u
539 1720 665 1765 Nulla
689 1722 805 1764 enim
835 1730 944 1764 esset
967 1722 1148 1781 quaestio
1177 1721 1211 1765 si
1234 1722 1293 1765 ita
1315 1721 1448 1767 dixis-

57 1799 119 1834 set
136 1810 144 1834 :
167 1809 186 1832 «
206 1791 247 1835 Si
263 1791 451 1835 videritis
470 1790 628 1835 Filium
647 1792 719 1835 Dei
738 1790 1042 1835 ascendentem
1065 1792 1141 1835 ubi
1155 1800 1246 1836 erat
1260 1791 1377 1851 prius
1395 1812 1404 1838 :
1423 1812 1444 1835 »

58 1876 156 1904 cum
176 1877 279 1906 vero
297 1862 435 1905 filium
453 1861 640 1906 hominis
658 1862 765 1906 dixit
783 1861 1087 1906 ascendentem
1107 1863 1183 1907 ubi
1201 1872 1292 1907 erat
1309 1864 1444 1923 prius,

60 1932 277 1992 numquid
310 1932 424 1976 filius
454 1933 638 1977 hominis
667 1934 712 1977 in
745 1933 859 1978 coelo
892 1943 983 1978 erat
1017 1934 1158 1994 prius,
1195 1935 1373 1995 quando
1403 1936 1448 1980 in

32 2056 36 2060 .
59 2013 170 2048 terra
203 2020 292 2049 esse
320 2005 484 2065 coepit?
506 2006 584 2049 Hic
607 2006 785 2066 quidem
808 2005 916 2049 dixit
937 2025 946 2050 ;
988 2024 1007 2047 «
1034 2006 1118 2051 Ubi
1141 2015 1232 2050 erat
1253 2007 1394 2066 prius,
1423 2025 1444 2048 »

58 2077 181 2137 quasi
201 2086 304 2122 tunc
325 2093 415 2121 non
432 2077 492 2120 ibi
515 2087 626 2122 esset
643 2077 820 2137 quando
838 2079 932 2123 haec
951 2077 1232 2139 loquebatur.
1253 2079 1352 2123 Alio
1374 2095 1448 2123 au-

58 2157 148 2192 tem
170 2146 267 2192 loco
298 2148 357 2191 ait
383 2167 391 2192 :
416 2150 553 2193 Nemo
571 2147 762 2192 ascendit
781 2149 825 2192 in
848 2148 1032 2205 coelum,
1058 2150 1138 2194 nisi
1161 2150 1238 2210 qui
1260 2149 1314 2194 de
1332 2150 1447 2196 eoelo

59 2216 300 2273 descendit,
321 2217 435 2262 filius
456 2219 641 2262 hominis
664 2219 739 2278 qui
763 2221 887 2263 estin
912 2220 1024 2265 coelo
1051 2240 1059 2265 :
1087 2236 1176 2265 non
1198 2220 1304 2279 disit
1325 2230 1442 2278 erat,

59 2291 134 2334 sed
157 2288 287 2345 filius,
307 2290 465 2350 inquit,
487 2291 675 2334 hominis
692 2291 767 2350 qui
785 2301 848 2336 est
870 2292 912 2335 in
939 2292 1066 2337 coelo.
1094 2295 1145 2336 In
1163 2302 1275 2338 terra
1291 2293 1446 2354 loque-

60 2362 218 2416 batur,
256 2369 300 2405 et
339 2362 381 2404 in
411 2362 523 2406 coelo
562 2378 606 2405 se
637 2378 725 2406 esse
758 2362 945 2407 dicebat.
979 2367 1034 2408 Et
1068 2380 1157 2408 non
1190 2365 1248 2409 ita
1286 2365 1393 2409 dixit
1432 2383 1442 2409 :

64 2451 83 2474 «
119 2435 255 2477 Nemo
278 2432 470 2476 ascendit
492 2433 535 2475 in
560 2432 721 2477 coelum
737 2469 746 2487 ,
773 2433 851 2477 nisi
883 2435 957 2493 qui
977 2435 1031 2478 de
1054 2435 1167 2479 coelo
1198 2434 1442 2490 descendit,

64 2521 84 2542 η
122 2505 152 2545 F
158 2501 355 2561 iliusngei
373 2504 594 2563 qui-{estsiin
616 2504 728 2548 coelo
748 2504 778 2547 ⁴.
811 2524 825 2544 »
848 2507 946 2557 Quo
971 2507 1179 2564 pertinet,
1202 2506 1282 2550 nisi
1306 2515 1354 2550 ut
1375 2506 1445 2549 in-

112 2596 116 2608 v
139 2590 218 2619 Joan
248 2600 292 2627 vr,
317 2588 371 2619 63Δ
394 2606 434 2611 -
455 2597 466 2611 ²
489 2590 558 2621 thid
590 2589 643 2630 64.
667 2606 706 2611 -
730 2588 742 2611 3
763 2590 840 2621 Pcal.
863 2601 989 2629 mxxxiv,
1012 2600 1061 2623 itt⁴
1088 2609 1130 2615 —-
1148 2590 1163 2620 4
1185 2593 1346 2632 Joan.1n‚
1369 2591 1418 2623 13.
