1809 3173
359 183 413 220 56
792 189 825 218 S.
862 191 1090 219 Aucus‘mm
1125 193 1303 220 muscorl

355 259 457 303 foris
486 265 667 311 stantes,
696 255 767 301 illc
793 265 937 301 autem
960 272 1059 301 cum
1092 256 1311 316 discipulis
1333 258 1419 302 suis
1444 256 1735 317 loquebatur,

356 330 414 373 ait
441 348 450 373 2
475 347 495 370 «
521 330 629 380 Quae
657 327 762 372 mihi
794 337 956 383 mater,
988 328 1056 373 vel
1088 330 1163 389 qui
1198 328 1379 373 fratres?
1415 331 1471 372 Et
1504 330 1739 373 extendens

358 419 377 441 »
396 414 572 443 manum
588 413 716 457 super
728 398 963 457 discipulos
977 414 1092 454 suos,
1105 398 1232 444 dixit:
1250 400 1304 443 Hi
1321 408 1422 443 sunt
1439 398 1591 443 fratres
1606 400 1735 443 mei.»

354 473 431 525 Et,
455 488 474 511 «
496 469 773 528 Quicumque
797 467 947 512 fecerit
976 468 1248 513 voluntatem
1269 470 1404 513 Patris
1426 470 1527 523 mei,
1547 469 1619 512 ille
1634 469 1740 513 mihi

357 559 378 582 n
414 549 568 594 mater,
589 549 631 583 et
645 540 797 594 frater,‘
815 548 858 583 et
879 554 999 584 soror
1021 548 1084 584 est
1100 542 1130 582 ¹.
1147 558 1165 580 »
1179 542 1294 598 Ergo
1307 548 1360 602 eet
1378 540 1529 594 Maria,
1547 540 1649 599 quia
1671 539 1740 585 fe-

353 611 413 655 cit
434 609 704 655 voluntatem
734 610 883 653 Patris.
912 612 1005 654 Hoc
1033 609 1078 653 in
1100 623 1148 653 ea
1186 609 1477 666 magnificavit
1505 610 1736 665 Dominus,

353 682 455 741 quia
477 680 580 724 fecit
610 680 881 723 voluntatem
906 680 1041 724 Patris
1059 715 1070 734 ‚
1096 695 1185 724 non
1207 680 1308 739 quia
1330 694 1430 723 caro
1459 680 1609 738 genuit
1643 696 1740 724 car-

353 767 467 796 nem.
505 750 709 795 Intendat
733 751 927 795 Charitas
952 753 1116 794 Vestra.
1156 753 1389 809 Propterea
1410 765 1509 794 cum
1532 751 1740 796 Dominus

352 823 397 866 in
416 821 545 866 turba
567 820 830 864 admirabilis
852 820 1098 875 videretur,
1121 818 1283 864 faciens
1305 821 1425 878 signa
1450 829 1492 864 et
1516 820 1709 879 prodigia
1725 857 1736 876 ‚

354 903 396 937 et
427 891 658 937 ostendens
686 891 795 951 quid
831 891 985 935 lateret
1021 892 1064 935 in
1095 906 1248 947 carne,
1277 891 1501 936 admiratae
1537 891 1737 952 quaedam

354 966 509 1008 animae
530 963 733 1008 dixerunt
758 981 767 1007 ε
791 982 811 1003 «
829 962 950 1006 Felix
968 972 1118 1007 venter
1139 963 1215 1022 qui
1243 972 1286 1006 te
1307 963 1510 1022 portavit.
1527 966 1617 1007 »Et
1634 963 1707 1007 ille
1728 983 1738 1009 ι

356 1055 376 1077 »
412 1038 505 1079 Imo
528 1034 674 1078 felices
696 1033 772 1093 qui
795 1032 980 1077 audiunt
1001 1033 1183 1077 verbum
1208 1033 1285 1077 Dei
1306 1068 1317 1089 ‚
1342 1043 1385 1077 et
1404 1032 1658 1078 custodiunt
1670 1037 1702 1078 ².
1717 1052 1737 1075 »

356 1109 449 1151 Hoc
472 1113 535 1148 est
557 1104 700 1148 dicere
721 1124 731 1149 z
763 1106 818 1148 Et
840 1112 977 1148 mater
995 1119 1091 1148 mea
1118 1119 1248 1164 quam
1273 1103 1519 1163 appellastis
1541 1103 1711 1148 felicem
1727 1139 1738 1160 ‚

354 1176 455 1220 inde
491 1174 593 1218 felix
635 1175 737 1234 quia
772 1173 953 1218 verbum
984 1174 1062 1218 Dei
1090 1173 1279 1218 custodit
1305 1193 1314 1218 ;
1348 1189 1437 1218 non
1467 1175 1569 1234 quia
1601 1174 1647 1217 in
1668 1173 1742 1219 illa

356 1247 551 1291 Verbum
579 1260 678 1289 caro
705 1243 871 1289 sactum
897 1253 981 1299 est,
1007 1254 1050 1288 et
1067 1244 1279 1289 habitavit
1299 1245 1344 1288 in
1373 1244 1498 1289 nobis
1514 1265 1524 1301 3
1543 1243 1618 1289 sed
1640 1246 1743 1305 quia

354 1315 544 1362 custodit
564 1317 704 1375 ipsum
732 1316 927 1359 Verbum
957 1316 1034 1359 Dei
1058 1330 1134 1374 per
1155 1315 1275 1375 quod
1304 1313 1418 1359 facta
1440 1324 1504 1360 est
1519 1350 1530 1370 ,
1559 1324 1602 1358 et
1622 1315 1743 1376 quod

354 1390 399 1432 in
416 1387 488 1431 illa
506 1403 605 1432 caro
628 1386 794 1431 factum
815 1395 892 1430 est.
921 1387 1126 1430 Homines
1150 1401 1239 1430 non
1258 1384 1476 1443 gaudeant
1496 1384 1617 1444 prole
1635 1394 1743 1430 tem-

355 1457 516 1518 porali,
549 1457 743 1501 exultent
774 1458 807 1501 si
836 1457 989 1516 spiritu
1016 1458 1267 1517 junguntur
1289 1460 1394 1500 Deo.
1422 1458 1526 1501 Haec
1557 1455 1742 1502 diximus

355 1538 533 1588 propter
555 1528 601 1571 id
626 1526 746 1586 quod
769 1527 829 1570 ait
855 1527 1127 1585 Evangelista
1146 1563 1156 1582 ‚
1188 1527 1290 1587 quia
1320 1542 1422 1572 cum
1445 1535 1582 1571 matre
1604 1543 1680 1571 sua
1700 1537 1743 1572 et
1766 1555 1768 1558 >

357 1599 563 1644 fratribus
586 1598 672 1641 suis
692 1606 734 1642 et
755 1597 978 1656 discipulis
1001 1598 1214 1643 habitavit
1235 1598 1282 1641 in
1304 1598 1609 1657 Capharnaum
1632 1614 1743 1658 pau-

358 1671 417 1714 cis
435 1669 604 1712 diebus.

417 1742 492 1783 IV.
521 1738 630 1783 Inde
651 1736 758 1798 quid
778 1738 1000 1798 sequitur?
1019 1741 1111 1783 «Et
1133 1754 1268 1799 prope
1290 1748 1381 1784 erat
1397 1740 1559 1784 Pascha
1570 1738 1745 1785 Judaeo-

363 1829 382 1851 »
419 1826 544 1865 rum,
575 1818 618 1852 et
645 1808 837 1852 ascendit
863 1809 1194 1866 Jerosolymam.
1231 1827 1251 1850 n
1287 1809 1428 1854 Aliam
1459 1825 1549 1853 rem
1574 1820 1740 1866 narrat,

360 1881 471 1926 sicut
493 1895 536 1924 se
558 1879 747 1923 habebat
769 1878 1009 1923 recordatio
1039 1879 1350 1924 annuntiantis.
1381 1899 1401 1921 «
1430 1882 1487 1924 Et
1512 1880 1678 1925 invenit
1697 1881 1745 1925 in

364 1970 383 1993 »
420 1950 583 2010 templo
605 1949 840 1994 vendentes
864 1949 995 1993 boves
1023 1959 1067 1993 et
1088 1965 1187 1994 oves
1205 1959 1246 1993 et
1269 1949 1494 1994 columbas
1514 1985 1525 2005 ‚
1551 1960 1593 1995 et
1615 1967 1745 1996 num-

366 2042 385 2064 »
421 2020 625 2065 mularios
654 2020 850 2064 sedentes
872 2039 880 2064 ε
906 2030 1070 2064 etcum
1107 2019 1276 2065 fecisset
1303 2021 1424 2081 quasi
1448 2021 1666 2079 flagellum
1690 2024 1745 2067 de

365 2113 383 2134 »
422 2092 650 2147 resticulis,
687 2107 834 2136 omnes
869 2091 992 2151 ejecit
1027 2092 1081 2135 de
1113 2091 1275 2151 templo
1307 2092 1472 2137 :boves
1505 2108 1682 2154 quoque
1703 2103 1746 2139 et

366 2183 386 2205 »
423 2179 522 2207 oves
538 2198 549 2218 ,
575 2172 618 2206 et
639 2161 1031 2206 nummulariorum
1055 2162 1212 2206 effudit
1228 2178 1300 2217 aes,
1326 2172 1370 2206 et
1387 2178 1555 2207 mensas
1572 2164 1746 2208 subver-

367 2253 385 2275 »
422 2234 496 2291 tit3
517 2242 559 2277 et
577 2233 643 2277 his
666 2233 740 2293 qui
761 2232 986 2276 columbas
1003 2234 1276 2286 vendebant,
1301 2231 1406 2277 dixit
1428 2252 1436 2278 :
1462 2234 1644 2287 Auferte
1665 2236 1746 2280 ista

366 2324 385 2346 >›
420 2304 521 2348 hinc
539 2339 551 2360 ‚
577 2313 620 2348 et
636 2303 769 2348 nolite
788 2303 927 2348 facere
949 2304 1128 2347 domum
1152 2304 1287 2347 Patris
1304 2303 1389 2347 mei
1407 2303 1588 2348 domum
1606 2321 1745 2365 nego-

364 2393 385 2416 »
423 2374 656 2418 tiati011is³.
688 2393 707 2415 »
740 2373 857 2427 Quid
884 2373 1142 2429 audivimus,
1170 2373 1354 2417 fratres?
1387 2376 1499 2418 Ecce
1531 2375 1744 2435 templum

362 2444 472 2489 illud
506 2446 645 2504 figura
687 2444 829 2489 adhuc
851 2452 968 2501 erat,
995 2453 1037 2489 et
1072 2445 1196 2505 ejecit
1229 2443 1330 2488 inde
1358 2445 1569 2492 Dominus
1590 2461 1742 2492 omnes

410 2538 418 2552 τ
442 2529 560 2563 Matth.
582 2540 640 2571 xix,
659 2529 712 2572 48.
734 2546 775 2553 -
795 2536 807 2553 2
827 2532 905 2563 Luc.
920 2541 963 2572 xi,
984 2539 1036 2572 27.
1055 2546 1094 2554 —
1115 2529 1127 2555 ³
1147 2532 1237 2564 Joan,
1258 2540 1292 2572 ιι,
1315 2529 1436 2564 13-16.
