1809 3173
378 162 462 203 482
816 174 849 201 s.
886 170 1115 202 Avensa-im
1148 173 1326 201 Episcom

374 239 667 282 recessurum?
696 239 854 281 Totum
888 238 971 282 hoe
999 237 1105 281 vidit
1134 237 1369 280 Abraham.
1403 238 1509 280 Nam
1543 236 1664 295 quod
1695 238 1754 281 ait

376 327 398 351 «
432 308 545 352 diem
568 323 731 361 meum,
755 326 773 348 n
792 308 1003 352 incertum
1018 316 1159 366 potest
1177 322 1266 350 esse
1284 305 1402 349 unde
1419 306 1587 359 dixerit,
1605 315 1752 348 utrum

372 377 486 421 diem
512 376 683 421 Domini
697 385 783 419 tem
793 376 979 434 poralem
997 392 1086 435 quo
1108 385 1199 419 erat
1220 386 1428 420 venturus
1449 376 1492 418 in
1518 390 1645 418 carne
1662 409 1673 430 ,
1698 390 1753 418 an

369 448 485 492 diem
504 447 676 491 Domini
700 447 776 507 qui
805 448 941 490 nescit
958 456 1102 490 ortum
1120 480 1130 499 ,
1158 448 1294 489 nescit
1314 461 1529 490 oceasum.
1558 446 1642 490 Sed
1673 461 1755 504 ego

369 534 459 579 non
478 518 632 562 dubito
654 526 821 576 patrem
851 517 1072 560 Abraham
1099 525 1241 560 totum
1263 517 1413 566 {scisse
1439 519 1494 559 Et
1519 518 1595 559 ubi
1631 517 1756 560 inve-

367 589 517 633 niam?
537 592 608 632 An
628 588 827 632 sufficere
848 588 973 631 nobis
991 587 1124 631 debet
1145 588 1440 631 testimonium
1462 588 1632 631 Domini
1654 602 1756 631 nos-

366 658 421 702 tri
442 661 547 702 Jesu
578 657 770 703 Christi?
794 660 1001 700 Putemus
1034 672 1113 701 nos
1149 657 1346 701 invenire
1366 672 1458 701 non
1479 672 1602 716 posse
1618 691 1628 711 ‚
1653 657 1755 716 quia

366 728 479 774 forte
501 728 680 772 difficile
702 737 791 783 est,
828 728 1051 788 quomodo
1072 728 1354 772 manifestum
1389 728 1443 772 sit
1465 727 1585 787 quod
1613 728 1755 772 Abra-

365 800 468 844 ham
495 817 515 841 «
545 799 768 843 Exultavit
792 808 843 844 ut
874 798 1042 844 videret
1063 799 1177 843 diem
1203 817 1223 841 »
1260 800 1435 854 Christi,
1463 819 1482 841 «
1508 808 1551 843 et
1583 800 1691 843 vidit
1713 808 1757 844 et

369 888 389 911 »
424 869 592 928 gavisus
611 878 691 913 est.
719 888 738 910 »
761 872 817 913 Et
837 869 872 913 si
895 885 972 914 nos
991 885 1080 914 non
1101 870 1368 925 invenimus,
1390 869 1606 930 numquid
1628 885 1756 913 men-

370 939 443 982 tiri
463 939 621 984 veritas
642 941 813 999 posset?
835 940 1073 985 Credamus
1095 940 1265 984 veritati
1283 974 1293 994 ,
1319 949 1362 983 et
1384 940 1439 983 de
1461 940 1647 983 Abrahae
1669 954 1758 983 me-

360 1010 451 1053 ritis
469 1010 647 1053 minime
664 1009 942 1054 dubitemus.
971 1013 1133 1054 Tamen
1155 1009 1303 1054 audite
1326 1025 1463 1076 unum
1487 1010 1632 1054 locum
1648 1045 1658 1064 ,
1681 1009 1757 1070 qui

364 1080 472 1124 mihi
488 1081 662 1124 interim
675 1082 896 1133 ‚eccui-rit.
926 1085 1054 1124 Pater
1086 1082 1305 1125 Abraham
1331 1082 1506 1140 quando
1529 1081 1641 1124 misit
1670 1096 1759 1125 ser-

362 1166 468 1196 vum
489 1166 640 1205 suum,
667 1161 715 1195 ut
745 1161 910 1210 peteret
939 1168 1115 1196 uxorem.
1136 1153 1225 1195 filio
1261 1168 1339 1195 suo
1368 1156 1510 1205 Isaac,
1536 1153 1619 1195 hoc
1653 1167 1756 1195 eum

366 1232 636 1266 sacramento
659 1223 916 1277 obstrinxit,
951 1232 1000 1266 ut
1033 1223 1220 1266 fideliter
1253 1223 1372 1282 quod
1403 1224 1642 1281 jubebatur
1674 1223 1758 1265 im-

365 1292 527 1351 pleret,
551 1302 593 1336 et
615 1293 742 1337 sciret
762 1293 892 1336 etiam
915 1293 1004 1351 ipse
1028 1294 1134 1352 quid
1170 1293 1343 1336 iaceret.
1370 1296 1528 1350 Magna
1556 1293 1671 1336 enim
1695 1308 1759 1336 res

300 1391 306 1396 «
367 1363 591 1419 agebatur,
616 1362 794 1421 quando
813 1363 999 1405 Abrahae
1018 1363 1168 1405 semini
1186 1363 1438 1422 conjugium
1457 1364 1752 1422 quaerebatur.

368 1432 452 1477 Sed
474 1441 523 1476 ut
544 1433 627 1475 hoc
659 1441 941 1490 cognosceret
969 1447 1118 1476 servus
1147 1432 1268 1492 quod
1301 1443 1479 1477 noverat
1504 1434 1726 1477 Abraham
1742 1467 1753 1487 ,

368 1503 470 1562 quia
497 1512 674 1561 nepotes
703 1519 791 1546 non
819 1504 1048 1547 carnaliter
1077 1503 1374 1559 desiderabat,
1411 1520 1491 1548 nec
1525 1504 1579 1547 de
1603 1518 1760 1563 genere

372 1589 450 1617 suo
472 1573 637 1632 aliquid
659 1573 830 1617 carnale
846 1574 1038 1632 sapiebat
1054 1594 1065 1631 3
1086 1574 1147 1617 ait
1166 1589 1287 1618 servo
1305 1590 1383 1618 suo
1397 1591 1526 1634 quem
1542 1575 1755 1629 mittebat,

378 1663 399 1686 «
434 1647 552 1687 Pone
568 1659 745 1687 manum
763 1644 844 1686 sub
865 1642 1025 1687 femore
1039 1659 1153 1698 meo,
1170 1653 1212 1687 et
1221 1646 1318 1704 jura
1334 1660 1409 1703 per
1426 1648 1558 1688 Deum
1576 1645 1676 1688 coeii
1690 1647 1720 1688 ¹.
1736 1663 1755 1685 n

375 1715 492 1767 Quid
513 1713 608 1759 vult
633 1718 743 1758 Deus
766 1714 866 1757 coeli
895 1714 950 1758 ad
982 1714 1124 1758 femur
1151 1717 1370 1759 Abrahae?
1402 1718 1491 1775 jam
1525 1716 1760 1773 intelligitis

375 1794 694 1829 sacramentum
733 1803 742 1828 :
777 1800 853 1842 per
886 1782 1027 1827 femur
1047 1819 1057 1837 ‚
1101 1799 1248 1842 genus.
1287 1788 1404 1843 Ergo
1433 1801 1531 1844 quae
1564 1785 1648 1829 fuit
1685 1785 1760 1829 illa

371 1856 532 1915 juratio
552 1889 563 1909 ,
590 1854 670 1897 nisi
702 1855 803 1913 quia
827 1855 1152 1912 significabatur
1174 1855 1227 1897 de
1258 1869 1412 1912 genere
1435 1856 1622 1900 Abrahae
1650 1872 1760 1900 ven-

382 1935 532 1970 turum
562 1925 605 1968 in
640 1939 767 1968 earne
789 1927 926 1967 Deum
960 1924 1094 1968 coeli?
1116 1925 1241 1968 Stulti
1269 1927 1593 1983 reprehendunt
1615 1928 1758 1970 Abra-

381 1998 483 2041 ham
501 2032 512 2051 ,
547 1997 649 2056 quia
673 1995 804 2049 dixit,
838 1996 962 2039 Mitte
996 2010 1172 2038 manum
1208 1997 1290 2038 sub
1331 1996 1492 2040 femore
1527 2013 1639 2041 meo.
1674 1999 1757 2050 Qui

384 2065 712 2126 reprehendunt
729 2080 900 2109 carnem
912 2065 1085 2119 Christi,
1103 2066 1428 2123 reprehendunt
1445 2065 1609 2111 factum
1624 2068 1754 2112 Abra-

382 2138 467 2181 hae.
489 2139 574 2181 Nos
603 2145 764 2189 autem,
781 2135 947 2189 tratres,
971 2136 1003 2178 si
1025 2135 1296 2193 agnoscimus
1315 2152 1489 2181 carnem
1503 2139 1659 2183 Christi
1679 2153 1756 2181 ve-

380 2207 645 2260 nerandam,
682 2205 793 2248 iilud
822 2204 964 2248 femur
985 2221 1075 2249 11011
1103 2215 1458 2262 contemnamus,
1494 2208 1629 2251 sedin
1653 2224 1757 2267 pro-

380 2277 527 2335 phetia
554 2275 719 2319 dictum
753 2275 1027 2334 accipiamus.
1055 2276 1227 2318 Etenim
1257 2278 1464 2335 propheta
1503 2288 1592 2321 erat
1613 2279 1758 2323 Abra-

377 2347 494 2390 ham.
520 2346 654 2404 Cujus
675 2346 883 2403 propheta
904 2347 922 2387 Ρ
941 2345 1120 2389 Seminis
1143 2345 1208 2388 sui
1237 2355 1279 2389 et
1301 2347 1473 2390 Domini
1495 2348 1574 2391 sui.
1600 2350 1755 2392 Semen

375 2431 502 2460 suum
526 2414 993 2473 significavitdieendo,
1012 2414 1137 2458 Mitte
1153 2430 1329 2459 manum
1346 2417 1427 2460 sub
1444 2416 1608 2461 femore
1626 2433 1724 2462 meo
1746 2436 1756 2463 z

422 2507 432 2522 ¹
454 2503 532 2532 Gen.
552 2511 640 2531 xxiv,
664 2498 694 2529 3.
