1825 3214
324 235 369 261 m
401 232 574 260 soumis
608 232 915 268 nummum,
951 234 1096 261 rnAc'r.
1134 235 1218 261 xm.
1385 221 1468 261 453

89 299 172 343 mei
194 298 305 344 facio
327 319 334 344 :
357 298 542 358 plusque
560 297 620 340 ibi
640 296 750 341 facio
771 314 902 357 quam
927 299 1093 358 patior,
1111 300 1212 359 quia
1231 300 1263 342 si
1287 299 1467 355 nollem,

88 385 168 415 nee
191 385 337 430 passus
359 383 509 413 essem.
540 368 682 412 lIabes
707 367 829 412 illum
847 367 930 413 alio
948 369 1045 414 loco
1067 369 1284 415 dicentem
1307 390 1315 415 2
1341 389 1361 412 «
1387 374 1468 416 Po-

91 458 112 482 »
151 450 345 486 testatem
368 440 509 484 habco
532 438 723 498 ponendi
745 437 933 483 animam
954 455 1095 484 meam
1113 475 1123 495 ‚
1151 450 1194 485 et
1213 450 1471 500 potestatem

91 530 112 553 »
146 512 289 556 habco
314 512 471 556 iterum
501 509 701 554 sumendi
734 524 830 554 eam
848 512 877 554 ¹.
916 528 936 552 »
960 513 1072 555 Ecce
1103 526 1204 556 vere
1226 512 1270 556 in
1292 513 1474 557 mortuis

87 583 213 628 liber.

147 655 271 697 VIII.
307 655 419 698 Cum
442 668 545 712 ergo
569 652 708 696 omnis
731 653 806 712 qui
838 652 938 698 facit
966 662 1195 712 peccatum
1211 688 1222 708 ‚
1247 667 1393 698 servus
1421 654 1475 699 sit

88 725 281 785 peccati,
302 740 401 784 quae
423 724 476 767 sit
498 739 592 783 spcs
607 723 730 767 nobis
749 723 957 768 libertatis
979 724 1142 769 audite.
1173 744 1192 766 «
1221 726 1378 769 Servus
1395 740 1475 769 au-

90 814 111 837 »
148 805 233 839 tem
253 830 263 850 ‚
292 796 435 854 inquit
453 830 463 849 ,
489 811 577 839 non
600 804 747 838 manet
776 795 821 837 in
845 795 976 840 domo
999 796 1043 839 in
1066 805 1277 840 {eternum
1297 799 1328 840 ².
1351 815 1371 837 »
1390 799 1476 841 Ec-

85 868 213 912 clesia
236 876 299 911 est
329 866 510 921 domus,
544 882 691 911 servus
724 876 924 925 peccator
957 877 1034 912 est.
1070 871 1241 912 Intrant
1270 868 1397 912 multi
1431 870 1474 912 in

86 937 323 983 Ecclesiam
347 947 608 997 peccatores.
642 940 739 983 Non
760 952 861 996 ergo
878 938 1006 994 dixit,
1034 958 1053 980 «
1081 941 1235 984 Servus
1257 957 1276 980 »
1302 955 1389 984 non
1413 949 1477 984 est

86 1009 131 1053 in
159 1007 320 1053 domo:
350 1007 447 1063 sed,
475 1028 495 1050 «
517 1024 607 1053 non
640 1018 786 1053 manet
815 1009 859 1052 in
887 1009 1019 1054 domo
1050 1009 1095 1053 in
1128 1018 1356 1054 mternum.
1385 1029 1404 1051 »
1433 1010 1474 1055 Si

87 1095 188 1138 ergo
215 1079 360 1123 nullus
385 1079 444 1123 ibi
480 1094 627 1123 servus
656 1079 736 1123 crit
754 1115 765 1133 ‚
796 1080 891 1139 quis
916 1080 975 1123 ibi
1001 1080 1115 1124 erit?
1138 1082 1250 1125 Cum
1269 1081 1383 1124 enim
1403 1096 1476 1124 rex

80 1151 222 1210 justus
254 1149 410 1194 sederit
435 1151 478 1193 in
510 1151 670 1195 throno
687 1185 698 1203 ‚
726 1151 838 1194 sicut
871 1151 1091 1210 Scriptura
1115 1150 1337 1211 loquitur,
1378 1152 1476 1211 quis

88 1221 345 1281 gloriabitur
376 1230 543 1265 castum
574 1237 617 1265 se
651 1222 811 1265 habere
847 1237 950 1279 cor3
981 1231 1057 1266 aut
1091 1222 1188 1282 quis
1217 1221 1477 1280 gloriabitur

86 1292 302 1337 mundum
325 1309 369 1337 se
389 1309 479 1338 csse
497 1309 520 1337 a
550 1302 729 1353 peccato
745 1294 794 1338 ΒΡ
815 1292 1007 1338 Multum
1038 1309 1118 1338 nos
1136 1294 1319 1349 terruit,
1340 1309 1366 1339 o
1389 1292 1476 1338 fra-

86 1374 172 1409 tres
188 1365 272 1408 mei
288 1400 299 1420 ,
320 1365 506 1410 dicendo
528 1385 536 1409 ε
572 1384 592 1407 α
616 1367 771 1409 Servus
793 1380 883 1409 non
906 1374 1054 1409 manet
1071 1365 1115 1408 in
1138 1364 1270 1409 domo
1288 1365 1334 1408 in
1356 1374 1477 1409 aeter-

90 1454 109 1477 »
145 1451 266 1480 num.
291 1454 311 1477 »
338 1436 551 1496 Adjungit
568 1444 713 1480 autem
732 1470 742 1489 ‚
764 1444 806 1479 et
829 1435 955 1478 dicit:
977 1453 995 1475 «
1013 1434 1148 1478 Filius
1166 1444 1312 1479 autem
1329 1446 1478 1480 manet

89 1524 108 1547 »
144 1506 188 1550 in
211 1513 440 1550 aeternum.
470 1525 489 1547 »
523 1509 638 1563 Ergo
666 1505 782 1549 solus
811 1505 856 1548 in
880 1505 1011 1549 domo
1034 1521 1110 1549 sua
1139 1506 1219 1550 erit
1244 1506 1477 1551 Christus?

85 1576 232 1622 nullus
252 1577 313 1622 illi
335 1577 524 1637 populus
555 1576 826 1622 cohaerebit?
848 1577 929 1622 Cui
949 1577 1030 1620 erit
1047 1587 1176 1636 caput
1195 1613 1205 1631 ,
1227 1578 1261 1620 si
1284 1593 1372 1622 non
1395 1579 1477 1622 erit

84 1649 270 1708 corpus?
291 1651 359 1693 An
381 1647 494 1692 forte
512 1657 655 1692 totum
672 1649 756 1692 hoc
784 1646 933 1702 Filius,
951 1657 1082 1707 caput
1105 1657 1147 1691 et
1170 1650 1358 1707 corpus?
1379 1651 1476 1693 Non

85 1720 201 1763 enim
234 1719 327 1763 sine
362 1735 489 1763 causa
522 1728 564 1763 et
596 1719 777 1769 terruit,
810 1727 852 1762 et
874 1733 992 1775 spem
1026 1717 1146 1761 dedit
1174 1738 1182 1760 :
1215 1718 1396 1773 terruit,
1422 1735 1477 1763 ne

83 1799 312 1849 peccatum
330 1802 571 1832 amaremus
591 1809 602 1843 3
623 1802 743 1846 spem
758 1785 881 1830 dedit
895 1820 906 1840 ‚
927 1801 982 1829 ne
1002 1785 1057 1830 de
1079 1788 1244 1846 peccati
1262 1787 1478 1834 solutione

85 1858 384 1904 diffideremus
410 1877 418 1902 :
449 1877 468 1899 «
494 1858 644 1902 Omnis
663 1892 674 1910 ‚
697 1857 863 1917 inquit,
889 1857 964 1917 qui
985 1855 1090 1901 facit
1107 1868 1335 1917 peceatum
1356 1895 1367 1915 ,
1389 1876 1480 1904 ser-

87 1948 108 1971 »
142 1944 222 1973 vus
252 1938 314 1972 est
342 1929 521 1987 peccati.
555 1930 711 1972 Servus
742 1936 890 1971 autem
912 1942 1002 1971 non
1031 1938 1179 1972 manet
1207 1929 1253 1972 in
1276 1929 1408 1975 domo
1432 1931 1476 1974 in

88 2020 109 2043 »
145 2009 359 2044 aeternum
376 2000 406 2043 ⁴.
436 2018 456 2040 n
482 2002 590 2053 Quae
618 2014 720 2058 ergo
743 1999 867 2043 nobis
888 2013 983 2058 spes
1006 2008 1091 2054 est,
1116 2000 1192 2059 qui
1215 2016 1304 2045 non
1327 2016 1476 2046 sumus

86 2071 178 2116 sine
208 2072 417 2130 peccato?
440 2070 555 2114 Audi
580 2065 702 2128 spem
733 2078 876 2124 tuam,
899 2088 918 2111 «
940 2068 1075 2113 Filius
1097 2079 1244 2114 manet
1273 2071 1317 2114 in
1347 2081 1476 2116 aeter-

90 2160 111 2184 »
146 2157 269 2185 num.
300 2142 342 2186 Si
377 2155 479 2200 ergo
506 2156 582 2186 vos
604 2140 738 2185 Filius
759 2140 1040 2196 liberaverit,
1077 2149 1183 2185 tunc
1216 2157 1317 2186 vere
1352 2142 1478 2188 liberi

90 2230 111 2253 »
147 2212 276 2256 eritis.
299 2230 319 2253 »
342 2214 445 2256 Haec
462 2226 556 2270 spes
574 2220 721 2255 nostra
738 2220 825 2267 est,
848 2210 1002 2254 fratres
1020 2246 1030 2265 ,
1051 2220 1100 2255 ut
1123 2227 1146 2255 a
1167 2210 1305 2257 libero
1326 2212 1479 2259 libere·

88 2298 214 2338 mur,
239 2291 283 2326 et
311 2280 540 2326 liberando
562 2297 706 2326 servos
736 2297 813 2326 nos
846 2280 976 2326 faciat
1003 2301 1012 2326 2
1037 2283 1145 2326 servi
1170 2284 1288 2327 enim
1310 2299 1480 2329 eramus

88 2352 355 2413 cupiditatis,
371 2353 543 2397 liberati
560 2353 668 2397 servi
688 2353 902 2398 efficimur
923 2353 1159 2398 charitatis.
1182 2357 1275 2399 Hoc
1293 2365 1332 2400 et
1346 2359 1480 2415 Apos-

90 2424 205 2469 tolus
234 2423 340 2468 dicit
366 2444 374 2469 :
404 2443 424 2466 «
449 2427 536 2469 Vos
573 2433 717 2468 autem
736 2459 746 2479 ‚
771 2422 922 2468 fratres
942 2458 953 2478 ,
980 2423 1026 2467 in
1057 2423 1304 2469 libertatem
1337 2427 1479 2474 vocati

94 2513 115 2537 »
151 2494 272 2550 estis,
297 2503 467 2539 tantum
490 2510 546 2539 ne
567 2493 813 2540 libertatem
835 2494 881 2538 in
902 2495 1170 2539 occasionem
1189 2496 1328 2540 carnis
1345 2496 1477 2552 detis,

141 2586 149 2602 ¹
170 2581 262 2612 Joan.
284 2590 317 2621 x,
340 2579 389 2612 18.
411 2596 451 2603 -
475 2586 488 2603 ²
510 2580 556 2612 Id.
578 2590 648 2621 vni,
670 2581 721 2613 35.
743 2597 785 2603 —-
801 2578 815 2604 3
834 2582 926 2613 Prov.
949 2592 1002 2623 xx,
1021 2582 1054 2621 8,
1077 2592 1110 2623 9.
1133 2598 1176 2606 —
1193 2580 1312 2616 410an.
1335 2589 1400 2622 νυῐ,
1420 2581 1473 2621 34.
