1809 3173
382 189 437 226 76
807 199 840 226 s.
876 196 1104 227 Aucus‘mm
1138 200 1317 228 Emscom

382 268 462 308 Per
483 262 616 307 malos
634 262 739 308 boni
762 281 772 308 ε
793 263 1029 323 aliquando
1052 264 1242 324 baptizat
1264 264 1435 309 adulter
1450 299 1462 320 ,
1486 273 1529 308 ct
1550 266 1625 325 qui
1648 265 1756 324 bap-

378 335 533 378 tizatur
548 334 825 394 justificatur.
852 338 932 379 I’cr
954 335 1091 380 bonos
1114 335 1211 379 mali
1240 354 1250 381 :
1274 335 1509 396 aliquando
1527 337 1602 395 qui
1620 336 1755 395 bapti-

377 414 476 449 zant
492 439 503 460 ‚
548 406 684 450 sancti
720 414 821 450 sunt
842 426 853 463 3
897 405 973 465 qui
1011 406 1287 465 baptizantur
1304 441 1315 461 ,
1352 415 1499 450 tencre
1532 406 1643 450 viam
1679 407 1755 451 Dei

377 475 550 520 nolunt.

436 549 512 590 IX.
540 549 672 601 Puto,
704 544 882 602 fratres,
910 555 1064 591 notum
1086 561 1176 590 esse
1206 545 1251 589 in
1274 545 1496 603 Ecclesia,
1528 555 1572 591 et
1607 547 1754 607 quoti-

374 617 512 662 dianis
535 617 741 676 exemplis
765 616 1028 662 manifestari
1048 632 1096 661 ea
1119 633 1218 678 quae
1236 617 1419 661 dicimus
1446 637 1454 662 :
1475 617 1549 662 sed
1571 619 1615 661 in
1634 619 1756 677 prio-

373 689 492 732 ribus
524 689 679 732 nostris
710 688 906 747 patribus
929 704 976 732 ea
1009 689 1352 743 consideremus,
1377 690 1477 749 quia
1505 689 1755 734 habuerunt

373 768 414 802 et
446 757 508 801 illi
536 758 615 802 ista
649 767 835 818 quatuor
870 760 1074 816 genera&
1107 761 1188 802 Per
1222 757 1360 802 bonos
1392 759 1497 803 boni
1531 777 1540 803 ε
1567 760 1754 804 Ananias
1807 769 1809 772 ⁴

372 827 557 872 Paulum
580 828 827 886 baptizavit.
850 826 965 880 Quid
987 842 1064 886 per
1090 826 1226 871 malos
1248 827 1380 872 mali?
1397 828 1507 873 Dicit
1523 829 1754 888 Apostolus

370 898 582 957 quosdam
615 898 919 957 praedicatores
956 896 1178 955 Evangelii
1196 932 1206 952 ,
1243 913 1351 956 quos
1388 898 1494 943 dicit
1528 914 1617 943 non
1639 909 1753 944 caste

369 970 628 1013 annuntiare
657 969 794 1013 solere
816 968 1123 1026 Evangelium,
1152 984 1261 1028 quos
1291 969 1446 1014 tolerat
1476 971 1520 1013 in
1552 971 1754 1015 societate

368 1040 598 1083 christiana
616 1074 626 1094 ,
647 1038 807 1083 etdicit
834 1058 842 1083 z
869 1058 888 1080 «
915 1037 1030 1092 Quid
1058 1039 1202 1082 enim?
1224 1038 1330 1083 dum
1361 1041 1478 1084 omni
1500 1040 1646 1096 modo,
1667 1042 1754 1085 sive

369 1110 594 1155 occasione
628 1110 716 1154 sive
753 1110 932 1154 veritate
963 1110 1160 1154 Christus
1194 1111 1507 1166 annuntietur,
1534 1120 1577 1155 et
1600 1112 1644 1155 in
1667 1112 1750 1157 hoc

370 1180 538 1240 gaudeo
551 1184 582 1225 2.
598 1199 617 1222 »
644 1180 867 1241 Numquid
899 1180 1137 1225 malevolus
1160 1190 1277 1235 erat,
1302 1189 1347 1224 et
1367 1180 1421 1224 de
1459 1181 1599 1226 alieno
1636 1183 1752 1228 malo

369 1252 619 1309 gaudebat?
644 1251 725 1296 Sed
749 1252 850 1312 quia
874 1260 917 1295 et
940 1266 1017 1310 per
1038 1250 1172 1295 malos
1189 1266 1339 1296 verum
1358 1251 1692 1311 praedicabatur,
1710 1264 1751 1298 et

367 1339 444 1382 per
466 1323 681 1368 malorum
703 1339 777 1367 ora
800 1323 995 1368 Christus
1023 1322 1370 1382 praedicabatur3
1398 1323 1430 1366 si
1462 1339 1572 1383 quos
1595 1325 1663 1368 isti
1685 1326 1751 1369 sui

367 1394 524 1439 similes
548 1395 822 1454 baptizabant
840 1429 850 1449 ,
871 1394 974 1438 mali
996 1393 1130 1438 malos
1158 1394 1439 1453 baptizabant
1461 1413 1469 1439 :
1496 1395 1530 1438 si
1552 1411 1661 1454 quos
1683 1396 1750 1440 isti

367 1465 647 1523 baptizabant
668 1464 773 1508 tales
790 1500 800 1519 ,
823 1464 971 1524 quales
994 1464 1200 1508 admonet
1230 1464 1439 1508 Dominus
1475 1479 1575 1508 cum
1611 1465 1716 1510 dicit
1735 1500 1746 1521 ,

373 1555 392 1577 «ι
427 1538 534 1588 Quae
551 1535 705 1579 dicunt
726 1534 855 1579 facite
873 1570 883 1590 ,
914 1551 1013 1595 quae
1036 1544 1182 1579 autem
1211 1534 1399 1590 faciunt,
1421 1536 1562 1580 facere
1584 1535 1718 1580 nolite
1734 1571 1745 1592 ,

368 1624 389 1648 »
424 1605 525 1649 mali
553 1605 690 1649 bonos
725 1605 1045 1664 baptizabantss.
1085 1623 1105 1646 »
1130 1606 1239 1649 Boni
1274 1605 1409 1649 malos
1441 1605 1719 1665 baptizabant
1733 1641 1745 1662 ,

365 1675 585 1735 quomodo
608 1691 631 1719 a
654 1675 856 1735 Philippo
877 1683 1026 1720 sancto
1051 1675 1199 1720 Simon
1221 1690 1371 1733 magus
1401 1676 1643 1735 baptizatus
1665 1685 1742 1721 est.

364 1749 475 1792 Nota
496 1754 598 1790 sunt
617 1760 717 1804 ergo
739 1746 816 1789 ista
839 1754 1026 1805 quatuor
1046 1760 1219 1804 genera,
1245 1744 1398 1790 fratres
1421 1746 1518 1789 mei.
1541 1748 1654 1791 Ecce
1669 1747 1747 1791 ite-

363 1832 461 1861 rum
483 1831 532 1860 ea
554 1825 703 1876 repeto
717 1851 728 1870 ,
749 1824 892 1860 tenete
914 1814 985 1859 illa
1002 1850 1013 1870 ,
1042 1824 1269 1860 numerate
1286 1816 1381 1870 illa,
1408 1815 1620 1861 advertite
1640 1815 1713 1860 illa
1732 1837 1742 1874 3

362 1896 509 1931 cavete
530 1902 630 1947 quae
653 1884 765 1930 mala
787 1894 915 1940 sunt,
945 1894 1092 1929 tenete
1119 1900 1218 1945 quae
1236 1885 1351 1929 bona
1367 1894 1484 1929 sunt.
1507 1876 1591 1929 Per*
1607 1886 1746 1930 bonos

367 1958 468 2002 boni
493 1967 751 2008 nascuntur,
771 1972 871 2001 cum
893 1972 970 2016 per
991 1964 1160 2000 sanctos
1182 1956 1318 2000 sancti
1337 1956 1613 2015 baptizantur
1634 1976 1644 2001 ε
1665 1960 1746 2001 Per

362 2028 498 2073 malos
525 2027 658 2082 mali,
692 2042 792 2072 cum
815 2036 858 2071 et
890 2027 964 2087 qui
1000 2026 1223 2085 baptizant
1254 2035 1297 2070 et
1334 2026 1410 2086 qui
1443 2026 1741 2085 baptizantur,

362 2100 510 2159 inique
537 2107 580 2142 et
608 2099 738 2158 impie
758 2099 932 2152 vivunt,
963 2092 1039 2156 per
1067 2095 1202 2141 malos
1228 2097 1355 2151 boni,
1394 2112 1493 2141 cum
1516 2097 1619 2142 mali
1642 2107 1745 2143 sunt

363 2170 438 2230 qui
461 2170 708 2228 baptizant3
733 2177 775 2212 et
793 2168 898 2212 boni
922 2168 997 2228 qui
1021 2167 1299 2227 baptizantur
1327 2186 1336 2212 ε
1361 2182 1437 2226 per
1458 2167 1595 2211 bonos
1617 2168 1742 2224 mali,

363 2256 463 2285 cum
483 2240 588 2284 boni
607 2248 709 2283 sunt
726 2239 801 2300 qui
822 2239 1071 2298 baptizant,
1097 2247 1140 2282 et
1162 2238 1263 2281 mali
1278 2238 1353 2297 qui
1372 2238 1662 2297 baptizantur.

421 2313 476 2354 X.
509 2309 740 2363 Quomodo
768 2309 1012 2353 invenimus
1040 2308 1119 2352 ista
1139 2308 1184 2351 in
1206 2308 1345 2351 tribus
1362 2307 1451 2351 istis
1474 2308 1740 2352 nominibus.

367 2400 386 2423 «
420 2384 514 2440 Ego
536 2396 630 2424 sum
647 2383 760 2425 Deus
782 2379 1019 2434 Abraham,
1036 2382 1148 2423 Deus
1172 2381 1304 2432 Isaac,
1322 2387 1364 2422 et
1381 2381 1493 2422 Deus
1512 2379 1646 2422 Jacob
1662 2379 1741 2422 ⁴1³»

363 2450 549 2496 Ancillas
571 2451 803 2510 accipimus
831 2451 876 2494 in
899 2449 1021 2494 malis
1037 2485 1047 2505 ,
1085 2449 1240 2493 liberas
1261 2449 1494 2508 accipimus
1515 2449 1561 2492 in
1583 2448 1708 2492 bonis
1730 2467 1738 2491 :

412 2543 419 2559 ¹
442 2538 512 2568 Act.
533 2546 577 2576 ix,
600 2535 649 2568 18.
670 2552 711 2558 —
728 2543 740 2558 ²
759 2535 870 2577 Philip.
889 2547 912 2573 ι,
932 2534 981 2567 18.
1002 2552 1041 2557 —-
1064 2533 1076 2557 3
1095 2534 1267 2574 Matth.u‚
1287 2534 1340 2567 33.
1360 2530 1429 2559 ——4
1451 2533 1548 2565 Exod.
1566 2532 1657 2573 n1‚6.
