1809 3173
372 147 454 184 388
810 151 843 180 s.
881 151 1109 181 Aue-Usum
1143 154 1323 181 Emscom

367 222 503 280 ipsam
538 218 655 263 videt
683 220 823 278 justus
846 218 988 263 nescio
1010 228 1119 278 quot
1140 218 1440 263 mansionibus
1472 233 1495 262 a
1526 224 1595 262 me‘
1623 225 1751 263 carne

367 292 586 350 sejunctus
604 325 614 345 ‚
639 298 682 333 et
702 290 747 333 in
769 289 883 333 illius
909 290 1086 349 justitiae
1111 289 1209 334 luce
1231 291 1503 349 conjunctus.
1530 292 1644 347 Ergo
1664 299 1751 334 tes-

367 362 598 406 timonium
627 361 710 405 sibi
732 361 933 421 perhibet
955 360 1029 404 lux
1051 380 1059 404 :
1085 362 1222 420 aperit
1244 378 1368 406 sanos
1399 360 1547 406 oculos
1564 396 1575 416 ‚
1603 371 1646 405 et
1671 361 1751 405 sibi

364 433 456 492 ipsa
492 432 608 476 testis
632 441 695 475 est
715 467 726 487 ‚
764 441 815 476 ut
837 440 1124 490 cognoscatur
1146 431 1237 475 lux.
1268 432 1350 477 Sed
1373 431 1478 492 quid
1510 433 1676 490 agimus
1698 431 1752 475 de

364 502 652 548 infidelibus?
674 501 890 562 numquid
927 502 1010 545 illis
1033 517 1121 546 non
1143 511 1207 546 est
1229 506 1444 560 praesens?
1467 506 1543 547 Est
1566 518 1752 561 praesens

363 583 406 618 et
428 572 511 617 illis
529 593 538 618 2
563 572 638 617 sed
660 573 820 632 quibus
842 587 938 615 eam
960 571 1138 615 videant
1157 606 1168 627 ‚
1195 572 1343 616 oculos
1367 589 1456 617 non
1478 574 1642 616 habent
1663 588 1752 617 cor·

363 645 444 690 dis.
470 643 587 689 Audi
609 644 662 687 de
691 642 772 686 illis
795 659 846 686 ex
868 642 1106 702 Evangelio
1123 643 1216 702 ipso
1240 644 1450 704 prolatam
1474 644 1746 688 sententiam.
1807 684 1809 687 .

367 733 388 758 «
422 718 478 759 Et
499 715 575 757 lux
596 713 714 756 lucet
734 713 780 758 in
814 713 1003 758 tenebris
1022 748 1033 768 ‚
1079 723 1122 758 et
1154 715 1346 758 tenebrae
1378 730 1472 759 eam
1502 730 1591 759 non
1629 729 1751 759 com-

365 804 385 827 »
421 784 798 845 prehenderunt1.
841 802 861 825 »
894 787 1010 843 Ergo
1049 784 1108 827 ait
1136 786 1371 840 Dominus,
1405 794 1447 829 et
1477 800 1627 828 verum
1659 785 1748 840 ait,
1808 809 1809 848 }

365 875 386 899 «
421 855 514 900 Etsi
539 871 620 914 ego
642 856 697 899 de
720 871 790 899 mc
817 855 1116 900 testimonium
1139 857 1347 915 perhibeo
1364 892 1375 912 ,
1397 872 1549 901 verum
1579 866 1643 900 est
1668 866 1753 900 tes·
1808 860 1809 863 ’

364 945 385 968 »
422 927 656 970 timonium
683 942 829 970 meum
858 947 866 971 2
892 926 993 986 quia
1021 926 1109 970 scio
1131 926 1248 970 unde
1270 927 1368 971 veni
1391 937 1434 971 et
1466 943 1554 987 quo
1576 926 1702 971 vado.
1727 945 1748 968 η

364 1002 536 1042 Patrem
569 997 743 1042 volebat
776 996 963 1056 intelligi
1001 1016 1010 1042 ε
1052 999 1167 1041 Patri
1207 998 1388 1057 gloriam
1426 997 1559 1041 dabat
1597 997 1747 1041 Filius.

361 1067 558 1128 AEqualis
584 1067 797 1127 glorificat
819 1083 920 1111 eum
943 1084 966 1112 a
990 1083 1078 1128 quo
1101 1078 1164 1113 est
1186 1069 1337 1112 missus
1360 1088 1368 1113 ε
1389 1077 1603 1128 quantum
1622 1068 1753 1112 debet

362 1139 496 1183 homo
522 1137 762 1197 glorificare
786 1153 886 1182 eum
905 1154 929 1182 a
951 1154 1039 1198 quo
1062 1149 1124 1182 est
1142 1141 1342 1183 creatus?

422 1212 475 1253 V.
503 1229 523 1251 «
547 1210 642 1254 Scio
665 1209 783 1253 unde
803 1210 902 1254 veni
926 1219 968 1253 et
985 1226 1074 1269 quo
1098 1210 1225 1254 vado.
1251 1229 1270 1251 η
1298 1214 1382 1254 Iste
1405 1210 1481 1270 qui
1499 1210 1543 1253 in
1564 1224 1754 1269 praesen-

363 1281 422 1324 tia
452 1280 576 1324 vobis
605 1279 802 1340 loquitur
822 1315 832 1335 ,
865 1280 998 1323 habet
1021 1280 1141 1339 quod
1164 1296 1253 1324 non
1276 1279 1488 1335 deseruit,
1509 1279 1584 1323 sed
1607 1290 1754 1324 tamen

362 1351 484 1396 venit
510 1370 519 1395 ;
554 1367 644 1395 non
673 1352 788 1394 enim
822 1351 1037 1395 veniendo
1060 1350 1161 1394 inde
1184 1351 1400 1406 discessit,
1433 1360 1508 1395 aut
1530 1350 1754 1395 redeundo

298 1424 304 1428 ’
362 1439 441 1467 nos
464 1421 714 1482 dereliquit.
742 1422 859 1475 Quid
882 1422 1131 1466 miramini?
1155 1426 1273 1470 Deus,
1291 1432 1368 1466 est.
1394 1425 1491 1467 Non
1512 1432 1653 1481 potest
1671 1423 1755 1466 boc

363 1494 457 1538 fieri
477 1494 530 1538 ab
552 1494 750 1538 homine:
767 1509 857 1538 non
879 1503 1019 1553 potest
1035 1495 1119 1538 boc
1141 1494 1233 1537 fieri
1256 1495 1310 1537 ab
1334 1495 1425 1553 ipso
1445 1493 1549 1538 sole.
1567 1493 1755 1546 Quando

365 1566 508 1626 pergit
526 1565 580 1609 ad
601 1564 886 1610 Occidentem
903 1601 914 1620 ‚
945 1565 1104 1610 deserit
1125 1566 1346 1609 Orientem
1365 1600 1376 1619 ,
1398 1575 1440 1608 et
1462 1564 1602 1609 donec
1620 1565 1757 1608 oritu-

366 1653 440 1682 rus
474 1636 623 1681 redeat
655 1636 710 1680 ad
743 1637 967 1680 Orientem
985 1672 995 1691 ‚
1032 1653 1121 1681 non
1145 1647 1208 1681 est
1236 1637 1281 1680 in
1308 1637 1484 1681 Oriente
1512 1656 1520 1681 :
1548 1636 1757 1680 Dominus

367 1719 512 1753 autem
537 1717 682 1753 noster
700 1710 825 1752 Jesus
847 1709 1044 1753 Christus
1062 1718 1105 1752 et
1123 1709 1242 1752 venit
1258 1744 1268 1761 ‚
1295 1718 1337 1752 et
1360 1708 1421 1751 ibi
1444 1717 1534 1764 est3
1560 1717 1603 1752 et
1620 1706 1753 1762 redit,

368 1789 413 1825 et
440 1780 511 1823 bic
534 1789 612 1823 est.
646 1778 760 1823 Audi
778 1779 920 1838 ipsum
944 1779 1267 1838 Evangelistam
1289 1779 1373 1823 alio
1395 1778 1492 1823 loco
1510 1778 1727 1822 dicentem
1743 1812 1754 1832 ‚

370 1861 414 1896 et
435 1851 468 1895 si
495 1859 639 1910 potes,
665 1865 798 1908 cape3
835 1850 866 1893 si
885 1866 973 1894 non
999 1860 1118 1909 potes
1135 1885 1146 1905 ‚
1172 1850 1313 1894 crede.
1353 1870 1372 1892 «
1399 1854 1533 1894 Deum
1550 1885 1560 1904 ,
1585 1850 1754 1909 inquit,

373 1941 395 1965 »
432 1937 561 1966 nemo
583 1920 693 1965 vidit
714 1936 932 1980 unquam,
960 1921 1038 1964 nisi
1061 1921 1311 1979 unigenitus
1337 1921 1471 1964 Filius
1486 1955 1497 1975 ‚
1529 1921 1605 1980 qui
1628 1930 1692 1963 est
1712 1921 1758 1964 in

375 2011 396 2035 »
431 1993 529 2036 sinu
568 1992 730 2046 Patris,
756 1992 847 2050 ipse
876 1991 1134 2035 enarraviffl.
1166 2008 1187 2030 »
1210 1993 1307 2035 Non
1330 1990 1437 2034 dixit
1455 2025 1465 2043 ,
1497 1990 1642 2033 fuitin
1661 1989 1759 2033 sinu

372 2064 536 2119 Patris,
575 2063 699 2123 quasi
726 2061 942 2107 veniendo
971 2061 1209 2106 deseruerit
1231 2063 1374 2105 sinum
1409 2061 1557 2105 Patris.
1586 2061 1667 2104 Hic
1688 2060 1757 2104 lo-

373 2134 591 2195 quebatur
607 2168 618 2188 ,
639 2142 683 2176 et
704 2132 764 2175 ibi
786 2147 830 2175 se
851 2147 940 2176 esse
963 2131 1133 2176 dicebat
1161 2151 1169 2176 :
1197 2132 1271 2191 qui
1290 2141 1332 2174 et
1353 2131 1454 2175 hinc
1477 2131 1754 2185 discessurus,

374 2204 484 2265 quid
506 2203 646 2247 dixit?
673 2221 690 2242 «
717 2205 833 2245 vEcce
855 2217 936 2261 ego
951 2202 1176 2246 vobiscum
1200 2216 1297 2246 sum
1315 2216 1451 2261 usque
1474 2200 1529 2245 ad
1551 2215 1756 2245 consum-

379 2293 400 2317 »
435 2273 670 2318 mationem
684 2273 871 2316 saeculiss.
901 2290 921 2313 »

434 2347 638 2403 VLErgo
655 2359 806 2388 verum
829 2352 893 2386 est
914 2343 1208 2387 testimonium
1226 2342 1416 2397 luminis,
1442 2342 1531 2386 sive
1553 2357 1597 2385 se
1618 2351 1759 2386 osten-

378 2417 454 2461 dat
471 2452 482 2472 ,
504 2417 591 2461 sive
613 2415 693 2459 alia
715 2434 724 2459 ι
742 2415 843 2474 quia
866 2415 956 2458 sine
977 2414 1144 2458 lumine
1167 2430 1254 2458 non
1280 2423 1399 2473 potes
1420 2413 1566 2459 videre
1587 2412 1754 2468 lumen,

429 2507 437 2524 ¹
459 2505 550 2534 Joan.
569 2514 593 2543 1,
618 2501 649 2533 5.
670 2517 710 2522 —
731 2507 743 2522 ²
764 2501 846 2532 Ibid.
872 2501 919 2532 18.
938 2517 980 2523 —-
1000 2498 1012 2524 3
1031 2499 1150 2532 Matth.
1171 2510 1279 2540 xxviii,
1302 2508 1355 2531 ¹20.
