1809 3173
364 263 446 302 502
786 269 821 298 s.
856 269 1086 300 Avensa-1151
1118 272 1299 299 1:1³1scom

359 348 430 383 tus
444 372 454 392 ,
475 336 599 381 nobis
619 336 816 381 Christus
837 336 957 396 quod
972 337 1018 380 in
1040 336 1162 379 altari
1184 336 1260 379 Dei
1282 335 1474 394 ponitur.
1495 337 1551 378 Et
1573 335 1634 378 illi
1655 351 1734 394 pro

360 422 521 465 magno
542 414 810 450 sacramento
837 405 1027 465 ejusdem
1046 405 1205 449 Christi
1226 404 1432 448 biberunt
1458 420 1612 464 aquam
1632 420 1734 463 pro-

358 479 569 523 fluentem
591 475 646 519 de
676 485 797 534 petra
812 510 823 530 ,
854 490 931 518 nos
963 474 1071 533 quid
1099 474 1298 517 bibamus
1321 483 1482 518 norunt
1504 473 1667 518 fideles.
1692 475 1734 519 Si

359 549 544 608 speciem
575 545 787 592 visibilem
818 543 1044 599 intendas,
1079 543 1197 588 aliud
1228 554 1291 588 est
1317 563 1326 588 z
1352 545 1384 587 si
1416 544 1733 602 intelligibilem

358 618 715 677 significationem
737 651 747 670 ,
791 614 993 658 eumdem
1036 623 1190 673 potum
1230 614 1463 672 spiritalem
1509 614 1729 659 biberunt.

357 694 582 747 Quotquot
604 701 705 743 ergo
728 684 802 728 illo
822 694 1017 743 tempore
1039 682 1319 727 crediderunt
1343 683 1413 726 vel
1434 683 1640 738 Abrahae,
1664 686 1733 728 vel

356 762 498 811 Isaac,
523 755 592 800 vel
613 754 748 799 Jacob
765 789 776 808 ‚
800 753 869 797 vel
885 753 1053 811 Moysi,
1079 753 1148 797 vel
1173 753 1264 796 aliis
1296 752 1551 797 Patriarchis
1567 786 1578 806 ,
1614 753 1734 797 aliis-

353 843 440 887 que
459 824 683 884 Prophetis
704 823 924 868 Christum
950 823 1368 881 praenuntiantibus,
1398 837 1498 866 oves
1519 831 1664 877 erant,
1690 832 1733 867 et

353 896 575 942 Christum
593 894 852 938 audierunt:
877 908 967 937 non
988 892 1172 936 alienam
1192 907 1364 946 vocem,
1390 891 1466 935 sed
1493 891 1626 950 ipsius
1653 907 1733 936 au-

357 966 547 1009 dierunt.
575 964 717 1008 Judex
734 962 877 1006 fuerat
899 963 945 1006 in
962 977 1177 1021 praecone.
1203 963 1314 1014 Quia
1337 970 1379 1005 et
1400 960 1575 1021 quando
1598 961 1733 1021 judex

354 1037 550 1096 loquitur
567 1050 643 1094 per
664 1048 925 1093 praeconem,
944 1042 1145 1092 exceptor
1161 1048 1251 1076 non
1266 1035 1279 1058 ¹
1301 1032 1419 1087 facit,
1438 1035 1583 1076 Praeco
1598 1031 1702 1076 dixit
1720 1053 1731 1092 3

354 1106 452 1161 sed,
477 1108 501 1149 J
506 1105 618 1149 udex
639 1104 759 1148 dixit.
778 1103 863 1148 Alii
885 1113 987 1147 sunt
1008 1119 1111 1162 ergo
1129 1118 1238 1163 quos
1257 1118 1346 1146 non
1368 1102 1601 1146 audierunt
1615 1118 1730 1157 oves,

355 1178 401 1221 in
422 1176 581 1236 quibus
602 1190 692 1219 non
713 1183 804 1217 erat
829 1189 914 1218 vox
936 1173 1123 1227 Christi,
1148 1181 1360 1226 errantes,
1384 1170 1488 1216 falsa
1511 1172 1702 1216 dicentes
1719 1207 1730 1227 ,

354 1248 498 1291 inania
523 1245 756 1304 garrientes
775 1279 786 1299 ,
809 1259 917 1287 vana
939 1245 1151 1301 fingentes
1172 1277 1182 1297 ,
1208 1243 1383 1286 miseros
1403 1242 1670 1286 seducentes.

410 1319 467 1360 X.
492 1314 609 1367 Quid
640 1324 703 1358 est
733 1329 835 1371 ergo
861 1312 982 1372 quod
1007 1313 1118 1366 dixi,
1143 1313 1280 1371 MaJ'or
1302 1312 1395 1355 haec
1431 1320 1494 1355 est
1521 1311 1734 1371 quaestio?

308 1403 315 1408 ·
355 1385 472 1438 Quid
498 1384 631 1429 habet
652 1384 886 1427 obscurum
904 1392 947 1426 et
971 1381 1027 1425 ad
1058 1380 1390 1440 intelligendum
1415 1381 1618 1425 difficile?
1639 1384 1733 1426 Au·

355 1455 445 1499 dite
471 1455 664 1499 obsecro.
698 1456 812 1497 Ecce
845 1453 1053 1497 Dominus
1086 1453 1178 1511 ipse
1210 1455 1333 1496 Jesus
1364 1453 1559 1496 Christus
1584 1453 1730 1508 venit,

354 1525 606 1585 praedicavit
632 1543 641 1568 ε
666 1524 818 1583 utique
855 1523 994 1567 multo
1029 1523 1161 1581 magis
1188 1538 1270 1568 vox
1300 1524 1478 1582 pastoris
1515 1533 1634 1578 erat,
1658 1539 1733 1567 ex-

354 1611 498 1659 pressa
516 1597 608 1654 ipso
625 1608 699 1638 ore
716 1594 912 1653 pastoris.
935 1594 979 1638 Si
1000 1594 1115 1637 enim
1132 1609 1209 1652 per
1228 1594 1463 1652 Prophetas
1483 1609 1565 1638 vox
1586 1603 1734 1653 pasto·-

355 1668 459 1713 toris
474 1674 565 1710 erat
581 1700 591 1719 ,
609 1674 774 1724 quanto
797 1664 930 1721 magis
950 1679 1102 1709 vocem
1119 1664 1298 1723 pastoris
1317 1664 1565 1723 proterebat
1584 1664 1734 1724 lingua

353 1739 446 1796 ipsa
467 1735 677 1795 pastoris?
698 1737 795 1779 Non
818 1749 966 1777 omnes
988 1733 1235 1777 audierunt.
1264 1734 1348 1778 Sed
1369 1733 1477 1793 quid
1497 1738 1735 1793 putamus?

355 1807 437 1860 Qui
458 1806 690 1849 audierunt
704 1839 714 1858 ,
740 1818 839 1847 oves
862 1804 1015 1847 erant?
1036 1806 1149 1847 Ecce
1170 1802 1335 1847 audivit
1356 1806 1381 1847 J
1386 1803 1490 1847 udas
1505 1838 1516 1858 ,
1541 1813 1583 1848 et
1604 1804 1734 1864 lupus

354 1885 446 1920 erat
471 1894 480 1918 :
501 1874 783 1933 sequebatur,
818 1872 891 1915 sed
915 1872 1029 1930 pelle
1063 1873 1190 1916 ovina
1213 1882 1351 1916 tectus
1373 1873 1534 1931 pastori
1556 1873 1733 1918 insidia-

355 1946 501 1988 batur.
539 1942 686 2001 Aliqui
718 1957 819 1986 vero
852 1956 1002 1985 eorum
1039 1941 1115 2000 qui
1148 1942 1368 1985 Christum
1397 1942 1729 1999 crucifixerunt,

353 2031 444 2060 non
477 2013 733 2067 audiebant,
770 2021 813 2056 et
849 2027 949 2056 oves
982 2021 1105 2055 erant
1134 2030 1143 2055 ε
1186 2012 1298 2070 ipsos
1332 2012 1446 2055 enim
1481 2013 1657 2057 videbat
1687 2015 1734 2058 in

354 2086 509 2140 turba,
535 2082 712 2143 quando
730 2081 901 2125 dicebat
917 2116 927 2136 ,
949 2100 969 2124 «
988 2083 1098 2125 Cum
1120 2081 1406 2125 exaltaveritis
1428 2081 1566 2125 filium
1589 2084 1732 2127 homi-

355 2174 375 2196 »
412 2155 476 2197 nis
488 2189 503 2209 ,
524 2163 629 2196 tunc
649 2151 934 2209 cognoscetis,
955 2151 1055 2210 quia
1072 2166 1151 2209 ego
1173 2167 1269 2194 sum
1285 2155 1315 2194 ².
1336 2151 1603 2204 »Quomodo
1617 2154 1731 2196 enim

352 2226 431 2268 ista
456 2222 636 2266 solvitur
657 2221 869 2281 quaestio?
892 2220 1089 2264 Audiunt
1106 2237 1194 2265 non
1216 2236 1340 2275 oves,
1375 2230 1417 2265 et
1439 2237 1527 2265 non
1548 2222 1732 2267 audiunt

348 2308 473 2350 oves,
499 2301 743 2351 sequuntur
760 2306 910 2335 vocem
933 2291 1112 2349 pastoris
1135 2291 1312 2350 quidam
1337 2291 1456 2350 lupi,
1481 2301 1523 2336 et
1545 2293 1581 2335 ei
1606 2308 1729 2352 quae-

346 2364 447 2408 dam
482 2363 788 2407 contradicunt
826 2376 926 2405 oves
961 2380 970 2405 t
1007 2370 1224 2420 postremo
1267 2370 1482 2420 pastorem
1523 2363 1727 2406 occidunt

346 2449 461 2477 oves.
492 2432 681 2476 Solvitur
702 2432 884 2490 quaestio
911 2450 919 2474 :
945 2430 1177 2489 respondet
1194 2431 1307 2474 enim
1326 2431 1478 2490 aliquis
1494 2466 1505 2486 ,
1531 2441 1572 2475 et
1594 2432 1722 2488 dicit,

346 2503 431 2548 Sed
457 2501 634 2562 quando
662 2516 751 2544 non
788 2500 1050 2555 audiebant,
1087 2515 1187 2544 oves
1215 2500 1413 2545 nondum
1446 2510 1592 2557 erant,
1618 2510 1723 2546 tunc

390 2593 400 2609 ¹
427 2587 530 2618 Forte
544 2596 605 2617 non
625 2585 747 2617 scribit.
767 2601 808 2607 --
825 2591 838 2607 2
856 2586 949 2616 Joan.
972 2594 1041 2624 vni,
1057 2585 1112 2616 28.
