1809 3173
375 241 457 280 156
799 250 831 277 s.
869 246 1095 275 AUGUSTINI
1130 246 1309 274 EPISCOPI

369 319 469 378 quia
497 331 546 359 cx
581 315 640 359 eis
673 315 792 359 venit
821 312 1062 358 secundum
1098 316 1273 356 carnem
1315 308 1423 354 :sed
1464 308 1594 367 hujus
1616 306 1745 350 arbo-

370 389 425 432 ris
459 386 600 440 radiX,
634 386 853 430 Abraham
870 420 881 439 ,
907 387 1022 428 Isaac
1054 391 1096 426 et
1127 382 1261 426 Jacob
1278 416 1289 435 ,
1318 378 1573 440 patriarchae
1593 376 1743 421 sancti.

370 463 426 504 Et
447 459 521 502 ubi
537 458 637 501 isti?
657 459 706 500 In
738 457 885 516 requie
905 455 1021 514 apud
1046 457 1199 506 Deum,
1219 452 1449 496 inhonore
1485 463 1641 506 magno
1666 467 1674 491 ε
1702 456 1749 491 ut

370 531 413 573 in
437 529 622 573 Abrahae
651 528 791 571 sinum
816 527 989 585 adjutus
1026 523 1098 567 ille
1126 538 1290 582 pauper
1311 531 1407 581 post
1435 520 1625 580 corporis
1661 518 1749 562 exi-

372 612 463 646 tum
486 600 716 652 levaretur,
743 599 845 642 etin
870 596 1055 640 Abrahae
1067 595 1163 638 sinu
1181 594 1236 637 de
1256 592 1497 651 longinquo
1516 607 1539 634 a
1562 589 1751 649 superbo

372 673 505 717 divite
527 672 746 716 videretur
762 673 789 712 ἰ.
811 672 926 726 Ergo
949 666 1069 711 radix
1089 673 1249 718 manet,
1271 662 1391 707 radix
1414 662 1619 706 laudatur
1646 679 1654 704 :
1677 660 1752 703 sed

372 743 478 788 rami
493 742 667 801 superbi
694 750 736 784 et
757 738 933 798 praecidi
957 747 999 781 et
1021 751 1209 779 arescere
1230 736 1513 778 meruerunt2
1539 751 1548 776 ε
1572 730 1753 776 oleaster

373 823 516 857 autem
539 812 715 856 humilis
731 809 906 853 illorum
936 806 1186 867 praecisione
1207 804 1374 847 invenit
1398 802 1559 846 locum.

431 887 504 927 VI.
525 882 638 926 Audi
654 896 754 938 ergo
767 877 1137 940 quemadmodum
1151 874 1448 936 praeciduntur
1463 872 1569 917 rami
1580 879 1751 914 natura-

373 954 447 1007 los,
464 951 836 1014 quemadmodum
852 951 1063 993 inseratur
1085 947 1282 1000 oleaster,
1301 942 1751 1003 exipsoCenturione,

373 1039 502 1085 quem
542 1032 718 1083 propter
750 1019 1117 1079 comparationem
1145 1017 1275 1076 hujus
1311 1013 1462 1071 Reguli
1491 1026 1756 1057 commemo-

374 1094 557 1138 randum
581 1093 744 1153 putavi.
772 1111 790 1133 «
817 1095 954 1134 Amen
972 1125 982 1144 ,
1004 1089 1163 1148 inquit,
1201 1087 1297 1130 dico
1319 1085 1465 1136 vobis,
1501 1098 1587 1126 non
1611 1081 1757 1124 inveni

377 1184 396 1206 »
432 1174 596 1209 tantam
612 1163 741 1207 fidem
761 1163 805 1205 in
825 1159 955 1204 Israel
972 1179 980 1204 ε
1003 1167 1228 1219 propterea
1246 1156 1344 1200 dico
1364 1152 1617 1211 vobis,quia
1631 1150 1757 1194 multi

378 1255 397 1278 »
433 1237 487 1280 ab
509 1236 685 1280 Oriente
714 1243 757 1278 et
777 1233 1014 1276 Occidente
1039 1229 1215 1274 venient
1231 1229 1262 1271 ³.
1291 1246 1311 1268 »
1338 1229 1478 1280 Quam
1495 1224 1581 1268 late
1600 1231 1757 1266 terram

375 1315 660 1367 occupaverat
678 1303 886 1348 oleaster!
914 1305 1070 1346 Amara
1088 1299 1208 1357 sylva
1222 1296 1412 1341 mundus
1437 1296 1508 1338 hic
1536 1292 1622 1337 fuit
1650 1312 1659 1336 ι
1684 1290 1759 1335 sed

373 1386 551 1437 propter
580 1374 887 1426 humilitatem,
923 1380 1101 1430 propter
1140 1371 1238 1414 Non
1266 1382 1362 1411 sum
1400 1365 1556 1422 dignus
1596 1371 1646 1406 ut
1678 1361 1759 1405 sub

375 1458 538 1492 tectum
561 1460 708 1490 meum
732 1444 881 1497 intres,
905 1440 1035 1486 Multi
1073 1440 1128 1484 ab
1145 1438 1322 1483 Oriente
1350 1445 1393 1480 et
1419 1433 1655 1479 Occidente
1682 1445 1760 1475 ve-

375 1521 512 1563 nient.
539 1521 595 1562 Et
626 1525 731 1576 puta
765 1515 865 1575 quia
888 1513 1093 1557 venient:
1119 1508 1227 1570 quid
1258 1507 1313 1552 de
1340 1507 1423 1550 illis
1456 1506 1530 1549 fiet
1544 1495 1624 1548 9⁴Si
1646 1501 1762 1546 enim

375 1591 567 1644 venient,
585 1581 676 1649 'jam
699 1586 867 1647 praecisi
888 1592 990 1628 sunt
1011 1581 1066 1627 de
1089 1581 1210 1639 sylva
1226 1581 1241 1604 4
1266 1598 1274 1624 ε
1301 1578 1379 1622 ubi
1407 1574 1622 1620 inserendi
1643 1581 1759 1628 sunt,

378 1677 432 1706 ne
469 1660 693 1704 arescant?
722 1661 778 1702 Et
818 1654 1100 1707 recumbent,
1141 1651 1306 1710 inquit,
1340 1663 1439 1693 cum
1467 1646 1689 1691 Abraham
1721 1651 1765 1687 et

377 1736 494 1777 Isaac
517 1740 559 1775 et
574 1730 726 1775 Jacob.
753 1731 804 1772 In
833 1742 921 1788 quo
952 1724 1175 1781 convivio3
1204 1737 1258 1766 ne
1280 1719 1392 1765 forte
1414 1733 1505 1763 non
1536 1716 1692 1760 invites
1710 1713 1764 1758 ad

379 1817 545 1861 semper
568 1799 820 1852 vivendum,
849 1796 924 1841 sed
941 1795 996 1840 ad
1020 1794 1209 1838 multum
1232 1788 1506 1835 bibendum?
1527 1806 1547 1828 «
1573 1789 1765 1830 Recum-

382 1894 401 1915 >›
438 1875 544 1918 bent
560 1887 661 1917 cum
686 1870 903 1915 Abraham
920 1869 1091 1911 etIsaac
1105 1874 1148 1908 et
1162 1864 1313 1908 Jacob.
1336 1880 1356 1903 »
1378 1861 1493 1905 Ubi?
1508 1878 1527 1900 «
1544 1861 1595 1902 In
1611 1872 1763 1917 regno,

384 1964 403 1986 »
440 1944 603 2005 inquit,
620 1941 850 1987 coelorum.
873 1957 893 1980 »
908 1941 964 1982 Et
978 1935 1085 1996 quid
1098 1935 1177 1979 erit
1192 1933 1246 1977 de
1266 1931 1349 1976 illis
1371 1931 1447 1991 qui
1467 1937 1684 1974 venerunt
1712 1927 1766 1971 de

381 2017 511 2076 stirpe
544 2013 761 2059 Abrahae?
798 2008 905 2070 quid
936 2009 1011 2052 fiet
1038 2006 1092 2050 de
1121 2004 1248 2049 ramis
1282 2002 1444 2064 quibus
1480 2000 1608 2044 arbor
1637 1998 1767 2058 plena

383 2089 498 2131 crat?
526 2085 656 2147 quid,
694 2083 773 2127 nisi
805 2080 906 2140 quia
942 2078 1237 2138 praecidentur
1258 2109 1269 2129 ,
1304 2082 1356 2117 ut
1384 2072 1455 2116 isti
1491 2069 1768 2115 inserantur?

388 2179 407 2199 ι(
434 2160 549 2201 Doce
567 2155 669 2216 quia
691 2151 984 2213 praecidentur
1011 2168 1019 2193 ε
1046 2147 1142 2192 Filii
1163 2155 1309 2190 autem
1338 2142 1462 2202 regni
1482 2141 1612 2186 ibunt
1634 2140 1681 2183 in
1703 2148 1768 2183 te·
1803 2165 1805 2170 ·

388 2248 406 2270 »
443 2229 644 2272 tenebras
668 2224 911 2269 exteriores.
938 2239 959 2262 »

444 2301 541 2343 VII.
577 2297 745 2341 Habeat
770 2309 872 2353 ergo
895 2290 1011 2352 apud
1045 2304 1123 2334 nos
1155 2289 1368 2332 honorem
1397 2284 1641 2343 Propheta,
1666 2280 1769 2340 quia

384 2385 473 2413 non
494 2368 648 2412 habuit
676 2368 887 2411 honorem
915 2364 961 2406 in
982 2360 1121 2421 patria
1138 2374 1228 2402 sua.
1260 2359 1359 2402 Non
1378 2354 1534 2398 habuit
1555 2353 1769 2396 honorem
1800 2360 1809 2391 A

384 2442 427 2484 in
450 2440 603 2499 patria,
628 2439 673 2482 in
695 2452 782 2497 qua
800 2433 1000 2480 conditus
1024 2440 1088 2475 est
1113 2449 1122 2475 :
1147 2430 1308 2473 habeat
1326 2427 1539 2470 honorem
1560 2423 1607 2466 in
1628 2421 1767 2481 patria
1807 2435 1809 2463 1

385 2525 516 2572 quam
539 2506 750 2553 condidit.
788 2509 840 2550 In
870 2504 942 2548 illa
966 2503 1081 2546 enim
1113 2498 1314 2545 conditus
1347 2505 1411 2540 est
1444 2493 1644 2539 conditor
1674 2506 1770 2536 om·
1806 2517 1809 2522 -

435 2603 442 2619 ¹
461 2598 538 2629 Luc.
554 2606 619 2636 xw,
639 2602 693 2635 22,
710 2597 772 2625 etc.
787 2608 827 2614 -
849 2598 860 2614 ²
884 2591 974 2622 Rom.
997 2598 1109 2628 xi‚17.
1132 2602 1173 2609 --
1193 2583 1206 2608 3
1224 2585 1315 2616 Mati.
1336 2591 1405 2621 vm,
1429 2590 1481 2621 10,
1501 2582 1564 2611 etc.
1596 2593 1637 2601 -
1652 2575 1666 2605 s·
1680 2575 1762 2608 ibid.
1807 2584 1809 2605 ⁴,
