1825 3214
264 246 307 272 nv
341 242 514 272 somnis
547 242 856 279 renuentium,
890 241 1035 269 Tutor.
1073 244 1199 270 xxm.
1354 230 1436 269 267

54 313 173 357 vium
192 345 203 365 ,
236 311 294 355 sic
317 311 441 354 amici
477 310 629 354 faciem
650 344 660 363 ‚
686 309 742 352 sic
770 308 953 363 inimici,
985 309 1043 351 sic
1078 309 1230 367 patris,
1265 309 1435 363 matris,

34 383 219 434 -fratris,
240 383 418 434 sororis,
441 380 532 434 lilii,
558 381 683 425 vieini.
704 401 714 435 3
740 381 797 424 sic
821 379 1058 423 litterarum
1082 380 1120 422 in
1140 380 1287 424 codice
1310 395 1438 424 cons-

54 454 312 513 criptarum,
339 454 398 496 sic
427 453 555 511 ipsius
578 452 759 506 codicis,
796 450 854 494 sic
890 451 1017 510 liujus
1055 448 1238 493 basilii-m
1266 452 1438 495 :omnia

53 525 129 568 ista
151 523 310 574 vidisti,
327 533 369 567 et
383 524 467 565 visa
486 524 582 582 qnia
595 524 683 582 jam
699 531 837 574 erant,
856 521 1077 565 memoria·
1095 523 1406 565 commendasti
1425 543 1437 581 3

54 604 95 638 et
119 604 325 653 tanquam
351 595 524 652 posuisti
551 593 635 637 illie
659 608 758 653 qnae
781 592 945 636 videres
969 590 1200 649 cogitando
1221 607 1318 634 cum
1344 593 1436 636 vel-

52 665 128 719 les,
154 666 279 708 etiam
304 680 402 708 cnm
427 665 591 707 abistis
622 664 812 722 eorporis
844 662 978 707 oculis
1005 660 1255 706 abfuissent.
1285 663 1438 707 Vidisti

53 736 166 780 enim
185 736 491 793 Carthaginem
511 750 610 778 cnm
635 733 1032 792 essesslartliagini,
1068 733 1233 792 accepit
1255 734 1439 793 speciem

53 822 130 866 per
151 807 298 850 oeulos
325 808 464 850 anima
500 815 594 862 tna3
628 805 720 849 hoec
743 806 903 864 species
937 804 1158 848 recondita
1187 813 1250 848 est
1280 805 1324 848 in
1347 821 1441 849 me-

53 878 188 922 moria
213 887 301 931 tua,
337 887 378 921 et
401 876 575 920 servasti
595 875 759 936 aliquid
779 876 894 919 intus
925 877 1056 919 homo
1079 875 1195 935 apud
1213 876 1442 936 Cartbagi-

53 963 152 992 nem
177 948 458 1000 constitutus,
485 948 604 1007 quod
639 962 780 1006 posses
804 945 920 1005 apud
954 956 996 990 te
1026 946 1173 990 videre
1191 948 1318 990 etiam
1340 962 1440 991 cum

52 1018 112 1062 ibi
146 1034 234 1063 non
252 1034 374 1062 esses.
400 1021 501 1062 tlaee
524 1017 667 1062 omnia
699 1016 935 1061 forinsecus
959 1017 1173 1076 accepisti.
1197 1020 1320 1060 Pater
1341 1033 1442 1078 quae

53 1089 317 1133 demonstrat
351 1089 486 1143 Filio,
523 1104 611 1131 non
636 1089 802 1146 accepit
833 1090 1095 1132 extrinsecus
1119 1107 1128 1131 :
1153 1087 1268 1130 intus
1299 1097 1441 1133 totum

54 1161 220 1218 agitnr3
241 1161 339 1219 qnia
365 1159 471 1204 niliil
491 1170 786 1203 creaturarum
811 1168 920 1202 esset
945 1160 1233 1213 extrinsecus,
1254 1160 1334 1203 nisi
1358 1160 1440 1204 hoc

54 1235 180 1275 Pater
203 1232 368 1274 fecisset
393 1247 466 1289 per
488 1231 660 1274 Filium.
685 1233 890 1274 Creatura
912 1231 1050 1274 omnis
1072 1247 1093 1273 a
1111 1234 1199 1274 Deo
1220 1231 1329 1275 facta
1348 1240 1439 1288 est3

54 1313 285 1363 antequam
317 1303 436 1346 fieret
460 1318 546 1346 non
571 1311 675 1345 erat.
702 1305 799 1346 Non
821 1317 926 1360 ergo
956 1301 1067 1346 facta
1101 1302 1187 1345 visa
1220 1311 1283 1345 est
1306 1311 1348 1345 et
1371 1317 1439 1345 re·

54 1383 171 1418 tenta
204 1375 476 1427 memoriter,
503 1383 552 1417 ut
574 1389 666 1417 eam
697 1377 823 1417 Pater
851 1373 962 1417 Filio
996 1382 1205 1433 tanquam
1234 1374 1439 1417 memoria

53 1446 300 1503 cogitationi
333 1454 619 1489 monstraret:
643 1445 717 1488 sed
745 1445 982 1489 faciendam
1009 1448 1134 1488 Patet·
1165 1445 1436 1500 monstravit,

53 1517 293 1561 faciendam
316 1515 448 1558 Filius
467 1515 590 1565 vidit,
617 1525 659 1559 et
678 1531 771 1558 eam
798 1519 924 1559 Pater
957 1514 1299 1559 demonstrando
1322 1514 1437 1571 fecit,

16 1603 28 1611 ‘
52 1588 153 1647 quia
174 1602 248 1645 per
274 1585 430 1629 Filium
456 1586 678 1629 videntem
709 1585 822 1630 fecit.
850 1589 903 1629 Et
930 1585 1028 1629 ideo
1051 1601 1224 1629 movere
1252 1601 1344 1629 non
1363 1585 1439 1630 de-

54 1658 143 1711 bet,
170 1658 271 1716 quia
303 1656 467 1699 dictum
492 1665 552 1699 est
573 1692 582 1709 ,
609 1675 627 1697 «
655 1657 741 1700 Nisi
758 1656 876 1716 quod
900 1656 1057 1700 viderit
1081 1660 1248 1700 Patrem
1275 1655 1439 1700 facien-

55 1746 76 1770 »
112 1737 199 1771 tem
223 1747 232 1771 ε
261 1745 280 1767 »
307 1743 395 1770 non
414 1727 578 1770 dictum
605 1736 688 1777 est,
712 1726 1097 1771 demonstrantem.
1123 1730 1201 1770 Per
1219 1728 1301 1771 hoc
1323 1729 1439 1772 enim

52 1798 339 1857 significatum
367 1807 446 1850 est,
473 1796 516 1840 id
545 1812 634 1840 esse
653 1785 768 1840 Patri
805 1797 966 1850 faeere,
1003 1797 1123 1857 quod
1151 1806 1213 1840 est
1237 1797 1440 1842 demons-

52 1879 165 1914 trare
191 1889 199 1913 :
220 1878 268 1912 ut
287 1884 337 1911 ex
362 1869 444 1912 hoc
469 1868 736 1925 intelligatur
766 1884 842 1927 per
864 1868 1021 1912 Filium
1046 1867 1265 1912 videntem
1295 1870 1439 1914 omnia
1490 1911 1492 1913 .

50 1941 207 1985 facere.
234 1942 322 1982 Nec
341 1938 412 1982 illa
432 1938 758 1993 demonstratio,
778 1954 858 1983 nec
879 1937 951 1982 illa
970 1939 1076 1983 visio
1094 1940 1341 1999 temporalis
1356 1949 1434 1985 est.

52 2011 158 2064 Quia
192 2010 306 2053 enim
332 2025 407 2068 per
435 2009 595 2052 Filium
630 2019 730 2053 sunt
753 2010 896 2053 omnia
922 2019 1139 2069 tempora,
1175 2026 1264 2054 non
1286 2011 1439 2071 utique

51 2081 198 2141 aliquo
215 2091 409 2139 tempore
427 2089 600 2138 possent
618 2080 656 2124 ei
677 2081 962 2124 demonstrari
982 2080 1191 2126 facienda.
1212 2081 1279 2126 Sic
1293 2093 1438 2126 autem

52 2151 363 2195 demonstratio
388 2151 522 2194 Patris
547 2149 642 2195 Filii
664 2151 872 2196 visionem
892 2153 1044 2212 gignit,
1066 2152 1438 2213 quemadmodum

51 2225 178 2266 Pater
205 2221 366 2265 Filium
391 2221 540 2278 gignit.
575 2223 894 2266 Demonstratio
915 2224 1078 2282 quippe
1107 2233 1284 2282 generat
1305 2224 1438 2269 visio-

51 2307 167 2345 nem,
194 2307 282 2335 non
307 2291 414 2334 visio
449 2290 878 2336 demonstrationem.
901 2293 1031 2346 Quod
1053 2294 1086 2337 si
1109 2294 1258 2353 purius
1280 2304 1322 2338 et
1340 2310 1440 2355 per-

51 2360 203 2406 fectius
221 2362 381 2405 intueri
405 2360 660 2416 valeremus,
685 2361 862 2406 tortasse
883 2363 1192 2420 inveniremus,
1213 2381 1291 2410 nec
1320 2365 1438 2409 aliud

50 2446 139 2475 esse
169 2435 356 2485 Patrem,
385 2430 503 2475 aliud
532 2432 622 2490 ejus
643 2430 1080 2491 demonstrationem3
1111 2450 1192 2479 nec
1216 2435 1334 2478 aliud
1358 2435 1435 2478 Fi-

49 2500 172 2554 lium,
208 2501 326 2546 aliud
351 2503 441 2562 ejus
474 2501 699 2547 visionem.
727 2504 810 2547 Sed
843 2504 876 2547 si
905 2504 975 2548 vix
1009 2506 1092 2550 hoc
1123 2506 1338 2565 cepimus,
1364 2506 1437 2550 vix

49 2572 261 2632 explicare
293 2574 538 2633 potuimus,
571 2574 796 2633 quomodo
825 2576 1031 2621 memoria
1055 2575 1176 2637 quod
1210 2577 1326 2636 cepit
1357 2591 1435 2621 ex-
