<?xml version="1.0" encoding="UTF-8"?>
<!DOCTYPE html PUBLIC "-//W3C//DTD XHTML 1.0 Transitional//EN"
    "http://www.w3.org/TR/xhtml1/DTD/xhtml1-transitional.dtd">
<html xmlns="http://www.w3.org/1999/xhtml" xml:lang="en" lang="en">
 <head>
  <title>
</title>
<meta http-equiv="Content-Type" content="text/html;charset=utf-8" />
  <meta name='ocr-system' content='tesseract 3.04.00' />
  <meta name='ocr-capabilities' content='ocr_page ocr_carea ocr_par ocr_line ocrx_word'/>
</head>
<body>
  <div class='ocr_page' id='page_1' title='image "./operaomniaaccura15auguuoft_0160.png"; bbox 0 0 1809 3173; ppageno 0'>
   <div class='ocr_carea' id='block_1_1' title="bbox 369 174 1296 215">
    <p class='ocr_par' dir='ltr' id='par_1_1' title="bbox 369 174 1296 215">
     <span class='ocr_line' id='line_1_1' title="bbox 369 174 1296 215; baseline -0.004 0"><span class='ocrx_word' id='word_1_1' title='bbox 369 174 447 215; x_wconf 78' lang='lat'>148</span> <span class='ocrx_word' id='word_1_2' title='bbox 787 182 820 211; x_wconf 83' lang='lat' dir='ltr'>S-</span> <span class='ocrx_word' id='word_1_3' title='bbox 856 181 1084 212; x_wconf 68' lang='lat' dir='ltr'>Aucus&#39;riffl</span> <span class='ocrx_word' id='word_1_4' title='bbox 1119 185 1296 213; x_wconf 70' lang='lat' dir='ltr'>Episcopi</span> 
     </span>
    </p>
   </div>
   <div class='ocr_carea' id='block_1_2' title="bbox 354 246 1809 2498">
    <p class='ocr_par' dir='ltr' id='par_1_2' title="bbox 354 246 1809 2498">
     <span class='ocr_line' id='line_1_2' title="bbox 359 246 1742 309; baseline 0.001 -15"><span class='ocrx_word' id='word_1_5' title='bbox 359 250 492 295; x_wconf 76' lang='lat' dir='ltr'>rai-ios</span> <span class='ocrx_word' id='word_1_6' title='bbox 510 247 680 292; x_wconf 85' lang='lat' dir='ltr'>mittere</span> <span class='ocrx_word' id='word_1_7' title='bbox 702 246 975 308; x_wconf 83' lang='lat' dir='ltr'>disponebat.</span> <span class='ocrx_word' id='word_1_8' title='bbox 990 251 1075 294; x_wconf 92' lang='lat' dir='ltr'>Vos</span> <span class='ocrx_word' id='word_1_9' title='bbox 1095 258 1284 309; x_wconf 86' lang='lat' dir='ltr'>quatuor</span> <span class='ocrx_word' id='word_1_10' title='bbox 1301 264 1467 294; x_wconf 84' lang='lat' dir='ltr'>menses</span> <span class='ocrx_word' id='word_1_11' title='bbox 1481 252 1742 309; x_wconf 79' lang='lat' dir='ltr'>computatis</span> 
     </span>
     <span class='ocr_line' id='line_1_3' title="bbox 360 316 1743 380; baseline 0 -15"><span class='ocrx_word' id='word_1_12' title='bbox 360 334 498 380; x_wconf 89' lang='lat' dir='ltr'>usque</span> <span class='ocrx_word' id='word_1_13' title='bbox 519 316 574 361; x_wconf 89' lang='lat' dir='ltr'>ad</span> <span class='ocrx_word' id='word_1_14' title='bbox 596 331 802 374; x_wconf 85' lang='lat' dir='ltr'><strong>messem,</strong></span> <span class='ocrx_word' id='word_1_15' title='bbox 828 333 908 377; x_wconf 87' lang='lat' dir='ltr'>ego</span> <span class='ocrx_word' id='word_1_16' title='bbox 927 318 1050 363; x_wconf 84' lang='lat' dir='ltr'>vobis</span> <span class='ocrx_word' id='word_1_17' title='bbox 1079 319 1205 363; x_wconf 88' lang='lat' dir='ltr'>aliam</span> <span class='ocrx_word' id='word_1_18' title='bbox 1226 335 1408 365; x_wconf 80' lang='lat' dir='ltr'>messem</span> <span class='ocrx_word' id='word_1_19' title='bbox 1439 320 1579 364; x_wconf 87' lang='lat' dir='ltr'>albam</span> <span class='ocrx_word' id='word_1_20' title='bbox 1604 330 1647 365; x_wconf 82' lang='lat' dir='ltr'>et</span> <span class='ocrx_word' id='word_1_21' title='bbox 1668 337 1743 380; x_wconf 91' lang='lat' dir='ltr'>pa-</span> 
     </span>
     <span class='ocr_line' id='line_1_4' title="bbox 358 388 1739 447; baseline 0.001 -13"><span class='ocrx_word' id='word_1_22' title='bbox 358 400 496 435; x_wconf 88' lang='lat' dir='ltr'>ratam</span> <span class='ocrx_word' id='word_1_23' title='bbox 517 388 714 434; x_wconf 85' lang='lat' dir='ltr'>ostendo.</span> <span class='ocrx_word' id='word_1_24' title='bbox 739 408 759 430; x_wconf 90' lang='lat'>«</span> <span class='ocrx_word' id='word_1_25' title='bbox 784 391 896 433; x_wconf 88' lang='lat' dir='ltr'>Ecce</span> <span class='ocrx_word' id='word_1_26' title='bbox 913 389 1012 434; x_wconf 86' lang='lat' dir='ltr'>dico</span> <span class='ocrx_word' id='word_1_27' title='bbox 1034 390 1155 434; x_wconf 88' lang='lat' dir='ltr'>vobis</span> <span class='ocrx_word' id='word_1_28' title='bbox 1169 425 1179 444; x_wconf 78' lang='lat'><strong>‚</strong></span> <span class='ocrx_word' id='word_1_29' title='bbox 1201 394 1360 437; x_wconf 86' lang='lat' dir='ltr'>Levate</span> <span class='ocrx_word' id='word_1_30' title='bbox 1384 391 1533 436; x_wconf 85' lang='lat' dir='ltr'>oculos</span> <span class='ocrx_word' id='word_1_31' title='bbox 1554 400 1739 447; x_wconf 83' lang='lat' dir='ltr'>vestros,</span> 
     </span>
     <span class='ocr_line' id='line_1_5' title="bbox 361 459 1739 520; baseline 0.001 -18"><span class='ocrx_word' id='word_1_32' title='bbox 361 480 381 503; x_wconf 66' lang='lat' dir='ltr'>n</span> <span class='ocrx_word' id='word_1_33' title='bbox 417 470 461 505; x_wconf 92' lang='lat' dir='ltr'>et</span> <span class='ocrx_word' id='word_1_34' title='bbox 482 459 651 515; x_wconf 77' lang='lat' dir='ltr'>videte⁷</span> <span class='ocrx_word' id='word_1_35' title='bbox 681 459 783 520; x_wconf 90' lang='lat' dir='ltr'>quia</span> <span class='ocrx_word' id='word_1_36' title='bbox 808 461 897 520; x_wconf 79' lang='lat' dir='ltr'>jam</span> <span class='ocrx_word' id='word_1_37' title='bbox 930 459 1041 504; x_wconf 80' lang='lat' dir='ltr'>albae</span> <span class='ocrx_word' id='word_1_38' title='bbox 1069 469 1172 504; x_wconf 85' lang='lat' dir='ltr'>sunt</span> <span class='ocrx_word' id='word_1_39' title='bbox 1208 462 1401 519; x_wconf 83' lang='lat' dir='ltr'>regiones</span> <span class='ocrx_word' id='word_1_40' title='bbox 1423 461 1477 506; x_wconf 91' lang='lat' dir='ltr'>ad</span> <span class='ocrx_word' id='word_1_41' title='bbox 1498 477 1695 506; x_wconf 87' lang='lat' dir='ltr'>messem.</span> <span class='ocrx_word' id='word_1_42' title='bbox 1719 480 1739 503; x_wconf 68' lang='grc' dir='ltr'>υ</span> 
     </span>
     <span class='ocr_line' id='line_1_6' title="bbox 358 530 1744 592; baseline -0.001 -14"><span class='ocrx_word' id='word_1_43' title='bbox 358 535 474 592; x_wconf 81' lang='lat' dir='ltr'>Ergo</span> <span class='ocrx_word' id='word_1_44' title='bbox 490 545 697 576; x_wconf 84' lang='lat' dir='ltr'>messores</span> <span class='ocrx_word' id='word_1_45' title='bbox 719 530 925 575; x_wconf 89' lang='lat' dir='ltr'>missurus</span> <span class='ocrx_word' id='word_1_46' title='bbox 943 539 1020 574; x_wconf 89' lang='lat' dir='ltr'>est.</span> <span class='ocrx_word' id='word_1_47' title='bbox 1037 548 1057 572; x_wconf 93' lang='lat'>«</span> <span class='ocrx_word' id='word_1_48' title='bbox 1078 532 1129 573; x_wconf 92' lang='lat' dir='ltr'>In</span> <span class='ocrx_word' id='word_1_49' title='bbox 1145 531 1228 575; x_wconf 87' lang='lat' dir='ltr'>hoc</span> <span class='ocrx_word' id='word_1_50' title='bbox 1249 532 1363 575; x_wconf 90' lang='lat' dir='ltr'>enim</span> <span class='ocrx_word' id='word_1_51' title='bbox 1382 541 1445 576; x_wconf 91' lang='lat' dir='ltr'>est</span> <span class='ocrx_word' id='word_1_52' title='bbox 1464 533 1649 576; x_wconf 83' lang='lat' dir='ltr'>verbum</span> <span class='ocrx_word' id='word_1_53' title='bbox 1670 548 1744 576; x_wconf 90' lang='lat' dir='ltr'>ve-</span> 
     </span>
     <span class='ocr_line' id='line_1_7' title="bbox 360 601 1744 662; baseline 0.001 -17"><span class='ocrx_word' id='word_1_54' title='bbox 360 622 381 645; x_wconf 87' lang='lat'>»</span> <span class='ocrx_word' id='word_1_55' title='bbox 416 617 513 647; x_wconf 88' lang='lat' dir='ltr'>rum</span> <span class='ocrx_word' id='word_1_56' title='bbox 528 637 539 657; x_wconf 79' lang='grc'>,</span> <span class='ocrx_word' id='word_1_57' title='bbox 565 601 667 662; x_wconf 89' lang='lat' dir='ltr'>quia</span> <span class='ocrx_word' id='word_1_58' title='bbox 685 601 793 646; x_wconf 90' lang='lat' dir='ltr'>alius</span> <span class='ocrx_word' id='word_1_59' title='bbox 815 611 879 646; x_wconf 89' lang='lat' dir='ltr'>est</span> <span class='ocrx_word' id='word_1_60' title='bbox 899 602 974 661; x_wconf 86' lang='lat' dir='ltr'>qui</span> <span class='ocrx_word' id='word_1_61' title='bbox 996 602 1147 656; x_wconf 84' lang='lat' dir='ltr'>metit,</span> <span class='ocrx_word' id='word_1_62' title='bbox 1173 601 1279 646; x_wconf 88' lang='lat' dir='ltr'>alius</span> <span class='ocrx_word' id='word_1_63' title='bbox 1301 602 1376 662; x_wconf 87' lang='lat' dir='ltr'>qui</span> <span class='ocrx_word' id='word_1_64' title='bbox 1393 603 1575 647; x_wconf 86' lang='lat' dir='ltr'>seminat</span> <span class='ocrx_word' id='word_1_65' title='bbox 1596 621 1604 648; x_wconf 75' lang='grc' dir='ltr'><strong><em>ε</em></strong></span> <span class='ocrx_word' id='word_1_66' title='bbox 1631 612 1681 647; x_wconf 91' lang='lat' dir='ltr'>ut</span> <span class='ocrx_word' id='word_1_67' title='bbox 1702 613 1744 647; x_wconf 89' lang='lat' dir='ltr'>et</span> 
     </span>
     <span class='ocr_line' id='line_1_8' title="bbox 357 670 1741 734; baseline 0.001 -19"><span class='ocrx_word' id='word_1_68' title='bbox 357 692 378 715; x_wconf 89' lang='lat'>»</span> <span class='ocrx_word' id='word_1_69' title='bbox 413 673 489 734; x_wconf 83' lang='lat' dir='ltr'>qui</span> <span class='ocrx_word' id='word_1_70' title='bbox 506 672 689 717; x_wconf 88' lang='lat' dir='ltr'>seminat</span> <span class='ocrx_word' id='word_1_71' title='bbox 716 671 844 715; x_wconf 88' lang='lat' dir='ltr'>simul</span> <span class='ocrx_word' id='word_1_72' title='bbox 873 670 1059 730; x_wconf 85' lang='lat' dir='ltr'>gaudeat</span> <span class='ocrx_word' id='word_1_73' title='bbox 1080 681 1123 715; x_wconf 92' lang='lat' dir='ltr'>et</span> <span class='ocrx_word' id='word_1_74' title='bbox 1155 672 1231 731; x_wconf 90' lang='lat' dir='ltr'>qui</span> <span class='ocrx_word' id='word_1_75' title='bbox 1261 673 1399 716; x_wconf 89' lang='lat' dir='ltr'>metit.</span> <span class='ocrx_word' id='word_1_76' title='bbox 1425 676 1518 732; x_wconf 87' lang='lat' dir='ltr'>Ego</span> <span class='ocrx_word' id='word_1_77' title='bbox 1543 673 1637 717; x_wconf 89' lang='lat' dir='ltr'>misi</span> <span class='ocrx_word' id='word_1_78' title='bbox 1667 688 1741 718; x_wconf 86' lang='lat' dir='ltr'>vos</span> 
     </span>
     <span class='ocr_line' id='line_1_9' title="bbox 358 740 1745 804; baseline 0.001 -17"><span class='ocrx_word' id='word_1_79' title='bbox 358 764 378 788; x_wconf 90' lang='lat'>»</span> <span class='ocrx_word' id='word_1_80' title='bbox 413 754 574 789; x_wconf 89' lang='lat' dir='ltr'>metere</span> <span class='ocrx_word' id='word_1_81' title='bbox 594 779 604 800; x_wconf 88' lang='lat'>‚</span> <span class='ocrx_word' id='word_1_82' title='bbox 622 743 743 804; x_wconf 90' lang='lat' dir='ltr'>quod</span> <span class='ocrx_word' id='word_1_83' title='bbox 756 758 832 787; x_wconf 87' lang='lat' dir='ltr'>vos</span> <span class='ocrx_word' id='word_1_84' title='bbox 854 757 944 787; x_wconf 90' lang='lat' dir='ltr'>non</span> <span class='ocrx_word' id='word_1_85' title='bbox 967 740 1194 786; x_wconf 86' lang='lat' dir='ltr'>laborastis</span> <span class='ocrx_word' id='word_1_86' title='bbox 1214 762 1222 787; x_wconf 87' lang='grc'>;</span> <span class='ocrx_word' id='word_1_87' title='bbox 1245 743 1315 786; x_wconf 90' lang='lat' dir='ltr'>alii</span> <span class='ocrx_word' id='word_1_88' title='bbox 1336 742 1674 799; x_wconf 88' lang='lat' dir='ltr'>laboraverunt,</span> <span class='ocrx_word' id='word_1_89' title='bbox 1702 753 1745 788; x_wconf 76' lang='lat' dir='ltr'>et</span> 
     </span>
     <span class='ocr_line' id='line_1_10' title="bbox 356 813 1808 873; baseline 0.001 -15"><span class='ocrx_word' id='word_1_90' title='bbox 356 836 376 858; x_wconf 88' lang='lat'>»</span> <span class='ocrx_word' id='word_1_91' title='bbox 412 832 487 861; x_wconf 91' lang='lat' dir='ltr'>vos</span> <span class='ocrx_word' id='word_1_92' title='bbox 506 816 550 860; x_wconf 93' lang='lat' dir='ltr'>in</span> <span class='ocrx_word' id='word_1_93' title='bbox 562 815 757 859; x_wconf 90' lang='lat' dir='ltr'>laborem</span> <span class='ocrx_word' id='word_1_94' title='bbox 769 829 921 858; x_wconf 92' lang='lat' dir='ltr'>eorum</span> <span class='ocrx_word' id='word_1_95' title='bbox 943 813 1150 858; x_wconf 84' lang='lat' dir='ltr'>introistis</span> <span class='ocrx_word' id='word_1_96' title='bbox 1169 816 1197 856; x_wconf 76' lang='lat'>1.</span> <span class='ocrx_word' id='word_1_97' title='bbox 1221 832 1240 854; x_wconf 73' lang='lat' dir='ltr'>n</span> <span class='ocrx_word' id='word_1_98' title='bbox 1259 813 1369 866; x_wconf 82' lang='lat' dir='ltr'>Quid</span> <span class='ocrx_word' id='word_1_99' title='bbox 1387 830 1491 873; x_wconf 83' lang='lat' dir='ltr'>ergo</span> <span class='ocrx_word' id='word_1_100' title='bbox 1511 850 1523 870; x_wconf 87' lang='lat'>‚</span> <span class='ocrx_word' id='word_1_101' title='bbox 1538 830 1744 859; x_wconf 82' lang='lat' dir='ltr'>messores</span> <span class='ocrx_word' id='word_1_102' title='bbox 1806 843 1808 845; x_wconf 60' lang='lat'>&gt;</span> 
     </span>
     <span class='ocr_line' id='line_1_11' title="bbox 354 884 1807 944; baseline -0.002 -13"><span class='ocrx_word' id='word_1_103' title='bbox 354 887 497 942; x_wconf 84' lang='lat' dir='ltr'>misit,</span> <span class='ocrx_word' id='word_1_104' title='bbox 518 901 608 929; x_wconf 90' lang='lat' dir='ltr'>non</span> <span class='ocrx_word' id='word_1_105' title='bbox 633 885 911 929; x_wconf 83' lang='lat' dir='ltr'>seminatores</span> <span class='ocrx_word' id='word_1_106' title='bbox 925 886 942 925; x_wconf 76' lang='lat'>‘3</span> <span class='ocrx_word' id='word_1_107' title='bbox 958 888 1052 936; x_wconf 86' lang='lat' dir='ltr'>Quo</span> <span class='ocrx_word' id='word_1_108' title='bbox 1079 886 1314 928; x_wconf 77' lang='lat' dir='ltr'>messores?</span> <span class='ocrx_word' id='word_1_109' title='bbox 1329 884 1405 927; x_wconf 87' lang='lat' dir='ltr'>ubi</span> <span class='ocrx_word' id='word_1_110' title='bbox 1423 885 1513 944; x_wconf 88' lang='lat' dir='ltr'>jam</span> <span class='ocrx_word' id='word_1_111' title='bbox 1534 885 1605 928; x_wconf 89' lang='lat' dir='ltr'>alii</span> <span class='ocrx_word' id='word_1_112' title='bbox 1628 884 1744 929; x_wconf 89' lang='lat' dir='ltr'>labo·</span> <span class='ocrx_word' id='word_1_113' title='bbox 1806 891 1807 894; x_wconf 76' lang='grc'>’</span> 
     </span>
     <span class='ocr_line' id='line_1_12' title="bbox 354 953 1744 1015; baseline -0.001 -15"><span class='ocrx_word' id='word_1_114' title='bbox 354 964 573 1000; x_wconf 73' lang='lat' dir='ltr'>ravel-unt.</span> <span class='ocrx_word' id='word_1_115' title='bbox 590 957 698 1000; x_wconf 84' lang='lat' dir='ltr'>Nam</span> <span class='ocrx_word' id='word_1_116' title='bbox 720 955 797 998; x_wconf 89' lang='lat' dir='ltr'>ubi</span> <span class='ocrx_word' id='word_1_117' title='bbox 809 956 900 1015; x_wconf 83' lang='lat' dir='ltr'>jam</span> <span class='ocrx_word' id='word_1_118' title='bbox 915 953 1162 998; x_wconf 89' lang='lat' dir='ltr'>laboratum</span> <span class='ocrx_word' id='word_1_119' title='bbox 1178 963 1269 997; x_wconf 85' lang='lat' dir='ltr'>erat</span> <span class='ocrx_word' id='word_1_120' title='bbox 1286 989 1297 1009; x_wconf 74' lang='lat'>,</span> <span class='ocrx_word' id='word_1_121' title='bbox 1313 953 1465 1014; x_wconf 89' lang='lat' dir='ltr'>utique</span> <span class='ocrx_word' id='word_1_122' title='bbox 1487 955 1744 998; x_wconf 86' lang='lat' dir='ltr'>seminatum</span> 
     </span>
     <span class='ocr_line' id='line_1_13' title="bbox 355 1024 1740 1087; baseline -0.001 -15"><span class='ocrx_word' id='word_1_123' title='bbox 355 1036 468 1072; x_wconf 82' lang='lat' dir='ltr'>erat:</span> <span class='ocrx_word' id='word_1_124' title='bbox 492 1036 535 1071; x_wconf 89' lang='lat' dir='ltr'>et</span> <span class='ocrx_word' id='word_1_125' title='bbox 549 1027 669 1087; x_wconf 90' lang='lat' dir='ltr'>quod</span> <span class='ocrx_word' id='word_1_126' title='bbox 681 1027 941 1070; x_wconf 85' lang='lat' dir='ltr'>seminatum</span> <span class='ocrx_word' id='word_1_127' title='bbox 962 1035 1077 1080; x_wconf 82' lang='lat' dir='ltr'>erat,</span> <span class='ocrx_word' id='word_1_128' title='bbox 1094 1026 1184 1085; x_wconf 85' lang='lat' dir='ltr'>jam</span> <span class='ocrx_word' id='word_1_129' title='bbox 1205 1034 1426 1069; x_wconf 87' lang='lat' dir='ltr'>maturum</span> <span class='ocrx_word' id='word_1_130' title='bbox 1447 1034 1537 1069; x_wconf 82' lang='lat' dir='ltr'>erat</span> <span class='ocrx_word' id='word_1_131' title='bbox 1561 1024 1740 1081; x_wconf 73' lang='lat' dir='ltr'>iactum,</span> 
     </span>
     <span class='ocr_line' id='line_1_14' title="bbox 355 1096 1744 1155; baseline -0.001 -12"><span class='ocrx_word' id='word_1_132' title='bbox 355 1098 511 1143; x_wconf 79' lang='lat' dir='ltr'>falcem</span> <span class='ocrx_word' id='word_1_133' title='bbox 539 1107 582 1141; x_wconf 90' lang='lat' dir='ltr'>et</span> <span class='ocrx_word' id='word_1_134' title='bbox 604 1097 804 1141; x_wconf 87' lang='lat' dir='ltr'>trituram</span> <span class='ocrx_word' id='word_1_135' title='bbox 831 1096 1118 1141; x_wconf 86' lang='lat' dir='ltr'>desiderabat.</span> <span class='ocrx_word' id='word_1_136' title='bbox 1143 1099 1201 1149; x_wconf 62' lang='grc' dir='ltr'>Ως,</span> <span class='ocrx_word' id='word_1_137' title='bbox 1217 1112 1242 1140; x_wconf 95' lang='lat' dir='ltr'>o</span> <span class='ocrx_word' id='word_1_138' title='bbox 1262 1112 1364 1155; x_wconf 85' lang='lat' dir='ltr'>ergo</span> <span class='ocrx_word' id='word_1_139' title='bbox 1396 1105 1519 1140; x_wconf 87' lang='lat' dir='ltr'>erant</span> <span class='ocrx_word' id='word_1_140' title='bbox 1539 1112 1744 1141; x_wconf 70' lang='lat' dir='ltr'>messores</span> 
     </span>
     <span class='ocr_line' id='line_1_15' title="bbox 355 1167 1746 1229; baseline -0.002 -14"><span class='ocrx_word' id='word_1_141' title='bbox 355 1168 680 1216; x_wconf 79' lang='lat' dir='ltr'>mittendiPubi</span> <span class='ocrx_word' id='word_1_142' title='bbox 700 1170 789 1229; x_wconf 88' lang='lat' dir='ltr'>jam</span> <span class='ocrx_word' id='word_1_143' title='bbox 815 1170 1043 1228; x_wconf 85' lang='lat' dir='ltr'>Prophetae</span> <span class='ocrx_word' id='word_1_144' title='bbox 1061 1167 1401 1227; x_wconf 78' lang='lat' dir='ltr'>praedicaverant</span> <span class='ocrx_word' id='word_1_145' title='bbox 1419 1189 1429 1225; x_wconf 76' lang='lat'>3</span> <span class='ocrx_word' id='word_1_146' title='bbox 1451 1168 1531 1228; x_wconf 89' lang='lat' dir='ltr'>ipsi</span> <span class='ocrx_word' id='word_1_147' title='bbox 1548 1169 1661 1212; x_wconf 90' lang='lat' dir='ltr'>enim</span> <span class='ocrx_word' id='word_1_148' title='bbox 1681 1184 1746 1212; x_wconf 81' lang='lat' dir='ltr'>sc-</span> 
     </span>
     <span class='ocr_line' id='line_1_16' title="bbox 355 1238 1746 1299; baseline -0.002 -13"><span class='ocrx_word' id='word_1_149' title='bbox 355 1242 603 1286; x_wconf 88' lang='lat' dir='ltr'>minatores.</span> <span class='ocrx_word' id='word_1_150' title='bbox 623 1243 731 1286; x_wconf 90' lang='lat' dir='ltr'>Nam</span> <span class='ocrx_word' id='word_1_151' title='bbox 743 1240 776 1284; x_wconf 91' lang='lat' dir='ltr'>si</span> <span class='ocrx_word' id='word_1_152' title='bbox 791 1240 870 1299; x_wconf 90' lang='lat' dir='ltr'>ipsi</span> <span class='ocrx_word' id='word_1_153' title='bbox 884 1255 974 1284; x_wconf 88' lang='lat' dir='ltr'>non</span> <span class='ocrx_word' id='word_1_154' title='bbox 988 1240 1265 1284; x_wconf 82' lang='lat' dir='ltr'>seminatores</span> <span class='ocrx_word' id='word_1_155' title='bbox 1277 1275 1287 1294; x_wconf 82' lang='lat'>‚</span> <span class='ocrx_word' id='word_1_156' title='bbox 1304 1239 1423 1283; x_wconf 86' lang='lat' dir='ltr'>unde</span> <span class='ocrx_word' id='word_1_157' title='bbox 1441 1239 1495 1283; x_wconf 86' lang='lat' dir='ltr'>ad</span> <span class='ocrx_word' id='word_1_158' title='bbox 1508 1238 1622 1283; x_wconf 89' lang='lat' dir='ltr'>illam</span> <span class='ocrx_word' id='word_1_159' title='bbox 1648 1255 1746 1283; x_wconf 93' lang='lat' dir='ltr'>mu-</span> 
     </span>
     <span class='ocr_line' id='line_1_17' title="bbox 354 1310 1746 1372; baseline -0.003 -14"><span class='ocrx_word' id='word_1_160' title='bbox 354 1312 504 1358; x_wconf 85' lang='lat' dir='ltr'>lierem</span> <span class='ocrx_word' id='word_1_161' title='bbox 524 1320 781 1372; x_wconf 87' lang='lat' dir='ltr'>pervenerat</span> <span class='ocrx_word' id='word_1_162' title='bbox 795 1346 806 1367; x_wconf 82' lang='lat'>‚</span> <span class='ocrx_word' id='word_1_163' title='bbox 839 1330 860 1353; x_wconf 85' lang='lat'>«</span> <span class='ocrx_word' id='word_1_164' title='bbox 884 1312 979 1356; x_wconf 89' lang='lat' dir='ltr'>Scio</span> <span class='ocrx_word' id='word_1_165' title='bbox 1000 1311 1103 1371; x_wconf 89' lang='lat' dir='ltr'>quia</span> <span class='ocrx_word' id='word_1_166' title='bbox 1124 1311 1298 1354; x_wconf 82' lang='lat' dir='ltr'>Messias</span> <span class='ocrx_word' id='word_1_167' title='bbox 1316 1311 1492 1354; x_wconf 81' lang='lat' dir='ltr'>veniet?</span> <span class='ocrx_word' id='word_1_168' title='bbox 1514 1328 1533 1350; x_wconf 86' lang='lat'>»</span> <span class='ocrx_word' id='word_1_169' title='bbox 1547 1312 1643 1354; x_wconf 91' lang='lat' dir='ltr'>Jam</span> <span class='ocrx_word' id='word_1_170' title='bbox 1667 1310 1746 1354; x_wconf 86' lang='lat' dir='ltr'>ista</span> 
     </span>
     <span class='ocr_line' id='line_1_18' title="bbox 355 1379 1746 1437; baseline -0.004 -9"><span class='ocrx_word' id='word_1_171' title='bbox 355 1383 513 1428; x_wconf 91' lang='lat' dir='ltr'>mulier</span> <span class='ocrx_word' id='word_1_172' title='bbox 532 1382 700 1427; x_wconf 85' lang='lat' dir='ltr'>fructus</span> <span class='ocrx_word' id='word_1_173' title='bbox 721 1390 916 1426; x_wconf 86' lang='lat' dir='ltr'>maturus</span> <span class='ocrx_word' id='word_1_174' title='bbox 931 1390 1023 1425; x_wconf 88' lang='lat' dir='ltr'>erat</span> <span class='ocrx_word' id='word_1_175' title='bbox 1040 1416 1050 1437; x_wconf 87' lang='lat'>‚</span> <span class='ocrx_word' id='word_1_176' title='bbox 1069 1390 1112 1425; x_wconf 90' lang='lat' dir='ltr'>et</span> <span class='ocrx_word' id='word_1_177' title='bbox 1137 1390 1260 1424; x_wconf 84' lang='lat' dir='ltr'>erant</span> <span class='ocrx_word' id='word_1_178' title='bbox 1277 1380 1388 1424; x_wconf 84' lang='lat' dir='ltr'>albae</span> <span class='ocrx_word' id='word_1_179' title='bbox 1403 1394 1559 1424; x_wconf 90' lang='lat' dir='ltr'>messes</span> <span class='ocrx_word' id='word_1_180' title='bbox 1574 1414 1585 1435; x_wconf 83' lang='grc'>,</span> <span class='ocrx_word' id='word_1_181' title='bbox 1603 1389 1646 1423; x_wconf 91' lang='lat' dir='ltr'>et</span> <span class='ocrx_word' id='word_1_182' title='bbox 1663 1379 1746 1423; x_wconf 82' lang='lat' dir='ltr'>fal-</span> 
     </span>
     <span class='ocr_line' id='line_1_19' title="bbox 355 1450 1744 1515; baseline -0.004 -15"><span class='ocrx_word' id='word_1_183' title='bbox 355 1470 451 1500; x_wconf 90' lang='lat' dir='ltr'>cem</span> <span class='ocrx_word' id='word_1_184' title='bbox 478 1455 751 1515; x_wconf 86' lang='lat' dir='ltr'>quaerebant.</span> <span class='ocrx_word' id='word_1_185' title='bbox 776 1472 798 1496; x_wconf 89' lang='lat'>«</span> <span class='ocrx_word' id='word_1_186' title='bbox 824 1453 921 1497; x_wconf 84' lang='lat' dir='ltr'>Misi</span> <span class='ocrx_word' id='word_1_187' title='bbox 948 1468 1024 1497; x_wconf 91' lang='lat' dir='ltr'>vos</span> <span class='ocrx_word' id='word_1_188' title='bbox 1049 1470 1069 1493; x_wconf 85' lang='lat'>»</span> <span class='ocrx_word' id='word_1_189' title='bbox 1103 1467 1226 1510; x_wconf 83' lang='lat' dir='ltr'>ergo:</span> <span class='ocrx_word' id='word_1_190' title='bbox 1247 1454 1374 1504; x_wconf 75' lang='lat' dir='ltr'>Quo?</span> <span class='ocrx_word' id='word_1_191' title='bbox 1397 1471 1416 1492; x_wconf 92' lang='lat'>«</span> <span class='ocrx_word' id='word_1_192' title='bbox 1442 1461 1603 1495; x_wconf 84' lang='lat' dir='ltr'>metere</span> <span class='ocrx_word' id='word_1_193' title='bbox 1626 1450 1744 1511; x_wconf 87' lang='lat' dir='ltr'>quod</span> 
     </span>
     <span class='ocr_line' id='line_1_20' title="bbox 358 1521 1744 1587; baseline -0.004 -17"><span class='ocrx_word' id='word_1_194' title='bbox 358 1545 379 1570; x_wconf 88' lang='lat'>»</span> <span class='ocrx_word' id='word_1_195' title='bbox 416 1541 507 1570; x_wconf 92' lang='lat' dir='ltr'>non</span> <span class='ocrx_word' id='word_1_196' title='bbox 524 1525 762 1587; x_wconf 83' lang='lat' dir='ltr'>seminastis</span> <span class='ocrx_word' id='word_1_197' title='bbox 780 1543 788 1569; x_wconf 73' lang='grc' dir='ltr'>ε</span> <span class='ocrx_word' id='word_1_198' title='bbox 806 1524 876 1568; x_wconf 89' lang='lat' dir='ltr'>alii</span> <span class='ocrx_word' id='word_1_199' title='bbox 897 1524 1244 1578; x_wconf 74' lang='lat' dir='ltr'>seminaverunt,</span> <span class='ocrx_word' id='word_1_200' title='bbox 1262 1533 1305 1567; x_wconf 90' lang='lat' dir='ltr'>et</span> <span class='ocrx_word' id='word_1_201' title='bbox 1321 1538 1395 1567; x_wconf 88' lang='lat' dir='ltr'>vos</span> <span class='ocrx_word' id='word_1_202' title='bbox 1422 1524 1464 1566; x_wconf 88' lang='lat' dir='ltr'>in</span> <span class='ocrx_word' id='word_1_203' title='bbox 1488 1521 1654 1566; x_wconf 88' lang='lat' dir='ltr'>labores</span> <span class='ocrx_word' id='word_1_204' title='bbox 1670 1537 1744 1565; x_wconf 92' lang='lat' dir='ltr'>eo-</span> 
     </span>
     <span class='ocr_line' id='line_1_21' title="bbox 359 1594 1742 1654; baseline -0.001 -14"><span class='ocrx_word' id='word_1_205' title='bbox 359 1617 380 1640; x_wconf 91' lang='lat'>»</span> <span class='ocrx_word' id='word_1_206' title='bbox 416 1612 514 1641; x_wconf 86' lang='lat' dir='ltr'>rum</span> <span class='ocrx_word' id='word_1_207' title='bbox 529 1596 750 1641; x_wconf 88' lang='lat' dir='ltr'>introistis.</span> <span class='ocrx_word' id='word_1_208' title='bbox 766 1614 785 1637; x_wconf 89' lang='lat'>»</span> <span class='ocrx_word' id='word_1_209' title='bbox 805 1596 889 1649; x_wconf 88' lang='lat' dir='ltr'>Qui</span> <span class='ocrx_word' id='word_1_210' title='bbox 901 1595 1209 1639; x_wconf 84' lang='lat' dir='ltr'>laboraverunt</span> <span class='ocrx_word' id='word_1_211' title='bbox 1221 1597 1238 1636; x_wconf 72' lang='lat'>‘3</span> <span class='ocrx_word' id='word_1_212' title='bbox 1252 1595 1341 1654; x_wconf 88' lang='lat' dir='ltr'>ipse</span> <span class='ocrx_word' id='word_1_213' title='bbox 1356 1594 1594 1649; x_wconf 86' lang='lat' dir='ltr'>Abraham,</span> <span class='ocrx_word' id='word_1_214' title='bbox 1610 1597 1742 1649; x_wconf 80' lang='lat' dir='ltr'>Isaac,</span> 
     </span>
     <span class='ocr_line' id='line_1_22' title="bbox 359 1664 1746 1726; baseline -0.004 -13"><span class='ocrx_word' id='word_1_215' title='bbox 359 1677 403 1713; x_wconf 90' lang='lat' dir='ltr'>et</span> <span class='ocrx_word' id='word_1_216' title='bbox 417 1667 568 1712; x_wconf 86' lang='lat' dir='ltr'>Jacob.</span> <span class='ocrx_word' id='word_1_217' title='bbox 590 1666 739 1726; x_wconf 83' lang='lat' dir='ltr'>Legite</span> <span class='ocrx_word' id='word_1_218' title='bbox 752 1666 921 1710; x_wconf 89' lang='lat' dir='ltr'>labores</span> <span class='ocrx_word' id='word_1_219' title='bbox 939 1679 1091 1710; x_wconf 85' lang='lat' dir='ltr'>eorum</span> <span class='ocrx_word' id='word_1_220' title='bbox 1111 1683 1118 1709; x_wconf 92' lang='lat'>:</span> <span class='ocrx_word' id='word_1_221' title='bbox 1135 1665 1180 1708; x_wconf 88' lang='lat' dir='ltr'>in</span> <span class='ocrx_word' id='word_1_222' title='bbox 1205 1665 1407 1709; x_wconf 91' lang='lat' dir='ltr'>omnibus</span> <span class='ocrx_word' id='word_1_223' title='bbox 1423 1664 1646 1709; x_wconf 87' lang='lat' dir='ltr'>laboribus</span> <span class='ocrx_word' id='word_1_224' title='bbox 1673 1679 1746 1708; x_wconf 92' lang='lat' dir='ltr'>eo-</span> 
     </span>
     <span class='ocr_line' id='line_1_23' title="bbox 357 1734 1809 1799; baseline -0.004 -15"><span class='ocrx_word' id='word_1_225' title='bbox 357 1755 455 1784; x_wconf 90' lang='lat' dir='ltr'>rum</span> <span class='ocrx_word' id='word_1_226' title='bbox 469 1737 697 1799; x_wconf 87' lang='lat' dir='ltr'>prophetia</span> <span class='ocrx_word' id='word_1_227' title='bbox 715 1736 875 1781; x_wconf 84' lang='lat' dir='ltr'>Christi</span> <span class='ocrx_word' id='word_1_228' title='bbox 894 1757 905 1793; x_wconf 77' lang='lat'><em>3</em></span> <span class='ocrx_word' id='word_1_229' title='bbox 921 1745 964 1779; x_wconf 88' lang='lat' dir='ltr'>et</span> <span class='ocrx_word' id='word_1_230' title='bbox 978 1735 1076 1780; x_wconf 90' lang='lat' dir='ltr'>ideo</span> <span class='ocrx_word' id='word_1_231' title='bbox 1091 1734 1386 1779; x_wconf 88' lang='lat' dir='ltr'>seminatores.</span> <span class='ocrx_word' id='word_1_232' title='bbox 1404 1737 1574 1792; x_wconf 86' lang='lat' dir='ltr'>Moyses</span> <span class='ocrx_word' id='word_1_233' title='bbox 1597 1743 1640 1778; x_wconf 92' lang='lat' dir='ltr'>et</span> <span class='ocrx_word' id='word_1_234' title='bbox 1659 1749 1745 1778; x_wconf 86' lang='lat' dir='ltr'>cae-</span> <span class='ocrx_word' id='word_1_235' title='bbox 1807 1737 1809 1741; x_wconf 86' lang='grc'><strong>’</strong></span> 
     </span>
     <span class='ocr_line' id='line_1_24' title="bbox 362 1804 1746 1865; baseline -0.004 -11"><span class='ocrx_word' id='word_1_236' title='bbox 362 1810 439 1855; x_wconf 89' lang='lat' dir='ltr'>teri</span> <span class='ocrx_word' id='word_1_237' title='bbox 465 1807 725 1853; x_wconf 87' lang='lat' dir='ltr'>Patriarchae</span> <span class='ocrx_word' id='word_1_238' title='bbox 751 1815 795 1850; x_wconf 91' lang='lat' dir='ltr'>et</span> <span class='ocrx_word' id='word_1_239' title='bbox 821 1821 970 1850; x_wconf 89' lang='lat' dir='ltr'>omnes</span> <span class='ocrx_word' id='word_1_240' title='bbox 990 1806 1248 1864; x_wconf 78' lang='lat' dir='ltr'>Prophetae,</span> <span class='ocrx_word' id='word_1_241' title='bbox 1279 1814 1443 1865; x_wconf 88' lang='lat' dir='ltr'>quanta</span> <span class='ocrx_word' id='word_1_242' title='bbox 1467 1804 1746 1864; x_wconf 89' lang='lat' dir='ltr'>pertulerunt</span> 
     </span>
     <span class='ocr_line' id='line_1_25' title="bbox 360 1875 1748 1938; baseline -0.006 -12"><span class='ocrx_word' id='word_1_243' title='bbox 360 1882 405 1926; x_wconf 89' lang='lat' dir='ltr'>in</span> <span class='ocrx_word' id='word_1_244' title='bbox 438 1879 513 1925; x_wconf 87' lang='lat' dir='ltr'>illo</span> <span class='ocrx_word' id='word_1_245' title='bbox 537 1878 697 1938; x_wconf 80' lang='lat' dir='ltr'>frigore</span> <span class='ocrx_word' id='word_1_246' title='bbox 727 1877 905 1938; x_wconf 88' lang='lat' dir='ltr'>quando</span> <span class='ocrx_word' id='word_1_247' title='bbox 937 1875 1243 1920; x_wconf 77' lang='lat' dir='ltr'>seminabant?</span> <span class='ocrx_word' id='word_1_248' title='bbox 1268 1878 1382 1933; x_wconf 83' lang='lat' dir='ltr'>Ergo</span> <span class='ocrx_word' id='word_1_249' title='bbox 1402 1876 1491 1935; x_wconf 85' lang='lat' dir='ltr'>jam</span> <span class='ocrx_word' id='word_1_250' title='bbox 1516 1875 1561 1918; x_wconf 94' lang='lat' dir='ltr'>in</span> <span class='ocrx_word' id='word_1_251' title='bbox 1594 1875 1748 1918; x_wconf 76' lang='lat' dir='ltr'>Judaea</span> 
     </span>
     <span class='ocr_line' id='line_1_26' title="bbox 361 1946 1744 2012; baseline -0.007 -14"><span class='ocrx_word' id='word_1_252' title='bbox 361 1952 508 1998; x_wconf 90' lang='lat' dir='ltr'>messis</span> <span class='ocrx_word' id='word_1_253' title='bbox 522 1960 672 2012; x_wconf 87' lang='lat' dir='ltr'>parata</span> <span class='ocrx_word' id='word_1_254' title='bbox 689 1958 794 1994; x_wconf 87' lang='lat' dir='ltr'>erat.</span> <span class='ocrx_word' id='word_1_255' title='bbox 811 1949 967 1994; x_wconf 87' lang='lat' dir='ltr'>Merito</span> <span class='ocrx_word' id='word_1_256' title='bbox 988 1947 1049 1991; x_wconf 88' lang='lat' dir='ltr'>ibi</span> <span class='ocrx_word' id='word_1_257' title='bbox 1068 1956 1275 2006; x_wconf 87' lang='lat' dir='ltr'>tanquam</span> <span class='ocrx_word' id='word_1_258' title='bbox 1301 1955 1471 1990; x_wconf 87' lang='lat' dir='ltr'>matura</span> <span class='ocrx_word' id='word_1_259' title='bbox 1500 1961 1616 2005; x_wconf 83' lang='lat' dir='ltr'>seges</span> <span class='ocrx_word' id='word_1_260' title='bbox 1634 1946 1719 1990; x_wconf 86' lang='lat' dir='ltr'>fuit</span> <span class='ocrx_word' id='word_1_261' title='bbox 1733 1981 1744 2002; x_wconf 87' lang='lat'>‚</span> 
     </span>
     <span class='ocr_line' id='line_1_27' title="bbox 362 2017 1746 2084; baseline -0.007 -15"><span class='ocrx_word' id='word_1_262' title='bbox 362 2024 540 2084; x_wconf 82' lang='lat' dir='ltr'>quando</span> <span class='ocrx_word' id='word_1_263' title='bbox 558 2031 623 2067; x_wconf 90' lang='lat' dir='ltr'>tot</span> <span class='ocrx_word' id='word_1_264' title='bbox 640 2021 869 2065; x_wconf 88' lang='lat' dir='ltr'>hominum</span> <span class='ocrx_word' id='word_1_265' title='bbox 892 2017 1029 2063; x_wconf 88' lang='lat' dir='ltr'>millia</span> <span class='ocrx_word' id='word_1_266' title='bbox 1048 2018 1187 2077; x_wconf 86' lang='lat' dir='ltr'>pretia</span> <span class='ocrx_word' id='word_1_267' title='bbox 1210 2032 1354 2061; x_wconf 88' lang='lat' dir='ltr'>rerum</span> <span class='ocrx_word' id='word_1_268' title='bbox 1380 2032 1555 2061; x_wconf 87' lang='lat' dir='ltr'>suarum</span> <span class='ocrx_word' id='word_1_269' title='bbox 1590 2017 1746 2061; x_wconf 78' lang='lat' dir='ltr'>affere-</span> 
     </span>
     <span class='ocr_line' id='line_1_28' title="bbox 364 2086 1747 2152; baseline -0.007 -13"><span class='ocrx_word' id='word_1_270' title='bbox 364 2095 496 2149; x_wconf 84' lang='lat' dir='ltr'>bant,</span> <span class='ocrx_word' id='word_1_271' title='bbox 523 2103 567 2138; x_wconf 90' lang='lat' dir='ltr'>et</span> <span class='ocrx_word' id='word_1_272' title='bbox 595 2092 650 2137; x_wconf 86' lang='lat' dir='ltr'>ad</span> <span class='ocrx_word' id='word_1_273' title='bbox 672 2090 803 2152; x_wconf 88' lang='lat' dir='ltr'>pedes</span> <span class='ocrx_word' id='word_1_274' title='bbox 829 2088 1139 2149; x_wconf 89' lang='lat' dir='ltr'>Apostolorum</span> <span class='ocrx_word' id='word_1_275' title='bbox 1165 2096 1397 2147; x_wconf 82' lang='lat' dir='ltr'>ponentes,</span> <span class='ocrx_word' id='word_1_276' title='bbox 1425 2086 1631 2146; x_wconf 81' lang='lat' dir='ltr'>expeditis</span> <span class='ocrx_word' id='word_1_277' title='bbox 1661 2088 1747 2131; x_wconf 87' lang='lat' dir='ltr'>hu-</span> 
     </span>
     <span class='ocr_line' id='line_1_29' title="bbox 364 2154 1809 2218; baseline -0.006 -9"><span class='ocrx_word' id='word_1_278' title='bbox 364 2165 493 2210; x_wconf 89' lang='lat' dir='ltr'>meris</span> <span class='ocrx_word' id='word_1_279' title='bbox 515 2181 540 2208; x_wconf 87' lang='lat' dir='ltr'>a</span> <span class='ocrx_word' id='word_1_280' title='bbox 565 2162 740 2208; x_wconf 86' lang='lat' dir='ltr'>sarcinis</span> <span class='ocrx_word' id='word_1_281' title='bbox 761 2158 1061 2214; x_wconf 79' lang='lat' dir='ltr'>saecularibus‚</span> <span class='ocrx_word' id='word_1_282' title='bbox 1085 2159 1308 2203; x_wconf 86' lang='lat' dir='ltr'>Christum</span> <span class='ocrx_word' id='word_1_283' title='bbox 1332 2158 1565 2202; x_wconf 90' lang='lat' dir='ltr'>Dominum</span> <span class='ocrx_word' id='word_1_284' title='bbox 1591 2173 1748 2218; x_wconf 53' lang='lat' dir='ltr'>seque‘a</span> <span class='ocrx_word' id='word_1_285' title='bbox 1806 2154 1809 2208; x_wconf 71' lang='lat' dir='ltr'>J</span> 
     </span>
     <span class='ocr_line' id='line_1_30' title="bbox 366 2228 1807 2283; baseline -0.006 -3"><span class='ocrx_word' id='word_1_286' title='bbox 366 2237 527 2280; x_wconf 83' lang='lat' dir='ltr'>bantur</span> <span class='ocrx_word' id='word_1_287' title='bbox 541 2240 573 2280; x_wconf 70' lang='lat'>¹2.</span> <span class='ocrx_word' id='word_1_288' title='bbox 596 2238 708 2279; x_wconf 84' lang='lat' dir='ltr'>Vere</span> <span class='ocrx_word' id='word_1_289' title='bbox 740 2241 909 2277; x_wconf 85' lang='lat' dir='ltr'>matura</span> <span class='ocrx_word' id='word_1_290' title='bbox 935 2231 1095 2274; x_wconf 89' lang='lat' dir='ltr'>messis.</span> <span class='ocrx_word' id='word_1_291' title='bbox 1123 2231 1239 2283; x_wconf 89' lang='lat' dir='ltr'>Quid</span> <span class='ocrx_word' id='word_1_292' title='bbox 1258 2230 1360 2273; x_wconf 89' lang='lat' dir='ltr'>inde</span> <span class='ocrx_word' id='word_1_293' title='bbox 1384 2229 1547 2274; x_wconf 86' lang='lat' dir='ltr'>factum</span> <span class='ocrx_word' id='word_1_294' title='bbox 1572 2231 1664 2273; x_wconf 79' lang='lat' dir='ltr'>est?</span> <span class='ocrx_word' id='word_1_295' title='bbox 1689 2232 1751 2273; x_wconf 89' lang='lat' dir='ltr'>De</span> <span class='ocrx_word' id='word_1_296' title='bbox 1806 2228 1807 2233; x_wconf 70' lang='grc'>’</span> 
     </span>
     <span class='ocr_line' id='line_1_31' title="bbox 367 2301 1808 2367; baseline -0.007 -15"><span class='ocrx_word' id='word_1_297' title='bbox 367 2308 460 2367; x_wconf 84' lang='lat' dir='ltr'>ipsa</span> <span class='ocrx_word' id='word_1_298' title='bbox 490 2321 625 2350; x_wconf 88' lang='lat' dir='ltr'>messe</span> <span class='ocrx_word' id='word_1_299' title='bbox 645 2306 780 2365; x_wconf 86' lang='lat' dir='ltr'>ejecta</span> <span class='ocrx_word' id='word_1_300' title='bbox 810 2311 911 2347; x_wconf 89' lang='lat' dir='ltr'>sunt</span> <span class='ocrx_word' id='word_1_301' title='bbox 933 2317 1070 2360; x_wconf 90' lang='lat' dir='ltr'>pauca</span> <span class='ocrx_word' id='word_1_302' title='bbox 1093 2315 1246 2359; x_wconf 82' lang='lat' dir='ltr'>grana,</span> <span class='ocrx_word' id='word_1_303' title='bbox 1272 2309 1316 2343; x_wconf 90' lang='lat' dir='ltr'>et</span> <span class='ocrx_word' id='word_1_304' title='bbox 1338 2301 1658 2344; x_wconf 84' lang='lat' dir='ltr'>seminaverunt</span> <span class='ocrx_word' id='word_1_305' title='bbox 1679 2315 1751 2343; x_wconf 90' lang='lat' dir='ltr'>or-</span> <span class='ocrx_word' id='word_1_306' title='bbox 1806 2322 1808 2333; x_wconf 59' lang='lat' dir='ltr'>v</span> 
     </span>
     <span class='ocr_line' id='line_1_32' title="bbox 372 2369 1807 2431; baseline -0.008 -8"><span class='ocrx_word' id='word_1_307' title='bbox 372 2378 474 2422; x_wconf 88' lang='lat' dir='ltr'>bem</span> <span class='ocrx_word' id='word_1_308' title='bbox 488 2387 702 2422; x_wconf 86' lang='lat' dir='ltr'>terrarum</span> <span class='ocrx_word' id='word_1_309' title='bbox 717 2410 728 2430; x_wconf 80' lang='lat'>,</span> <span class='ocrx_word' id='word_1_310' title='bbox 755 2383 798 2418; x_wconf 91' lang='lat' dir='ltr'>et</span> <span class='ocrx_word' id='word_1_311' title='bbox 820 2372 953 2430; x_wconf 86' lang='lat' dir='ltr'>surgit</span> <span class='ocrx_word' id='word_1_312' title='bbox 970 2371 1051 2416; x_wconf 90' lang='lat' dir='ltr'>alia</span> <span class='ocrx_word' id='word_1_313' title='bbox 1065 2371 1212 2414; x_wconf 87' lang='lat' dir='ltr'>messis</span> <span class='ocrx_word' id='word_1_314' title='bbox 1226 2386 1324 2431; x_wconf 81' lang='lat' dir='ltr'>quae</span> <span class='ocrx_word' id='word_1_315' title='bbox 1338 2371 1382 2414; x_wconf 88' lang='lat' dir='ltr'>in</span> <span class='ocrx_word' id='word_1_316' title='bbox 1405 2372 1490 2414; x_wconf 88' lang='lat' dir='ltr'>fine</span> <span class='ocrx_word' id='word_1_317' title='bbox 1507 2369 1652 2414; x_wconf 82' lang='lat' dir='ltr'>saeculi</span> <span class='ocrx_word' id='word_1_318' title='bbox 1668 2384 1756 2413; x_wconf 90' lang='lat' dir='ltr'>me·-</span> <span class='ocrx_word' id='word_1_319' title='bbox 1806 2374 1807 2378; x_wconf 78' lang='grc'>’</span> 
     </span>
     <span class='ocr_line' id='line_1_33' title="bbox 375 2440 1755 2498; baseline -0.007 -4"><span class='ocrx_word' id='word_1_320' title='bbox 375 2448 507 2494; x_wconf 85' lang='lat' dir='ltr'>tenda</span> <span class='ocrx_word' id='word_1_321' title='bbox 532 2457 609 2493; x_wconf 87' lang='lat' dir='ltr'>est.</span> <span class='ocrx_word' id='word_1_322' title='bbox 625 2451 688 2492; x_wconf 90' lang='lat' dir='ltr'>De</span> <span class='ocrx_word' id='word_1_323' title='bbox 709 2447 787 2490; x_wconf 86' lang='lat' dir='ltr'>ista</span> <span class='ocrx_word' id='word_1_324' title='bbox 801 2459 937 2490; x_wconf 89' lang='lat' dir='ltr'>messe</span> <span class='ocrx_word' id='word_1_325' title='bbox 960 2443 1119 2488; x_wconf 84' lang='lat' dir='ltr'>dicitur</span> <span class='ocrx_word' id='word_1_326' title='bbox 1141 2461 1149 2486; x_wconf 90' lang='lat'>:</span> <span class='ocrx_word' id='word_1_327' title='bbox 1177 2442 1296 2495; x_wconf 83' lang='lat' dir='ltr'>«Qui</span> <span class='ocrx_word' id='word_1_328' title='bbox 1316 2441 1530 2486; x_wconf 86' lang='lat' dir='ltr'>seminant</span> <span class='ocrx_word' id='word_1_329' title='bbox 1546 2442 1591 2485; x_wconf 89' lang='lat' dir='ltr'>in</span> <span class='ocrx_word' id='word_1_330' title='bbox 1611 2440 1755 2498; x_wconf 71' lang='lat' dir='ltr'>lacry-</span> 
     </span>
    </p>
   </div>
   <div class='ocr_carea' id='block_1_3' title="bbox 425 2527 1075 2574">
    <p class='ocr_par' dir='ltr' id='par_1_3' title="bbox 425 2527 1075 2574">
     <span class='ocr_line' id='line_1_34' title="bbox 425 2527 1075 2574; baseline -0.012 -7"><span class='ocrx_word' id='word_1_331' title='bbox 425 2542 431 2557; x_wconf 89' lang='lat'>¹</span> <span class='ocrx_word' id='word_1_332' title='bbox 455 2537 544 2567; x_wconf 85' lang='lat' dir='ltr'>Joan.</span> <span class='ocrx_word' id='word_1_333' title='bbox 567 2544 611 2574; x_wconf 81' lang='lat' dir='ltr'>iv,</span> <span class='ocrx_word' id='word_1_334' title='bbox 628 2531 748 2565; x_wconf 78' lang='lat'>36-38.</span> <span class='ocrx_word' id='word_1_335' title='bbox 774 2546 814 2554; x_wconf 90' lang='lat'>·—·</span> <span class='ocrx_word' id='word_1_336' title='bbox 837 2536 848 2553; x_wconf 87' lang='lat'>²</span> <span class='ocrx_word' id='word_1_337' title='bbox 868 2531 940 2562; x_wconf 75' lang='lat' dir='ltr'>Act.</span> <span class='ocrx_word' id='word_1_338' title='bbox 960 2527 1075 2569; x_wconf 76' lang='lat' dir='ltr'>1v‚35.</span> 
     </span>
    </p>
   </div>
  </div>
 </body>
</html>
