1825 3214
299 247 341 272 nv
375 244 548 272 somnis
581 244 884 282 sumentium,
918 247 1065 274 Tutior.
1102 248 1220 275 xuv.
1361 234 1443 276 487

66 317 259 354 mentote
287 310 510 369 quomodo
536 310 778 354 universam
802 311 983 368 gloriam
1001 311 1064 356 illi
1080 311 1154 356 dat
1170 313 1327 371 dequo
1346 322 1409 356 est
1437 331 1446 359 ε

65 381 163 440 quia
197 381 266 424 illo
291 381 419 425 babet
452 379 611 425 Filium
634 382 710 440 qui
733 381 788 426 de
811 382 886 426 illo
909 384 990 436 sit,
1016 384 1105 440 ipse
1131 400 1218 427 non
1242 385 1374 427 habet
1395 386 1450 429 de

65 466 154 510 quo
176 451 243 494 sit.
273 450 355 495 Sed
385 466 520 508 quare
542 451 714 505 dixisti,
740 452 950 504 Domine,
982 472 1001 493 «
1027 453 1166 497 donec
1193 454 1282 497 dies
1309 458 1403 498 est?
1428 473 1448 496 »ι

66 520 181 566 Audi
204 536 353 578 quare.
379 539 398 561 α
428 521 553 564 Venit
582 537 668 565 nox
691 521 870 580 quando
906 537 1035 566 nemo
1058 533 1198 581 potest
1221 526 1403 582 operari.
1428 542 1449 566 »

66 595 154 637 Nec
176 601 245 645 tu,
272 592 484 636 Domine?
509 596 656 637 lta-ne
683 601 853 637 tantum
878 592 1041 638 valebit
1064 608 1148 637 nox
1171 594 1242 638 illa
1259 629 1270 647 ‚
1297 605 1346 638 ut
1376 610 1455 639 nec

67 670 114 706 tu
138 664 269 721 possis
293 663 336 706 in
360 678 407 705 ea
437 663 603 721 operari
624 697 634 716 ‚
659 664 783 721 cujus
804 678 912 722 opus
946 679 1031 707 nox
1054 665 1146 708 est?
1170 667 1282 708 Puto
1311 665 1425 708 enim
1441 699 1453 721 ‚

67 734 251 778 Domine
283 736 382 776 Jesu
399 768 410 787 ‚
435 733 522 776 imo
547 749 634 777 non
659 743 790 792 puto,
810 734 884 778 sed
907 734 1038 778 eredo
1076 743 1206 794 atque
1244 735 1457 780 confirmo

69 812 111 847 te
135 804 195 847 ibi
216 802 359 858 fuisse,
385 804 563 863 qnando
586 804 692 848 dixit
718 807 853 849 Deus:
877 824 895 846 «
919 804 1122 860 Fiassux,
1150 824 1169 846 »
1193 815 1236 850 et
1257 805 1371 849 facta
1393 815 1457 850 est

66 873 141 917 lux
160 876 188 916 ².
220 892 239 916 «
268 875 310 918 Si
333 875 448 918 enim
472 875 616 919 Verbo
635 874 758 928 feeit,
794 890 870 934 per
894 884 936 919 te
968 874 1071 920 fecit
1095 891 1104 918 z
1135 894 1154 918 »
1177 885 1219 920 et
1241 876 1340 920 ideo
1362 875 1458 921 dic-

68 954 162 989 tum
187 954 277 998 est,
306 964 325 986 «
346 946 502 989 Omnia
526 962 602 1005 per
624 946 763 1005 ipsum
784 945 894 990 saeta
917 956 1047 1000 sunt,
1072 956 1116 991 et
1137 947 1229 991 sine
1250 948 1344 1006 ipso
1364 946 1457 991 fac-

70 1033 90 1057 »
128 1025 220 1059 tum
254 1025 315 1059 est
339 1016 492 1060 nihil'2.
518 1034 537 1057 »
557 1017 707 1061 Divisit
726 1020 839 1071 Deus
861 1017 974 1062 inter
995 1016 1138 1062 lucem
1162 1027 1205 1062 et
1232 1017 1458 1064 tenebras:

65 1086 207 1130 lucem
229 1087 400 1131 vocavit
423 1086 537 1131 diem
555 1123 565 1141 ‚
587 1097 629 1132 et
647 1088 848 1132 tenebras
865 1088 1037 1133 vocavit
1052 1098 1243 1133 noctem.

127 1160 178 1200 V.
206 1160 313 1210 Qufe
335 1168 397 1201 est
429 1157 503 1202 illa
528 1174 615 1202 nox
631 1194 642 1213 ‚
667 1174 766 1218 quae
787 1174 888 1203 eum
927 1160 1112 1214 venerit,
1137 1174 1268 1204 nemo
1299 1160 1459 1218 poterit

66 1229 267 1288 operari?
306 1229 417 1272 Audi
441 1229 545 1289 quid
580 1231 634 1273 sit
670 1230 784 1284 dies,
821 1239 865 1273 et
895 1239 998 1274 tune
1028 1230 1244 1289 intelliges
1281 1247 1381 1290 quae
1404 1231 1458 1276 sit

67 1316 167 1344 nox.
214 1300 336 1344 Unde
372 1316 520 1345 sumus·
555 1301 746 1345 audituri
777 1301 976 1360 quisnam
1009 1301 1063 1346 sit
1089 1301 1181 1346 dies
1217 1302 1328 1345 iste?
1361 1305 1458 1361 Ipse

66 1370 204 1426 dicat,
235 1391 251 1412 u
278 1373 482 1424 Quandiu
506 1373 548 1416 in
571 1374 654 1418 hoe
672 1373 838 1416 mundo
860 1388 980 1426 sum,
1005 1372 1081 1417 lux
1100 1389 1195 1417 sum
1218 1372 1414 1417 mundi&
1433 1390 1454 1416 »

65 1445 178 1487 Ecce
200 1443 290 1501 ipse
312 1453 375 1487 est
409 1442 515 1487 dies.
541 1447 676 1488 Lavet
697 1442 847 1488 oculos
869 1459 1008 1487 caecus
1031 1443 1075 1487 in
1107 1443 1177 1487 die
1192 1478 1203 1498 ‚
1245 1453 1294 1487 ut
1311 1442 1458 1488 videat

65 1512 196 1557 diem.
217 1532 235 1555 (ι
255 1513 477 1566 Quandiu,
497 1514 657 1573 inquit,
678 1515 722 1558 in
736 1513 904 1558 mundo
916 1530 1028 1565 sum,
1042 1513 1117 1558 lux
1133 1529 1229 1558 sum
1252 1514 1453 1558 mundi.»

65 1585 182 1641 Ergo
209 1585 353 1628 nescio
376 1600 475 1643 quae
495 1599 581 1628 nox
600 1585 703 1637 erit,
725 1584 903 1643 quando
936 1585 995 1628 ibi
1017 1585 1214 1629 Christus
1236 1600 1325 1628 non
1343 1584 1451 1640 erit,

66 1653 166 1697 ideo
184 1668 313 1698 nemo
336 1654 495 1712 poterit
515 1654 699 1712 operari.
725 1657 875 1697 Restat
901 1654 1119 1713 inquirere
1137 1690 1148 1707 ‚
1174 1655 1327 1699 fratres
1348 1655 1451 1710 mei,

65 1725 281 1783 patienter
318 1724 499 1783 accipite
535 1725 829 1783 inquirentem
865 1739 934 1768 me
966 1741 974 1765 :
1013 1725 1238 1769 vobiscum
1271 1740 1423 1785 quaero
1439 1759 1451 1780 ,

63 1794 288 1839 vobiscum
313 1795 529 1837 inveniam
554 1810 576 1838 a
594 1810 682 1853 quo
699 1809 866 1854 quaero.
892 1796 1103 1849 Constat,
1139 1810 1386 1854 expressum
1405 1809 1454 1840 ac

65 1864 297 1908 definitum
317 1873 402 1915 est,
423 1863 536 1907 diem
565 1879 921 1908 commemorasse
935 1867 1169 1908 Dorrinum
1192 1866 1275 1910 hoc
1302 1864 1400 1910 loco
1412 1879 1456 1909 se

64 1934 223 1993 ipsum,
241 1933 286 1977 id
310 1944 372 1978 est
388 1933 534 1977 lumen
550 1933 719 1977 mundi.
743 1953 762 1975 «
782 1934 1008 1987 Quancfiu,
1029 1934 1188 1994 inquit,
1203 1950 1300 1979 sum
1312 1936 1357 1979 in
1370 1936 1454 1980 hoc

68 2023 88 2045 »ι
114 2005 296 2059 mund0‚
316 2004 391 2048 lux
415 2019 510 2048 sum
526 2004 694 2048 mundi.
714 2006 868 2063 »Ergo
893 2005 981 2063 ipse
1003 2014 1221 2063 operatur.
1246 2005 1454 2058 Quandiu

65 2084 129 2120 est
147 2084 286 2119 autem
303 2074 346 2118 in
363 2075 446 2118 hoc
463 2074 660 2118 mundo?
681 2078 888 2120 Putamus
902 2090 1020 2129 eum,
1035 2074 1209 2131 fratres,
1233 2075 1365 2120 fuisse
1382 2076 1453 2122 hic

66 2155 187 2200 tunc,
203 2156 244 2190 et
258 2145 388 2190 modo
407 2161 494 2189 non
509 2146 579 2190 hie
594 2161 698 2189 esse.
719 2147 761 2191 Si
779 2162 882 2205 ergo
896 2147 979 2191 hoc
1001 2155 1226 2206 putamus,
1244 2148 1334 2207 jam
1349 2163 1453 2207 ergo

66 2226 165 2276 post
192 2231 415 2260 ascensum
442 2215 613 2260 Domini
637 2214 746 2260 sacta
768 2226 831 2260 est
853 2232 939 2261 nox
973 2218 1051 2261 ista
1080 2217 1314 2262 metuenda
1331 2253 1343 2272 ‚
1373 2219 1453 2263 ubi

67 2301 197 2331 nemo
215 2287 344 2345 possit
361 2286 528 2344 operari
546 2305 554 2330 ι
569 2286 603 2329 si
616 2294 713 2344 post
725 2301 948 2331 ascensum
968 2287 1139 2332 Domini
1158 2286 1270 2332 sacta
1288 2298 1352 2332 est
1366 2304 1455 2334 nox

67 2357 146 2400 ista
161 2391 171 2411 ,
198 2356 316 2399 unde
339 2354 533 2414 Apostoli
551 2364 668 2399 tanta
686 2357 851 2414 operati
873 2366 975 2401 sunt
992 2360 1009 2401 ε)
1026 2357 1250 2417 Numquid
1270 2359 1348 2403 ista
1367 2373 1452 2404 nox

69 2435 188 2479 erat,
213 2424 389 2485 quando
414 2426 595 2485 Spiritus
615 2425 794 2470 veniens
810 2460 821 2481 ‚
847 2435 891 2470 et
911 2441 1060 2471 omnes
1081 2428 1158 2487 qui
1174 2429 1220 2472 in
1243 2443 1332 2473 uno
1353 2428 1453 2474 loco

71 2505 195 2540 erant
226 2494 498 2555 adimplens,
531 2494 652 2539 dedit
673 2495 731 2539 eis
766 2495 888 2555 loqui
920 2497 1113 2542 omnium
1155 2498 1350 2556 gentium
1368 2497 1453 2543 lin-

119 2587 128 2604 ¹
149 2582 229 2614 Gen.
247 2592 272 2622 1,
292 2581 323 2614 3.
345 2597 386 2603 -
406 2587 418 2604 ²
437 2582 530 2614 Joan.
550 2590 574 2622 1,
592 2580 624 2612 3.
643 2596 686 2603 -
708 2578 784 2613 ³1d.
801 2591 849 2622 xx,
869 2580 900 2613 5.
