1825 3214
0 2493 2 2509 l

0 2515 4 2567 l

283 245 320 268 ιικ
363 241 528 268 ιυΛΝΝιε
564 238 864 276 firmentum,
902 239 1045 266 'inste-r.
1085 240 1203 265 xxiii.
1351 228 1434 265 269

53 323 149 353 nem
173 323 418 366 corporum,
438 315 485 350 ut
509 321 582 350 vos
606 304 820 348 miremini
847 302 1001 347 the-tam
1023 319 1096 362 per
1120 303 1275 348 Filium
1294 319 1436 348 resur·

55 381 287 423 rectionem
323 393 569 437 corporum.

112 452 235 493 ΧΙΙΙ.
266 449 426 492 Deinde
450 447 560 491 redit
577 446 631 491 ad
653 445 768 490 illam
788 446 1143 489 resurrectionem
1165 446 1405 489 animarum
1427 464 1436 490 ε

58 541 78 562 «ι
116 519 234 564 Sicut
265 520 379 563 enim
420 523 544 564 Pater
577 518 752 562 suscitat
780 526 970 562 mortuos
1002 526 1044 575 et
1073 516 1282 570 viviticat,
1307 517 1365 561 sie
1399 525 1441 560 et

59 609 78 631 »
115 590 250 634 Filius
283 605 391 650 quos
414 589 508 634 vult
542 589 786 647 vivificat¹3
809 607 828 629 n
855 587 930 632 sed
952 587 1192 632 secundum
1222 587 1438 646 spiritum.

56 662 257 706 vivificat
294 665 446 716 Pater,
477 662 664 705 viviticat
700 660 860 717 Filius;
885 675 994 720 quos
1029 658 1124 704 vult
1157 662 1309 713 Pater,
1335 673 1444 718 quos

55 731 150 776 vult
174 733 306 776 Filius
333 752 340 776 :
362 732 436 776 sed
467 733 579 792 ipsos
605 735 729 775 Pater
751 747 860 792 quos
886 730 1045 788 Filius3
1070 729 1172 791 quia
1196 730 1339 774 omnia
1369 745 1446 789 per

58 804 197 862 ipsum
225 802 334 847 saeta
356 814 471 847 sunt.
504 822 522 843 «
552 802 670 846 Sicut
704 802 818 845 enim
844 805 968 846 Pater
991 803 1168 847 suscitat
1188 810 1380 846 mortuos
1403 809 1446 844 et

62 892 81 915 »
117 875 327 927 vivificat,
365 874 422 917 sie
445 883 487 918 et
523 873 658 917 Filius
681 889 789 933 quos
817 873 911 918 vult
941 875 1142 919 vivificat.
1171 894 1190 916 »
1222 878 1282 919 Dc
1305 888 1448 918 resur-

59 945 250 989 reetione
280 945 520 988 animarum
544 943 710 988 dietum
742 954 805 988 est
828 937 924 989 'hoe
953 964 961 989 :
1000 943 1107 1004 quid
1142 945 1197 989 de
1234 959 1449 989 resurrec-

59 1016 178 1060 tione
215 1018 480 1075 corporum?
511 1015 664 1068 Redit,
703 1025 745 1059 et
769 1015 889 1069 dicit,
925 1034 943 1052 a
985 1018 1135 1076 Neque
1178 1017 1292 1060 enim
1323 1020 1449 1060 Pater

63 1104 84 1128 ιι
113 1085 279 1146 judicat
301 1101 583 1146 quemquam,
609 1086 683 1129 sed
705 1102 834 1130 omne
851 1086 1067 1146 judicium
1099 1086 1219 1130 dedit
1238 1087 1347 1131 Filio
1363 1091 1394 1130 ².
1424 1105 1445 1127 ι)

61 1157 336 1201 Resurrectio
359 1158 599 1201 animarum
632 1158 680 1200 fit
704 1173 778 1216 per
802 1158 1087 1201 substantiam
1122 1159 1258 1202 Patris
1286 1167 1329 1202 et
1352 1157 1449 1201 Filii

62 1236 266 1271 veternam
289 1236 333 1272 et
353 1227 754 1271 incommutabilem
777 1247 784 1272 :
814 1229 1066 1272 resurrectio
1094 1244 1196 1273 vero
1218 1243 1450 1289 corporum
1496 1277 1499 1280 ,

62 1299 112 1342 fit
134 1313 209 1358 pei·
226 1298 589 1357 dispensationem
610 1299 890 1342 humanitatis
916 1298 1013 1343 Filii
1034 1299 1336 1359 temporalem,
1364 1314 1451 1344 non

65 1369 180 1413 Patri
203 1379 478 1413 coaeternam.
503 1369 607 1413 Ideo
627 1385 726 1413 eum
745 1370 1350 1431 eommemmarenjudieium,
1375 1370 1454 1414 ubi

65 1440 187 1484 fieret
210 1440 467 1484 resurrectio
489 1455 737 1500 corporum,
779 1460 797 1482 «
827 1443 922 1486 Non
953 1441 1068 1485 enim
1100 1445 1252 1497 Pater,
1279 1441 1421 1501 inquit
1439 1476 1450 1496 ‚

69 1529 89 1551 »
121 1511 289 1571 judicat
318 1526 606 1571 quemquam,
639 1511 712 1555 sed
735 1527 864 1556 omne
881 1510 1093 1571 judicium
1117 1513 1236 1556 dedit
1261 1511 1371 1556 Filio
1395 1531 1402 1555 2
1431 1529 1451 1552 ι)

67 1581 122 1626 de
145 1582 456 1627 resurreetione
482 1591 626 1626 autem
650 1583 909 1629 animarum.
939 1602 956 1622 u
982 1583 1100 1626 Sicut
1132 1586 1257 1626 Pater
1279 1583 1456 1627 suscitat

71 1669 91 1692 »
129 1661 322 1696 mortuos
358 1661 402 1695 et
437 1652 627 1696 vivificat
648 1688 659 1703 ,
697 1653 756 1696 sie
794 1662 837 1696 et
871 1652 1005 1696 Filius
1039 1668 1147 1712 quos
1177 1652 1275 1697 vult
1311 1653 1454 1697 vivifi-

72 1740 92 1763 »
128 1732 211 1767 eat.
236 1741 256 1763 ι)
280 1722 396 1766 Illud
419 1738 521 1781 ergo
545 1723 673 1767 simul
694 1726 820 1766 Pater
850 1732 893 1767 et
917 1723 1050 1768 Filius
1078 1743 1086 1768 :
1112 1724 1194 1769 hoe
1225 1735 1369 1768 autem
1402 1723 1457 1768 de

71 1794 382 1838 resurrectione
399 1808 649 1853 corporum,
681 1814 699 1835 ι(
724 1796 819 1841 Non
837 1794 1004 1854 judicat
1021 1798 1146 1839 Pater
1171 1811 1454 1856 quemquam,

76 1884 95 1906 »
132 1867 206 1909 sed
239 1881 367 1910 omne
385 1865 597 1926 judicium
621 1864 743 1910 dedit
766 1865 891 1910 Filio.
915 1868 971 1911 Ut
993 1882 1141 1911 omnes
1168 1867 1459 1912 honorificent

76 1954 97 1977 »
133 1935 309 1991 Filium,
333 1937 443 1980 sieut
464 1936 756 1980 honorificant
774 1939 944 1981 Patrem
961 1939 1022 1980 3.»
1040 1940 1132 1982 Hoc
1155 1937 1373 1982 redditum
1397 1947 1460 1982 est

74 2006 373 2051 resurrectioni
390 2006 647 2050 animarum.
669 2025 688 2048 «
711 2009 767 2050 Ut
785 2021 933 2051 omnes
946 2007 1236 2053 honorificent
1252 2008 1457 2053 Filium.»
1494 2021 1497 2023 ·

75 2077 338 2130 Quomodo?
379 2096 397 2118 «
443 2077 561 2122 Sicut
595 2077 883 2121 honorificant
922 2081 1108 2126 Patrem.
1144 2098 1164 2120 »
1206 2080 1462 2124 Animarum

77 2149 191 2191 enim
210 2148 567 2191 resurrectionem
587 2147 646 2191 sic
667 2157 869 2207 operatur
888 2147 1039 2203 Filius,
1061 2151 1284 2209 quomodo
1306 2154 1431 2195 Pater
1451 2169 1460 2194 ε

78 2219 138 2262 sie
167 2218 354 2262 vivificat
388 2218 546 2272 Filius,
581 2217 801 2277 quomodo
831 2222 971 2263 Pater.
1004 2223 1119 2280 Ergo
1146 2223 1191 2265 in
1223 2222 1465 2266 animarum

80 2288 393 2332 resurrectione
419 2308 438 2330 «
460 2303 608 2332 omnes
634 2289 922 2334 honorificent
945 2290 1128 2346 Filium,
1150 2291 1262 2337 sieut
1283 2292 1463 2337 honoli-

84 2376 105 2399 »
139 2367 240 2402 cant
259 2353 494 2402 Patrem.»
521 2358 632 2411 Quid
662 2358 716 2402 de
738 2359 1097 2406 honorificatione
1121 2372 1298 2422 propter
1320 2378 1464 2407 resut-

81 2429 315 2472 reetionem
341 2429 564 2487 corporis?
600 2448 618 2470 «
652 2430 732 2481 Qui
758 2445 846 2473 non
876 2431 1134 2477 bonotifieat
1156 2433 1343 2488 Filium,
1377 2448 1467 2477 non

86 2518 106 2541 »
142 2500 397 2544 honorificat
421 2503 590 2544 Patrem
609 2501 684 2560 qui
707 2501 822 2545 misit
844 2501 983 2547 illum„
1013 2522 1032 2546 »
1052 2506 1150 2551 Non
1170 2505 1293 2561 dixit,
1319 2505 1429 2550 sicut
1455 2523 1464 2549 :

133 2590 140 2606 ¹
163 2586 256 2616 Joan.
277 2595 308 2625 v,
328 2593 383 2616 21.
403 2601 444 2607 —-
468 2592 479 2607 ²
500 2585 579 2617 lbid.
601 2593 654 2617 2‘2.
672 2602 712 2607 —
733 2583 746 2608 3
761 2585 842 2619 lbid.
860 2587 913 2619 23.
