1825 3214
269 240 312 266 m
346 237 518 266 JOANMB
552 235 861 271 sunamitin,
897 238 1045 265 m‘nAcT.
1084 240 1190 265 xxii.
1356 227 1431 265 107

54 305 234 363 metipso
264 302 484 361 copulavit
511 301 621 345 duos
655 301 836 359 parietes
862 318 886 342 (ε
913 301 1082 344 diverso
1109 304 1343 346 venientes.
1373 305 1438 346 Sic

54 391 131 420 nec
148 374 466 434 qualecumque
485 372 654 430 lignum
678 372 919 430 proximum
938 374 1168 430 acceperis,
1194 374 1265 416 scd
1289 375 1438 431 graba-

55 455 163 490 tum.
190 445 305 498 Quid
335 458 438 502 crgo
469 444 511 486 in
537 442 743 500 grabato,
777 442 956 486 obsecro
982 444 1052 486 tc?
1073 443 1207 502 quid,
1240 445 1316 486 nisi
1340 446 1440 504 quia

53 515 124 560 ille
146 513 376 572 languidus
400 513 582 571 grabato
604 512 875 572 portabatur,
900 527 1028 556 sanus
1043 522 1190 556 autem
1209 515 1435 570 grabatum

57 587 231 645 portat?
259 584 375 637 Quid
403 582 569 628 dictum
599 592 663 627 cst
690 583 745 626 ab
777 583 1012 641 Apostolo?
1039 602 1059 624 «
1096 584 1287 627 Invicem
1311 600 1440 628 onera

58 675 78 697 n
113 664 251 700 vestra
286 663 484 713 portate,
510 654 634 697 etsie
665 651 957 711 adimplebitis
990 652 1130 711 legem
1159 654 1316 698 Christi
1354 657 1382 697 ¹.
1420 674 1438 695 n

56 729 141 770 Lex
163 739 266 784 ergo
288 723 449 769 Christi
479 723 662 766 charitas
696 731 781 777 est,
809 738 887 766 nec
919 723 1104 767 charitas
1131 723 1337 782 impletur
1366 725 1444 769 nisi

54 796 239 841 invicem
275 810 405 840 onera
439 804 586 839 nostra
616 803 855 854 portemus.
886 814 905 836 «
942 795 1237 850 Suss’erentes‚
1274 796 1442 856 inquit,

59 886 79 908 n
115 868 298 911 invicem
321 866 365 909 in
384 864 636 920 dilectione,
653 864 878 910 studentes
890 880 1059 910 servare
1082 868 1295 911 unitatem
1317 868 1443 926 spiri-

58 956 77 979 »
113 935 419 982 tusinvinculo
434 936 547 994 pacis
561 937 592 979 2.
618 954 638 976 »
659 937 770 981 Cum
785 950 894 980 esses
909 935 1155 995 languidus,
1179 938 1381 996 portabat
1403 948 1444 982 te

56 1008 277 1068 proximus
299 1015 400 1050 tuus
432 1025 441 1050 ι
465 1021 594 1051 sanus
617 1007 758 1051 factus
786 1021 853 1061 es,
879 1016 1003 1066 porta
1032 1007 1276 1066 proximum
1300 1017 1439 1052 tuum.

59 1098 79 1121 «
113 1079 304 1123 Invicem
337 1093 469 1123 onera
502 1086 641 1122 vestra
679 1085 872 1136 portate,
903 1086 946 1123 et
975 1077 1036 1122 sic
1067 1078 1359 1138 adimplebitis
1379 1081 1443 1124 le-

57 1168 78 1191 »
113 1164 211 1208 gem
229 1148 404 1194 Christi.
424 1166 443 1189 »
465 1148 533 1193 Sic
547 1146 822 1207 adimplebis,
843 1162 869 1192 o
883 1147 1032 1202 homo,
1051 1147 1173 1207 quod
1189 1148 1439 1193 tibidecrat.

58 1239 80 1264 α
117 1219 237 1265 Tolle
258 1238 277 1261 ι)
298 1234 400 1279 ergo
418 1239 438 1262 «
463 1219 693 1279 grabatum
717 1228 858 1264 tuum.
883 1236 903 1260 »
930 1218 1014 1263 Sed
1032 1234 1134 1263 cum
1161 1219 1332 1276 tuleris,
1358 1220 1447 1265 noli

56 1306 276 1336 remanere
293 1326 304 1346 ,
333 1309 354 1333 «
379 1290 583 1335 Ambula.
620 1309 639 1332 »
666 1288 896 1349 Diligendo
917 1290 1166 1349 proximum
1189 1324 1201 1346 ‚
1232 1300 1275 1335 et
1297 1307 1445 1336 curam

59 1360 263 1406 habendo
293 1360 348 1405 de
361 1361 558 1420 proximo
581 1369 659 1405 tuo
674 1394 685 1416 ‚
714 1360 796 1404 iter
821 1362 922 1418 agiS.
953 1363 1051 1414 Quo
1068 1362 1149 1405 iter
1159 1362 1271 1420 agis,
1291 1362 1372 1407 nisi
1395 1362 1449 1406 ad

55 1433 291 1478 Dominum
313 1435 472 1488 Deum,
495 1432 550 1476 ad
567 1447 668 1477 eum
691 1447 824 1493 quem
845 1431 1025 1491 diligere
1047 1432 1258 1478 debemus
1281 1449 1332 1478 ex
1354 1443 1446 1479 toto

55 1504 202 1559 corde,
228 1519 280 1549 ex
301 1513 390 1549 tota
400 1504 558 1559 anima,
576 1519 627 1549 ex
650 1512 740 1549 tota
762 1512 907 1548 mente
929 1504 974 1546 ³?
992 1504 1061 1548 Ad
1075 1505 1311 1549 Dominum
1329 1506 1444 1549 enim

57 1574 256 1620 nondum
278 1575 569 1634 pervenimuS‚
594 1574 670 1620 sed
689 1575 934 1634 proximum
962 1574 1189 1618 nobiscum
1213 1575 1440 1619 habemus.

59 1649 187 1690 Porta
203 1660 306 1703 ergo
326 1660 443 1699 cum,
464 1659 566 1689 cum
584 1659 674 1704 quo
696 1643 891 1688 ambulas
909 1664 920 1700 3
940 1652 989 1687 ut
1010 1644 1066 1687 ad
1083 1659 1185 1688 eum
1202 1645 1441 1703 pervenias⁷

56 1730 157 1760 cum
187 1730 277 1775 quo
310 1729 483 1759 manere
505 1714 735 1758 desideras.
771 1712 976 1759 «Tolle»
1018 1728 1121 1773 ergo
1163 1733 1183 1757 α
1209 1715 1439 1774 grabatum

61 1805 81 1828 υ
117 1795 270 1840 tuum,
297 1794 340 1829 et
358 1783 548 1830 ambula.
587 1803 608 1827 »

118 1859 174 1900 X.
210 1856 331 1901 Fecit
348 1856 430 1901 hoc
452 1855 541 1911 ille,
565 1864 609 1900 et
629 1853 904 1899 scandalizati
925 1864 1028 1899 sunt
1045 1854 1204 1900 Judaei.
1231 1855 1447 1901 Videbant

59 1928 176 1972 enim
204 1927 426 1972 hominem
454 1925 525 1970 die
550 1926 721 1971 sabbati
758 1934 1006 1985 portantem
1030 1926 1258 1984 grabatum
1287 1942 1415 1971 suum
1433 1963 1443 1982 ‚

60 2013 140 2044 nec
180 1998 558 2043 calumniabantur
592 1997 778 2042 Domino
811 1997 933 2057 quod
969 2012 1123 2042 sanum
1155 2013 1256 2042 eum
1286 1998 1446 2042 fecerat

60 2070 244 2114 sabbato
257 2104 268 2124 ‚
289 2078 340 2113 ut
362 2069 422 2113 eis
444 2067 705 2128 respondere
725 2077 869 2127 posset
885 2102 895 2122 ‚
921 2068 1025 2128 quia
1046 2069 1080 2112 si
1102 2069 1360 2129 cujusquam
1374 2084 1448 2114 eo-

63 2155 159 2185 rum
171 2141 421 2200 jumentum
444 2140 490 2183 in
512 2148 695 2198 puteum
717 2139 964 2194 cecidisset,
991 2140 1145 2200 utique
1180 2139 1250 2184 die
1279 2140 1447 2185 sabbati

62 2220 234 2256 erueret
255 2210 362 2255 illud
379 2245 390 2265 ‚
415 2219 459 2255 et
480 2209 665 2255 salvaret
682 2211 931 2271 jumentum
954 2226 1081 2254 suum
1106 2212 1121 2236 ⁴
1149 2231 1157 2255 2
1189 2226 1278 2256 non
1299 2211 1447 2271 itaque

57 2283 146 2343 jam
169 2281 231 2326 illi
257 2281 522 2341 objiciebant
559 2281 680 2342 quod
714 2281 785 2326 die
812 2282 983 2326 sabbati
1004 2297 1133 2326 sanus
1163 2281 1305 2326 factus
1337 2292 1447 2326 esset

65 2354 197 2398 homo
215 2374 226 2410 3
251 2351 325 2397 sed
343 2352 462 2413 quod
482 2353 682 2412 portabat
705 2353 935 2410 grabatum
951 2368 1093 2396 suum.
1122 2353 1163 2398 Si
1180 2352 1337 2397 sanitas
1358 2368 1446 2396 non

65 2432 157 2468 erat
189 2422 458 2478 differenda,
492 2423 710 2483 numquid
731 2432 774 2467 et
805 2438 913 2483 opus
940 2423 1084 2468 fuerat
1118 2423 1448 2484 imperandum?

114 2525 124 2541 ¹
144 2517 246 2551 Galat.
263 2529 306 2559 vi,
329 2527 361 2550 2.
381 2535 422 2541 —-
449 2524 462 2541 ²
479 2517 595 2561 EpheS.
613 2528 656 2558 iv,
680 2526 711 2550 2.
733 2534 774 2540 —
795 2515 911 2551 ³Deut¹
932 2529 978 2561 vi,
993 2518 1026 2561 5,
1043 2524 1075 2552 et
1093 2519 1212 2552 Matth.
1236 2529 1309 2560 xxn,
1330 2518 1382 2559 37.
1407 2533 1446 2539 —

69 2572 83 2603 4
98 2575 174 2607 Luc.
191 2584 256 2615 xiv,
277 2574 308 2606 5.
