1809 3173
379 191 462 231 262
801 193 834 224 S·
870 193 1099 223 Aucuscrrm
1132 195 1311 222 Emscom

374 268 464 312 silio
488 275 579 318 tuo,
604 271 654 306 ut
674 261 804 306 faciat
825 258 946 320 qnod
967 257 1070 303 facis
1096 278 1104 304 ι
1130 258 1324 304 facturus
1348 274 1390 302 cs
1421 267 1469 302 tu
1490 294 1500 313 ‚
1523 267 1567 302 ct
1594 259 1652 303 sic
1675 259 1754 313 de-

378 344 712 382 monstraturus.
732 331 1002 389 Quodigitur
1016 329 1207 374 tacturus
1229 346 1272 374 es
1294 339 1343 374 ut
1359 329 1627 374 demonstres
1646 330 1752 385 filio,

375 425 465 455 non
488 407 640 466 utiquc
673 404 776 448 iacis
807 419 882 462 per
901 402 1036 445 filium
1067 421 1075 446 :
1096 401 1166 444 sed
1194 411 1241 444 tu
1262 401 1377 445 solus
1399 401 1502 445 facis
1524 402 1644 461 quod
1666 403 1757 460 ipse

374 482 540 526 iactum
566 476 726 528 videat,
753 484 796 518 et
822 475 939 518 aliud
956 473 1041 516 tale
1064 471 1258 515 similiter
1296 472 1437 517 faciat.
1470 476 1566 517 Non
1590 482 1652 516 est
1673 473 1756 517 hoc

372 552 434 597 ibi
460 570 468 595 ε
501 549 608 609 quid
631 546 771 605 pergis
794 545 848 587 ad
881 543 1209 587 similitudinem
1245 551 1382 597 tuam,
1419 553 1463 587 et
1491 543 1607 587 deles
1634 543 1680 586 in
1715 552 1757 587 te

372 620 699 668 similitudinem
729 616 831 659 Dci‘?
863 614 928 657 lbi
951 614 1131 656 omnino
1156 629 1243 656 non
1277 623 1340 657 est
1366 614 1465 657 hoc.
1505 614 1655 656 Inveni
1680 613 1757 656 ali-

369 693 474 755 quid
484 689 503 748 ‚⁸
518 687 740 751 quomodo
762 686 1032 729 demonstres
1049 684 1138 728 filio
1156 694 1232 728 tuo
1249 685 1369 744 quod
1389 683 1507 739 facis,
1522 693 1759 744 antequam

371 765 497 821 facis3
523 772 572 805 ut
590 775 689 804 cum
713 756 1090 806 demonstraveris,
1116 771 1192 814 pcr
1211 756 1349 799 fiiium
1374 755 1501 799 facias
1524 756 1606 800 hoc
1635 755 1756 816 quod

371 837 490 882 iacis.
516 837 611 877 Jam
635 830 745 875 forte
776 829 897 889 quasi
922 828 1110 872 occurrit
1133 828 1211 870 tibi
1240 847 1248 872 :
1278 830 1401 882 Ecce,
1426 827 1591 887 inquis,
1614 828 1756 884 cogito
1803 823 1806 830 ’

370 907 513 952 facere
536 904 734 954 domum,
763 909 806 943 et
835 897 1007 945 volout
1035 913 1112 956 per
1134 898 1273 941 filium
1299 913 1442 941 meum
1479 897 1716 941 fabricetur
1746 917 1757 944 ι
1805 930 1809 941 .

1798 211 1809 310 *aba
1799 142 1809 202 Aa
1793 93 1809 131 Zur
1807 78 1809 81 .

1799 495 1809 724 ξ

1784 791 1809 898 ‘3

374 987 608 1035 antequam
648 987 741 1016 eam
780 970 870 1029 ipse
900 968 1133 1023 fabricem,
1170 969 1353 1012 ostendo
1391 969 1480 1012 filio
1512 984 1608 1012 mco
1639 969 1762 1028 quod
1802 986 1809 1022 ς

373 1049 515 1094 facere
533 1044 660 1100 volo3
681 1052 723 1086 et
740 1040 839 1085 facit
864 1040 969 1099 ipsc,
992 1049 1122 1099 atque
1140 1054 1220 1096 ego
1237 1039 1483 1098 peripsum,
1505 1039 1573 1082 cui
1591 1039 1761 1082 ostendi
1804 1059 1807 1064 ’

1803 1035 1809 1052 1

371 1119 645 1164 voluntatem
680 1128 832 1157 meam.
861 1111 1082 1155 Recessisti
1106 1110 1281 1169 quidem
1311 1127 1333 1153 a
1356 1110 1532 1169 pristina
1559 1110 1763 1153 similitu-
1806 1116 1809 1153 ἵ

373 1191 491 1243 dine,
512 1188 585 1231 sed
601 1185 873 1246 adhuc-jaces
891 1183 933 1225 in
956 1196 1107 1238 magna
1127 1180 1491 1224 dissimilitudine.
1515 1184 1626 1224 Ecce
1645 1182 1762 1224 enim
1805 1167 1809 1218 ³]

377 1270 613 1319 antequam
645 1255 771 1299 facias
795 1253 991 1304 domum,
1018 1251 1179 1295 indicas
1204 1250 1291 1295 filio
1316 1261 1407 1303 tuo,
1426 1260 1468 1294 et
1492 1251 1762 1296 demonstras

376 1330 483 1392 quid
518 1329 659 1393 {jacere
690 1325 822 1381 velis3
846 1335 895 1368 ut
923 1333 961 1366 te
989 1323 1315 1366 demonstrante
1346 1331 1577 1382 antequam
1607 1321 1760 1377 facias,
1804 1369 1809 1383 τ

376 1404 464 1461 ipse
496 1398 617 1459 quod
650 1393 1036 1448 demonstrevcris,
1061 1402 1104 1437 et
1125 1402 1172 1436 tu
1207 1408 1282 1451 per
1313 1393 1456 1451 ipsum
1484 1411 1492 1436 z
1530 1391 1604 1435 sed
1632 1393 1763 1436 verba
1804 1403 1809 1451 ᾗ,

376 1472 573 1517 dicturus
597 1484 640 1511 es
662 1466 751 1510 filio
774 1476 866 1519 tuo,
889 1465 1002 1508 inter
1020 1473 1061 1507 tc
1074 1464 1269 1522 etipsum
1290 1464 1421 1507 verba
1439 1479 1616 1506 cursura
1633 1472 1761 1515 suntt,
1805 1502 1809 1515 Ἰ

375 1553 418 1588 et
440 1543 553 1586 inter
581 1539 954 1586 ‚demonstrantem
978 1544 1019 1579 et
1055 1534 1274 1578 videntem
1292 1570 1302 1590 ,
1337 1534 1407 1578 vcl
1441 1535 1695 1593 loquentem
1720 1543 1764 1578 et

376 1613 624 1658 audientem
657 1623 787 1653 sonus
810 1604 1061 1651 articulatus
1091 1605 1228 1659 volat,
1256 1605 1331 1664 qui
1354 1620 1442 1648 non
1465 1613 1526 1647 cst
1559 1603 1678 1663 quod
1697 1613 1760 1660 tu,
1799 1619 1804 1647 .·

374 1699 464 1728 non
482 1680 685 1742 estquod
707 1681 812 1737 ipse.
838 1680 976 1722 Sonus
999 1676 1161 1736 quippe
1182 1675 1254 1719 ille
1280 1675 1356 1735 qui
1384 1675 1469 1718 exit
1491 1675 1545 1718 de
1570 1690 1643 1718 ore
1668 1684 1760 1730 tuo,

374 1763 418 1798 et
447 1753 674 1797 verberato
697 1754 793 1793 aere
817 1748 955 1806 tangit
976 1763 1122 1792 aurem
1148 1746 1223 1789 filii
1248 1747 1338 1800 tui,
1365 1755 1409 1790 et
1429 1745 1609 1805 impleto
1637 1761 1765 1789 sensu

375 1822 581 1869 audiendi
605 1820 804 1881 perducit
827 1819 880 1862 ad
903 1834 977 1862 cor
997 1818 1305 1874 cogitationem
1337 1825 1486 1873 tuam3
1509 1832 1638 1860 sonus
1662 1831 1765 1876 ergo
1782 1812 1809 1853 ’ἓ

372 1895 446 1940 ille
458 1910 546 1938 non
569 1902 632 1936 est
654 1893 744 1951 ipse
766 1900 828 1943 tu,
856 1905 945 1932 non
963 1899 1025 1932 est
1040 1889 1128 1947 ipse
1144 1888 1255 1932 [ihus
1270 1897 1386 1931 tuus.
1417 1888 1596 1945 Signum
1612 1887 1764 1931 datum
1807 1885 1809 1890 ’

374 1975 438 2010 est
460 1966 514 2009 ab
534 1964 677 2008 animo
696 1971 773 2005 tuo
789 1960 933 2004 animo
957 1959 1030 2001 filii
1056 1960 1134 2014 tui,
1161 1957 1281 2017 qued
1307 1958 1477 2015 signum
1499 1974 1589 2001 non
1608 1958 1662 2001 sit
1684 1973 1764 2002 nec

375 2037 543 2081 animus
561 2044 678 2088 tuus,
706 2047 786 2076 nec
801 2032 970 2074 animus
992 2028 1067 2072 filii
1086 2028 1166 2083 tui,
1187 2028 1261 2071 sed
1279 2028 1398 2071 atiud
1420 2027 1600 2088 aliquid.
1627 2031 1764 2072 Ita-ne
1802 2051 1804 2059 ν

374 2117 579 2167 putamus
612 2109 783 2148 Patrem
815 2101 1011 2145 locutum
1047 2115 1136 2143 esse
1172 2114 1274 2142 cum
1317 2098 1455 2142 Filio?
1490 2099 1623 2143 verba
1651 2099 1765 2142 inter

373 2182 513 2223 Deum
527 2187 569 2220 ct
588 2175 813 2220 Verbum?
833 2170 1054 2232 quomodo
1069 2170 1183 2214 istud
1198 2179 1260 2214 est
1275 2172 1293 2213 Ξ)
1307 2174 1375 2213 An
1394 2169 1611 2231 quidquid
1631 2169 1764 2214 vellet
1802 2194 1809 2202 ·

1801 2017 1809 2034 ἢ

1802 2112 1806 2121 i

1792 2125 1809 2143 -1

1792 2207 1809 2239 ὲ

369 2253 498 2294 Pater
521 2248 663 2292 dicere
686 2246 796 2289 Filio
811 2280 821 2299 ‚
848 2245 882 2288 si
911 2245 1045 2288 verbo
1075 2242 1207 2286 vellet
1229 2242 1399 2298 dicere,
1424 2242 1513 2301 ipse
1543 2242 1678 2286 Filius
1699 2251 1764 2308 cst

368 2318 567 2363 Verbum
588 2316 740 2369 Patris,
762 2313 978 2374 numquid
1001 2329 1077 2372 per
1097 2314 1281 2356 verbum
1308 2311 1560 2372 loqueretur
1582 2312 1634 2356 ad
1654 2315 1763 2356 Ver·
1781 2344 1792 2348 -

1801 2348 1809 2371 i

368 2385 505 2434 lium?
533 2392 601 2432 An
626 2388 729 2447 quia
765 2385 899 2429 Filius
940 2400 1144 2442 magnum
1170 2384 1389 2436 Verbum,
1427 2384 1592 2429 minora
1627 2383 1760 2427 verba
1796 2390 1807 2443 θ’

368 2476 545 2505 cursura
574 2468 696 2501 erant
735 2457 847 2502 inter
882 2460 1050 2499 Patrem
1073 2465 1115 2497 et
1137 2453 1326 2498 Filium?
1358 2456 1496 2498 Sonus
1532 2453 1685 2513 aliquis
1718 2461 1762 2497 et
1804 2454 1806 2465 ¹

368 2530 491 2590 quasi
512 2537 707 2573 creatura
730 2525 931 2586 quzedam
951 2524 1196 2583 temporalis
1219 2533 1348 2583 atque
1366 2523 1567 2578 volatica,
1587 2523 1755 2567 exitura
1799 2559 1804 2562 .
