<?xml version="1.0" encoding="UTF-8"?>
<!DOCTYPE html PUBLIC "-//W3C//DTD XHTML 1.0 Transitional//EN"
    "http://www.w3.org/TR/xhtml1/DTD/xhtml1-transitional.dtd">
<html xmlns="http://www.w3.org/1999/xhtml" xml:lang="en" lang="en">
 <head>
  <title>
</title>
<meta http-equiv="Content-Type" content="text/html;charset=utf-8" />
  <meta name='ocr-system' content='tesseract 3.04.00' />
  <meta name='ocr-capabilities' content='ocr_page ocr_carea ocr_par ocr_line ocrx_word'/>
</head>
<body>
  <div class='ocr_page' id='page_1' title='image "./operaomniaaccura15auguuoft_0424.png"; bbox 0 0 1809 3173; ppageno 0'>
   <div class='ocr_carea' id='block_1_1' title="bbox 385 179 1328 220">
    <p class='ocr_par' dir='ltr' id='par_1_1' title="bbox 385 179 1328 220">
     <span class='ocr_line' id='line_1_1' title="bbox 385 179 1328 220; baseline 0.002 -4"><span class='ocrx_word' id='word_1_1' title='bbox 385 179 466 217; x_wconf 77' lang='lat'>412</span> <span class='ocrx_word' id='word_1_2' title='bbox 819 193 850 218; x_wconf 86' lang='lat' dir='ltr'>s.</span> <span class='ocrx_word' id='word_1_3' title='bbox 889 190 1115 219; x_wconf 69' lang='lat' dir='ltr'>Ancuswm</span> <span class='ocrx_word' id='word_1_4' title='bbox 1152 193 1328 220; x_wconf 79' lang='lat' dir='ltr'>EPISCOPI</span> 
     </span>
    </p>
   </div>
   <div class='ocr_carea' id='block_1_2' title="bbox 381 255 1809 2503">
    <p class='ocr_par' dir='ltr' id='par_1_2' title="bbox 381 255 1768 722">
     <span class='ocr_line' id='line_1_2' title="bbox 382 255 1761 312; baseline 0.002 -13"><span class='ocrx_word' id='word_1_5' title='bbox 382 255 597 299; x_wconf 85' lang='lat' dir='ltr'>mendavi.</span> <span class='ocrx_word' id='word_1_6' title='bbox 631 257 743 300; x_wconf 90' lang='lat' dir='ltr'>Cum</span> <span class='ocrx_word' id='word_1_7' title='bbox 776 256 923 312; x_wconf 86' lang='lat' dir='ltr'>audit,</span> <span class='ocrx_word' id='word_1_8' title='bbox 952 274 1119 312; x_wconf 84' lang='lat' dir='ltr'>sumus,</span> <span class='ocrx_word' id='word_1_9' title='bbox 1146 259 1348 302; x_wconf 79' lang='lat' dir='ltr'>abscedat</span> <span class='ocrx_word' id='word_1_10' title='bbox 1371 259 1575 302; x_wconf 82' lang='lat' dir='ltr'>confusus</span> <span class='ocrx_word' id='word_1_11' title='bbox 1607 259 1761 303; x_wconf 86' lang='lat' dir='ltr'>Sabel-</span> 
     </span>
     <span class='ocr_line' id='line_1_3' title="bbox 381 326 1760 381; baseline 0.003 -12"><span class='ocrx_word' id='word_1_12' title='bbox 381 326 550 381; x_wconf 73' lang='lat' dir='ltr'>nanus,</span> <span class='ocrx_word' id='word_1_13' title='bbox 578 341 677 370; x_wconf 88' lang='lat' dir='ltr'>cum</span> <span class='ocrx_word' id='word_1_14' title='bbox 705 327 851 381; x_wconf 86' lang='lat' dir='ltr'>audit,</span> <span class='ocrx_word' id='word_1_15' title='bbox 889 343 1047 381; x_wconf 86' lang='lat' dir='ltr'>unum,</span> <span class='ocrx_word' id='word_1_16' title='bbox 1083 328 1282 372; x_wconf 81' lang='lat' dir='ltr'>abscedat</span> <span class='ocrx_word' id='word_1_17' title='bbox 1307 327 1514 372; x_wconf 81' lang='lat' dir='ltr'>confusus</span> <span class='ocrx_word' id='word_1_18' title='bbox 1539 329 1723 373; x_wconf 83' lang='lat' dir='ltr'>Arianus</span> <span class='ocrx_word' id='word_1_19' title='bbox 1751 347 1760 372; x_wconf 79' lang='lat' dir='ltr'>z</span> 
     </span>
     <span class='ocr_line' id='line_1_4' title="bbox 383 397 1759 458; baseline 0.002 -20"><span class='ocrx_word' id='word_1_20' title='bbox 383 397 594 454; x_wconf 79' lang='lat' dir='ltr'>gubernet</span> <span class='ocrx_word' id='word_1_21' title='bbox 616 398 852 442; x_wconf 87' lang='lat' dir='ltr'>catholicus</span> <span class='ocrx_word' id='word_1_22' title='bbox 873 399 984 442; x_wconf 87' lang='lat' dir='ltr'>inter</span> <span class='ocrx_word' id='word_1_23' title='bbox 1012 409 1247 458; x_wconf 84' lang='lat' dir='ltr'>utrumque</span> <span class='ocrx_word' id='word_1_24' title='bbox 1275 399 1375 442; x_wconf 75' lang='lat' dir='ltr'>fidei</span> <span class='ocrx_word' id='word_1_25' title='bbox 1399 416 1488 442; x_wconf 64' lang='lat' dir='ltr'>suae</span> <span class='ocrx_word' id='word_1_26' title='bbox 1511 400 1731 457; x_wconf 70' lang='lat' dir='ltr'>navigium</span> <span class='ocrx_word' id='word_1_27' title='bbox 1749 434 1759 452; x_wconf 92' lang='lat'><strong>‚</strong></span> 
     </span>
     <span class='ocr_line' id='line_1_5' title="bbox 382 467 1765 529; baseline 0.003 -20"><span class='ocrx_word' id='word_1_28' title='bbox 382 467 587 527; x_wconf 84' lang='lat' dir='ltr'>quoniam</span> <span class='ocrx_word' id='word_1_29' title='bbox 611 467 852 512; x_wconf 86' lang='lat' dir='ltr'>cavendum</span> <span class='ocrx_word' id='word_1_30' title='bbox 885 480 947 512; x_wconf 85' lang='lat' dir='ltr'>est</span> <span class='ocrx_word' id='word_1_31' title='bbox 974 469 1017 511; x_wconf 87' lang='lat' dir='ltr'>in</span> <span class='ocrx_word' id='word_1_32' title='bbox 1040 479 1227 529; x_wconf 80' lang='lat' dir='ltr'>utroque</span> <span class='ocrx_word' id='word_1_33' title='bbox 1250 468 1537 526; x_wconf 71' lang='lat' dir='ltr'>naufragium.</span> <span class='ocrx_word' id='word_1_34' title='bbox 1567 470 1640 513; x_wconf 88' lang='lat' dir='ltr'>Dic</span> <span class='ocrx_word' id='word_1_35' title='bbox 1663 485 1765 527; x_wconf 86' lang='lat' dir='ltr'>ergo</span> 
     </span>
     <span class='ocr_line' id='line_1_6' title="bbox 384 537 1764 597; baseline 0.001 -16"><span class='ocrx_word' id='word_1_36' title='bbox 384 547 460 592; x_wconf 88' lang='lat' dir='ltr'>tu,</span> <span class='ocrx_word' id='word_1_37' title='bbox 496 539 614 596; x_wconf 78' lang='lat' dir='ltr'>quod</span> <span class='ocrx_word' id='word_1_38' title='bbox 647 537 748 581; x_wconf 88' lang='lat' dir='ltr'>dicit</span> <span class='ocrx_word' id='word_1_39' title='bbox 778 537 1088 595; x_wconf 82' lang='lat' dir='ltr'>Evangelium,</span> <span class='ocrx_word' id='word_1_40' title='bbox 1137 558 1153 577; x_wconf 90' lang='lat'>«</span> <span class='ocrx_word' id='word_1_41' title='bbox 1182 542 1275 597; x_wconf 85' lang='lat' dir='ltr'>Ego</span> <span class='ocrx_word' id='word_1_42' title='bbox 1307 549 1346 582; x_wconf 91' lang='lat' dir='ltr'>et</span> <span class='ocrx_word' id='word_1_43' title='bbox 1374 543 1499 582; x_wconf 85' lang='lat' dir='ltr'>Pater</span> <span class='ocrx_word' id='word_1_44' title='bbox 1531 554 1668 583; x_wconf 89' lang='lat' dir='ltr'>unum</span> <span class='ocrx_word' id='word_1_45' title='bbox 1691 555 1764 583; x_wconf 92' lang='lat' dir='ltr'>su-</span> 
     </span>
     <span class='ocr_line' id='line_1_7' title="bbox 387 606 1768 670; baseline 0.004 -22"><span class='ocrx_word' id='word_1_46' title='bbox 387 625 407 648; x_wconf 88' lang='lat'>»</span> <span class='ocrx_word' id='word_1_47' title='bbox 433 623 544 651; x_wconf 90' lang='lat' dir='ltr'>mus.</span> <span class='ocrx_word' id='word_1_48' title='bbox 567 626 586 648; x_wconf 90' lang='lat'>»</span> <span class='ocrx_word' id='word_1_49' title='bbox 608 611 703 652; x_wconf 85' lang='lat' dir='ltr'>Non</span> <span class='ocrx_word' id='word_1_50' title='bbox 729 623 831 666; x_wconf 81' lang='lat' dir='ltr'>ergo</span> <span class='ocrx_word' id='word_1_51' title='bbox 853 606 1087 664; x_wconf 86' lang='lat' dir='ltr'>diversum,</span> <span class='ocrx_word' id='word_1_52' title='bbox 1111 609 1212 668; x_wconf 84' lang='lat' dir='ltr'>quia</span> <span class='ocrx_word' id='word_1_53' title='bbox 1231 625 1384 664; x_wconf 86' lang='lat' dir='ltr'>unum,</span> <span class='ocrx_word' id='word_1_54' title='bbox 1411 624 1498 653; x_wconf 88' lang='lat' dir='ltr'>non</span> <span class='ocrx_word' id='word_1_55' title='bbox 1517 625 1645 664; x_wconf 87' lang='lat' dir='ltr'>unus,</span> <span class='ocrx_word' id='word_1_56' title='bbox 1666 610 1768 670; x_wconf 89' lang='lat' dir='ltr'>quia</span> 
     </span>
     <span class='ocr_line' id='line_1_8' title="bbox 383 693 548 722; baseline -0.018 0"><span class='ocrx_word' id='word_1_57' title='bbox 383 693 548 722; x_wconf 84' lang='lat' dir='ltr'>sumus.</span> 
     </span>
    </p>

    <p class='ocr_par' dir='ltr' id='par_1_3' title="bbox 385 747 1809 2503">
     <span class='ocr_line' id='line_1_9' title="bbox 450 747 1762 804; baseline 0.002 -13"><span class='ocrx_word' id='word_1_58' title='bbox 450 751 548 791; x_wconf 86' lang='lat' dir='ltr'>VII.</span> <span class='ocrx_word' id='word_1_59' title='bbox 587 747 722 791; x_wconf 84' lang='lat' dir='ltr'>Paulo</span> <span class='ocrx_word' id='word_1_60' title='bbox 751 758 850 792; x_wconf 87' lang='lat' dir='ltr'>aute</span> <span class='ocrx_word' id='word_1_61' title='bbox 877 748 983 793; x_wconf 85' lang='lat' dir='ltr'>dixit</span> <span class='ocrx_word' id='word_1_62' title='bbox 1008 767 1019 793; x_wconf 92' lang='lat'>.·</span> <span class='ocrx_word' id='word_1_63' title='bbox 1046 769 1064 790; x_wconf 92' lang='lat'>«</span> <span class='ocrx_word' id='word_1_64' title='bbox 1087 749 1309 793; x_wconf 88' lang='lat' dir='ltr'>Judicium</span> <span class='ocrx_word' id='word_1_65' title='bbox 1334 765 1478 792; x_wconf 87' lang='lat' dir='ltr'>meum</span> <span class='ocrx_word' id='word_1_66' title='bbox 1502 765 1649 793; x_wconf 90' lang='lat' dir='ltr'>verum</span> <span class='ocrx_word' id='word_1_67' title='bbox 1674 760 1762 804; x_wconf 89' lang='lat' dir='ltr'>est,</span> 
     </span>
     <span class='ocr_line' id='line_1_10' title="bbox 390 819 1766 881; baseline 0.004 -21"><span class='ocrx_word' id='word_1_68' title='bbox 390 839 407 860; x_wconf 87' lang='lat'>»</span> <span class='ocrx_word' id='word_1_69' title='bbox 443 819 543 878; x_wconf 87' lang='lat' dir='ltr'>quia</span> <span class='ocrx_word' id='word_1_70' title='bbox 562 821 676 863; x_wconf 85' lang='lat' dir='ltr'>solus</span> <span class='ocrx_word' id='word_1_71' title='bbox 699 835 785 863; x_wconf 85' lang='lat' dir='ltr'>uon</span> <span class='ocrx_word' id='word_1_72' title='bbox 805 836 923 873; x_wconf 87' lang='lat' dir='ltr'>sum,</span> <span class='ocrx_word' id='word_1_73' title='bbox 944 822 1017 867; x_wconf 87' lang='lat' dir='ltr'>sed</span> <span class='ocrx_word' id='word_1_74' title='bbox 1041 837 1121 879; x_wconf 83' lang='lat' dir='ltr'>ego</span> <span class='ocrx_word' id='word_1_75' title='bbox 1150 830 1191 864; x_wconf 81' lang='lat' dir='ltr'>et</span> <span class='ocrx_word' id='word_1_76' title='bbox 1214 821 1289 881; x_wconf 86' lang='lat' dir='ltr'>qui</span> <span class='ocrx_word' id='word_1_77' title='bbox 1311 821 1424 864; x_wconf 83' lang='lat' dir='ltr'>misit</span> <span class='ocrx_word' id='word_1_78' title='bbox 1442 837 1510 864; x_wconf 90' lang='lat' dir='ltr'>me</span> <span class='ocrx_word' id='word_1_79' title='bbox 1533 825 1660 865; x_wconf 85' lang='lat' dir='ltr'>Pater</span> <span class='ocrx_word' id='word_1_80' title='bbox 1679 824 1715 865; x_wconf 89' lang='lat'>¹:</span> <span class='ocrx_word' id='word_1_81' title='bbox 1746 840 1766 862; x_wconf 86' lang='lat'>»</span> 
     </span>
     <span class='ocr_line' id='line_1_11' title="bbox 385 890 1769 951; baseline 0.002 -19"><span class='ocrx_word' id='word_1_82' title='bbox 385 900 593 949; x_wconf 78' lang='lat' dir='ltr'>tanquam</span> <span class='ocrx_word' id='word_1_83' title='bbox 617 891 800 945; x_wconf 82' lang='lat' dir='ltr'>diceret,</span> <span class='ocrx_word' id='word_1_84' title='bbox 834 890 937 935; x_wconf 83' lang='lat' dir='ltr'>Ideo</span> <span class='ocrx_word' id='word_1_85' title='bbox 963 891 1176 951; x_wconf 81' lang='lat' dir='ltr'>judicium</span> <span class='ocrx_word' id='word_1_86' title='bbox 1210 907 1353 935; x_wconf 89' lang='lat' dir='ltr'>meum</span> <span class='ocrx_word' id='word_1_87' title='bbox 1381 901 1444 935; x_wconf 90' lang='lat' dir='ltr'>est</span> <span class='ocrx_word' id='word_1_88' title='bbox 1466 907 1641 946; x_wconf 87' lang='lat' dir='ltr'>verum,</span> <span class='ocrx_word' id='word_1_89' title='bbox 1667 892 1769 951; x_wconf 81' lang='lat' dir='ltr'>quia</span> 
     </span>
     <span class='ocr_line' id='line_1_12' title="bbox 386 961 1769 1022; baseline 0.002 -19"><span class='ocrx_word' id='word_1_90' title='bbox 386 961 520 1004; x_wconf 86' lang='lat' dir='ltr'>Filius</span> <span class='ocrx_word' id='word_1_91' title='bbox 544 961 619 1004; x_wconf 85' lang='lat' dir='ltr'>Dei</span> <span class='ocrx_word' id='word_1_92' title='bbox 642 977 735 1004; x_wconf 93' lang='lat' dir='ltr'>sum</span> <span class='ocrx_word' id='word_1_93' title='bbox 750 997 759 1014; x_wconf 81' lang='lat'>,</span> <span class='ocrx_word' id='word_1_94' title='bbox 782 962 881 1021; x_wconf 76' lang='lat' dir='ltr'>quia</span> <span class='ocrx_word' id='word_1_95' title='bbox 901 978 1050 1005; x_wconf 87' lang='lat' dir='ltr'>verum</span> <span class='ocrx_word' id='word_1_96' title='bbox 1070 962 1248 1022; x_wconf 84' lang='lat' dir='ltr'>loquor,</span> <span class='ocrx_word' id='word_1_97' title='bbox 1275 963 1376 1022; x_wconf 78' lang='lat' dir='ltr'>quia</span> <span class='ocrx_word' id='word_1_98' title='bbox 1401 962 1489 1022; x_wconf 86' lang='lat' dir='ltr'>ipsa</span> <span class='ocrx_word' id='word_1_99' title='bbox 1512 963 1671 1006; x_wconf 86' lang='lat' dir='ltr'>veritas</span> <span class='ocrx_word' id='word_1_100' title='bbox 1691 977 1769 1019; x_wconf 82' lang='lat' dir='ltr'>ego</span> 
     </span>
     <span class='ocr_line' id='line_1_13' title="bbox 386 1031 1771 1091; baseline 0.001 -17"><span class='ocrx_word' id='word_1_101' title='bbox 386 1047 497 1075; x_wconf 87' lang='lat' dir='ltr'>sum.</span> <span class='ocrx_word' id='word_1_102' title='bbox 523 1032 592 1074; x_wconf 82' lang='lat' dir='ltr'>[sti</span> <span class='ocrx_word' id='word_1_103' title='bbox 615 1032 842 1075; x_wconf 78' lang='lat' dir='ltr'>carnaliter</span> <span class='ocrx_word' id='word_1_104' title='bbox 862 1031 1179 1091; x_wconf 76' lang='lat' dir='ltr'><strong>intelligentes,</strong></span> <span class='ocrx_word' id='word_1_105' title='bbox 1206 1032 1408 1076; x_wconf 86' lang='lat' dir='ltr'>dixerunt</span> <span class='ocrx_word' id='word_1_106' title='bbox 1428 1052 1437 1078; x_wconf 77' lang='lat'><em>2</em></span> <span class='ocrx_word' id='word_1_107' title='bbox 1459 1052 1477 1073; x_wconf 93' lang='lat'>«</span> <span class='ocrx_word' id='word_1_108' title='bbox 1505 1034 1588 1076; x_wconf 86' lang='lat' dir='ltr'>Ubi</span> <span class='ocrx_word' id='word_1_109' title='bbox 1612 1041 1675 1076; x_wconf 86' lang='lat' dir='ltr'>est</span> <span class='ocrx_word' id='word_1_110' title='bbox 1694 1036 1771 1076; x_wconf 89' lang='lat' dir='ltr'>Pa-</span> 
     </span>
     <span class='ocr_line' id='line_1_14' title="bbox 390 1102 1773 1163; baseline 0 -18"><span class='ocrx_word' id='word_1_111' title='bbox 390 1121 409 1143; x_wconf 86' lang='lat'>»</span> <span class='ocrx_word' id='word_1_112' title='bbox 446 1112 509 1145; x_wconf 90' lang='lat' dir='ltr'>ter</span> <span class='ocrx_word' id='word_1_113' title='bbox 533 1104 687 1146; x_wconf 73' lang='lat' dir='ltr'>tuus2?</span> <span class='ocrx_word' id='word_1_114' title='bbox 707 1102 874 1147; x_wconf 80' lang='lat' dir='ltr'>»Modo</span> <span class='ocrx_word' id='word_1_115' title='bbox 901 1103 1002 1146; x_wconf 83' lang='lat' dir='ltr'>audi</span> <span class='ocrx_word' id='word_1_116' title='bbox 1025 1104 1181 1147; x_wconf 80' lang='lat' dir='ltr'>Ariane</span> <span class='ocrx_word' id='word_1_117' title='bbox 1201 1123 1208 1147; x_wconf 90' lang='lat'><strong>:</strong></span> <span class='ocrx_word' id='word_1_118' title='bbox 1233 1123 1250 1143; x_wconf 90' lang='lat'>«</span> <span class='ocrx_word' id='word_1_119' title='bbox 1270 1106 1419 1163; x_wconf 86' lang='lat' dir='ltr'>Neque</span> <span class='ocrx_word' id='word_1_120' title='bbox 1445 1118 1511 1146; x_wconf 91' lang='lat' dir='ltr'>me</span> <span class='ocrx_word' id='word_1_121' title='bbox 1528 1103 1640 1147; x_wconf 89' lang='lat' dir='ltr'>scitis</span> <span class='ocrx_word' id='word_1_122' title='bbox 1656 1138 1666 1157; x_wconf 88' lang='lat'>,</span> <span class='ocrx_word' id='word_1_123' title='bbox 1696 1118 1773 1145; x_wconf 92' lang='lat' dir='ltr'>ne-</span> 
     </span>
     <span class='ocr_line' id='line_1_15' title="bbox 390 1174 1771 1233; baseline 0 -18"><span class='ocrx_word' id='word_1_124' title='bbox 390 1192 408 1214; x_wconf 89' lang='lat'>»</span> <span class='ocrx_word' id='word_1_125' title='bbox 441 1189 527 1233; x_wconf 83' lang='lat' dir='ltr'>que</span> <span class='ocrx_word' id='word_1_126' title='bbox 550 1177 720 1217; x_wconf 80' lang='lat' dir='ltr'>Patrem</span> <span class='ocrx_word' id='word_1_127' title='bbox 746 1189 891 1217; x_wconf 91' lang='lat' dir='ltr'>meum</span> <span class='ocrx_word' id='word_1_128' title='bbox 921 1191 929 1214; x_wconf 91' lang='lat'>:</span> <span class='ocrx_word' id='word_1_129' title='bbox 960 1193 979 1214; x_wconf 83' lang='lat'>»</span> <span class='ocrx_word' id='word_1_130' title='bbox 1008 1174 1108 1233; x_wconf 88' lang='lat' dir='ltr'>quia</span> <span class='ocrx_word' id='word_1_131' title='bbox 1138 1193 1157 1215; x_wconf 91' lang='lat'>«</span> <span class='ocrx_word' id='word_1_132' title='bbox 1183 1174 1215 1217; x_wconf 91' lang='lat' dir='ltr'>si</span> <span class='ocrx_word' id='word_1_133' title='bbox 1239 1189 1307 1217; x_wconf 91' lang='lat' dir='ltr'>me</span> <span class='ocrx_word' id='word_1_134' title='bbox 1334 1175 1493 1217; x_wconf 80' lang='lat' dir='ltr'>sciretis</span> <span class='ocrx_word' id='word_1_135' title='bbox 1529 1183 1571 1217; x_wconf 92' lang='lat' dir='ltr'>et</span> <span class='ocrx_word' id='word_1_136' title='bbox 1601 1177 1771 1216; x_wconf 85' lang='lat' dir='ltr'>Patrem</span> 
     </span>
     <span class='ocr_line' id='line_1_16' title="bbox 391 1244 1771 1297; baseline 0.002 -14"><span class='ocrx_word' id='word_1_137' title='bbox 391 1264 409 1284; x_wconf 67' lang='grc' dir='ltr'>η</span> <span class='ocrx_word' id='word_1_138' title='bbox 447 1259 591 1286; x_wconf 92' lang='lat' dir='ltr'>meum</span> <span class='ocrx_word' id='word_1_139' title='bbox 621 1245 796 1287; x_wconf 77' lang='lat' dir='ltr'>sciretis.</span> <span class='ocrx_word' id='word_1_140' title='bbox 823 1263 842 1284; x_wconf 86' lang='lat'>»</span> <span class='ocrx_word' id='word_1_141' title='bbox 867 1244 983 1296; x_wconf 85' lang='lat' dir='ltr'>Quid</span> <span class='ocrx_word' id='word_1_142' title='bbox 1007 1253 1093 1297; x_wconf 90' lang='lat' dir='ltr'>est,</span> <span class='ocrx_word' id='word_1_143' title='bbox 1120 1264 1139 1285; x_wconf 71' lang='grc' dir='ltr'>ε(</span> <span class='ocrx_word' id='word_1_144' title='bbox 1169 1244 1210 1288; x_wconf 85' lang='lat' dir='ltr'>Si</span> <span class='ocrx_word' id='word_1_145' title='bbox 1233 1259 1301 1287; x_wconf 90' lang='lat' dir='ltr'>me</span> <span class='ocrx_word' id='word_1_146' title='bbox 1323 1244 1485 1287; x_wconf 81' lang='lat' dir='ltr'>sciretis</span> <span class='ocrx_word' id='word_1_147' title='bbox 1520 1253 1562 1287; x_wconf 86' lang='lat' dir='ltr'>et</span> <span class='ocrx_word' id='word_1_148' title='bbox 1600 1246 1771 1286; x_wconf 81' lang='lat' dir='ltr'>Patrem</span> 
     </span>
     <span class='ocr_line' id='line_1_17' title="bbox 390 1312 1772 1371; baseline 0.001 -16"><span class='ocrx_word' id='word_1_149' title='bbox 390 1332 409 1351; x_wconf 72' lang='lat' dir='ltr'>u</span> <span class='ocrx_word' id='word_1_150' title='bbox 448 1329 591 1356; x_wconf 85' lang='lat' dir='ltr'>mcum</span> <span class='ocrx_word' id='word_1_151' title='bbox 610 1314 787 1367; x_wconf 75' lang='lat' dir='ltr'>sciretis,</span> <span class='ocrx_word' id='word_1_152' title='bbox 808 1333 826 1353; x_wconf 70' lang='lat' dir='ltr'>n</span> <span class='ocrx_word' id='word_1_153' title='bbox 841 1315 917 1356; x_wconf 88' lang='lat' dir='ltr'>uisi</span> <span class='ocrx_word' id='word_1_154' title='bbox 936 1329 1014 1371; x_wconf 78' lang='lat' dir='ltr'>ego</span> <span class='ocrx_word' id='word_1_155' title='bbox 1036 1324 1076 1357; x_wconf 93' lang='lat' dir='ltr'>et</span> <span class='ocrx_word' id='word_1_156' title='bbox 1090 1318 1216 1357; x_wconf 85' lang='lat' dir='ltr'>Pater</span> <span class='ocrx_word' id='word_1_157' title='bbox 1234 1330 1323 1357; x_wconf 89' lang='lat' dir='ltr'>unu</span> <span class='ocrx_word' id='word_1_158' title='bbox 1333 1329 1371 1356; x_wconf 92' lang='lat' dir='ltr'>m</span> <span class='ocrx_word' id='word_1_159' title='bbox 1390 1329 1537 1357; x_wconf 87' lang='lat' dir='ltr'>sumus</span> <span class='ocrx_word' id='word_1_160' title='bbox 1554 1315 1571 1354; x_wconf 64' lang='lat'>‘5</span> <span class='ocrx_word' id='word_1_161' title='bbox 1587 1312 1772 1365; x_wconf 83' lang='lat' dir='ltr'>Quando</span> 
     </span>
     <span class='ocr_line' id='line_1_18' title="bbox 389 1383 1770 1444; baseline 0 -18"><span class='ocrx_word' id='word_1_162' title='bbox 389 1383 506 1427; x_wconf 82' lang='lat' dir='ltr'>vides</span> <span class='ocrx_word' id='word_1_163' title='bbox 529 1384 724 1444; x_wconf 19' lang='lat' dir='ltr'>aliquem,</span> <span class='ocrx_word' id='word_1_164' title='bbox 751 1384 878 1427; x_wconf 83' lang='lat' dir='ltr'>alicui</span> <span class='ocrx_word' id='word_1_165' title='bbox 902 1383 1105 1438; x_wconf 79' lang='lat' dir='ltr'>similem,</span> <span class='ocrx_word' id='word_1_166' title='bbox 1138 1384 1338 1427; x_wconf 84' lang='lat' dir='ltr'>intendat</span> <span class='ocrx_word' id='word_1_167' title='bbox 1372 1384 1566 1428; x_wconf 77' lang='lat' dir='ltr'>Charitas</span> <span class='ocrx_word' id='word_1_168' title='bbox 1595 1386 1770 1437; x_wconf 76' lang='lat' dir='ltr'>Vestra,</span> 
     </span>
     <span class='ocr_line' id='line_1_19' title="bbox 389 1453 1773 1514; baseline 0 -18"><span class='ocrx_word' id='word_1_169' title='bbox 389 1453 641 1514; x_wconf 82' lang='lat' dir='ltr'>quotidiana</span> <span class='ocrx_word' id='word_1_170' title='bbox 665 1453 827 1497; x_wconf 85' lang='lat' dir='ltr'>locutio</span> <span class='ocrx_word' id='word_1_171' title='bbox 859 1463 942 1508; x_wconf 85' lang='lat' dir='ltr'>est,</span> <span class='ocrx_word' id='word_1_172' title='bbox 976 1470 1064 1498; x_wconf 89' lang='lat' dir='ltr'>non</span> <span class='ocrx_word' id='word_1_173' title='bbox 1092 1455 1144 1498; x_wconf 92' lang='lat' dir='ltr'>sit</span> <span class='ocrx_word' id='word_1_174' title='bbox 1168 1454 1288 1498; x_wconf 87' lang='lat' dir='ltr'>vobis</span> <span class='ocrx_word' id='word_1_175' title='bbox 1308 1454 1491 1512; x_wconf 86' lang='lat' dir='ltr'>arduum</span> <span class='ocrx_word' id='word_1_176' title='bbox 1510 1490 1520 1508; x_wconf 90' lang='lat'>,</span> <span class='ocrx_word' id='word_1_177' title='bbox 1541 1453 1661 1514; x_wconf 83' lang='lat' dir='ltr'>quod</span> <span class='ocrx_word' id='word_1_178' title='bbox 1684 1469 1773 1497; x_wconf 88' lang='lat' dir='ltr'>esse</span> 
     </span>
     <span class='ocr_line' id='line_1_20' title="bbox 390 1524 1774 1585; baseline -0.001 -17"><span class='ocrx_word' id='word_1_179' title='bbox 390 1525 611 1569; x_wconf 77' lang='lat' dir='ltr'>advertitis</span> <span class='ocrx_word' id='word_1_180' title='bbox 640 1526 846 1568; x_wconf 84' lang='lat' dir='ltr'>usitatum</span> <span class='ocrx_word' id='word_1_181' title='bbox 870 1545 877 1568; x_wconf 87' lang='lat'><strong>:</strong></span> <span class='ocrx_word' id='word_1_182' title='bbox 900 1525 1076 1585; x_wconf 82' lang='lat' dir='ltr'>quaudo</span> <span class='ocrx_word' id='word_1_183' title='bbox 1099 1541 1202 1583; x_wconf 83' lang='lat' dir='ltr'>ergo</span> <span class='ocrx_word' id='word_1_184' title='bbox 1220 1525 1339 1569; x_wconf 85' lang='lat' dir='ltr'>vides</span> <span class='ocrx_word' id='word_1_185' title='bbox 1357 1525 1543 1584; x_wconf 73' lang='lat' dir='ltr'>aliquem</span> <span class='ocrx_word' id='word_1_186' title='bbox 1568 1524 1697 1569; x_wconf 88' lang='lat' dir='ltr'>alicui</span> <span class='ocrx_word' id='word_1_187' title='bbox 1715 1525 1774 1567; x_wconf 92' lang='lat' dir='ltr'>si-</span> 
     </span>
     <span class='ocr_line' id='line_1_21' title="bbox 393 1593 1773 1650; baseline 0 -12"><span class='ocrx_word' id='word_1_188' title='bbox 393 1595 556 1649; x_wconf 83' lang='lat' dir='ltr'>milem,</span> <span class='ocrx_word' id='word_1_189' title='bbox 577 1605 618 1639; x_wconf 88' lang='lat' dir='ltr'>et</span> <span class='ocrx_word' id='word_1_190' title='bbox 635 1596 745 1639; x_wconf 87' lang='lat' dir='ltr'>nosti</span> <span class='ocrx_word' id='word_1_191' title='bbox 766 1605 813 1638; x_wconf 88' lang='lat' dir='ltr'>tu</span> <span class='ocrx_word' id='word_1_192' title='bbox 829 1597 896 1639; x_wconf 88' lang='lat' dir='ltr'>cui</span> <span class='ocrx_word' id='word_1_193' title='bbox 913 1595 1059 1639; x_wconf 90' lang='lat' dir='ltr'>similis</span> <span class='ocrx_word' id='word_1_194' title='bbox 1075 1596 1149 1650; x_wconf 89' lang='lat' dir='ltr'>sit,</span> <span class='ocrx_word' id='word_1_195' title='bbox 1167 1595 1383 1639; x_wconf 86' lang='lat' dir='ltr'>admirans</span> <span class='ocrx_word' id='word_1_196' title='bbox 1401 1594 1521 1649; x_wconf 88' lang='lat' dir='ltr'>dicis,</span> <span class='ocrx_word' id='word_1_197' title='bbox 1543 1593 1773 1648; x_wconf 87' lang='lat' dir='ltr'>Quomodo</span> 
     </span>
     <span class='ocr_line' id='line_1_22' title="bbox 392 1665 1777 1720; baseline 0 -10"><span class='ocrx_word' id='word_1_198' title='bbox 392 1668 470 1711; x_wconf 86' lang='lat' dir='ltr'>iste</span> <span class='ocrx_word' id='word_1_199' title='bbox 485 1668 616 1711; x_wconf 88' lang='lat' dir='ltr'>homo</span> <span class='ocrx_word' id='word_1_200' title='bbox 639 1666 788 1711; x_wconf 88' lang='lat' dir='ltr'>similis</span> <span class='ocrx_word' id='word_1_201' title='bbox 810 1674 873 1710; x_wconf 85' lang='lat' dir='ltr'>est</span> <span class='ocrx_word' id='word_1_202' title='bbox 890 1667 950 1710; x_wconf 88' lang='lat' dir='ltr'>illi</span> <span class='ocrx_word' id='word_1_203' title='bbox 965 1667 1131 1711; x_wconf 86' lang='lat' dir='ltr'>homini</span> <span class='ocrx_word' id='word_1_204' title='bbox 1149 1670 1166 1709; x_wconf 78' lang='lat'>⁶?</span> <span class='ocrx_word' id='word_1_205' title='bbox 1185 1669 1276 1711; x_wconf 90' lang='lat' dir='ltr'>Hoc</span> <span class='ocrx_word' id='word_1_206' title='bbox 1292 1683 1376 1709; x_wconf 68' lang='lat' dir='ltr'>nou</span> <span class='ocrx_word' id='word_1_207' title='bbox 1396 1666 1572 1720; x_wconf 78' lang='lat' dir='ltr'>diceres,</span> <span class='ocrx_word' id='word_1_208' title='bbox 1592 1666 1670 1709; x_wconf 89' lang='lat' dir='ltr'>nisi</span> <span class='ocrx_word' id='word_1_209' title='bbox 1688 1665 1777 1710; x_wconf 93' lang='lat' dir='ltr'>duo</span> 
     </span>
     <span class='ocr_line' id='line_1_23' title="bbox 392 1738 1809 1798; baseline -0.001 -16"><span class='ocrx_word' id='word_1_210' title='bbox 392 1749 545 1782; x_wconf 87' lang='lat' dir='ltr'>essent.</span> <span class='ocrx_word' id='word_1_211' title='bbox 580 1740 659 1782; x_wconf 92' lang='lat' dir='ltr'>Hic</span> <span class='ocrx_word' id='word_1_212' title='bbox 692 1738 764 1782; x_wconf 89' lang='lat' dir='ltr'>ille</span> <span class='ocrx_word' id='word_1_213' title='bbox 797 1740 872 1798; x_wconf 83' lang='lat' dir='ltr'>qui</span> <span class='ocrx_word' id='word_1_214' title='bbox 897 1755 996 1782; x_wconf 89' lang='lat' dir='ltr'>eum</span> <span class='ocrx_word' id='word_1_215' title='bbox 1028 1739 1226 1797; x_wconf 81' lang='lat' dir='ltr'>ignorat,</span> <span class='ocrx_word' id='word_1_216' title='bbox 1263 1739 1332 1782; x_wconf 86' lang='lat' dir='ltr'>cui</span> <span class='ocrx_word' id='word_1_217' title='bbox 1361 1748 1408 1781; x_wconf 86' lang='lat' dir='ltr'>tu</span> <span class='ocrx_word' id='word_1_218' title='bbox 1436 1739 1566 1782; x_wconf 90' lang='lat' dir='ltr'>istum</span> <span class='ocrx_word' id='word_1_219' title='bbox 1595 1738 1778 1781; x_wconf 86' lang='lat' dir='ltr'>similem</span> <span class='ocrx_word' id='word_1_220' title='bbox 1808 1750 1809 1798; x_wconf 52' lang='lat' dir='ltr'>i</span> 
     </span>
     <span class='ocr_line' id='line_1_24' title="bbox 392 1808 1775 1868; baseline -0.001 -16"><span class='ocrx_word' id='word_1_221' title='bbox 392 1810 512 1861; x_wconf 71' lang='lat' dir='ltr'>dicis,</span> <span class='ocrx_word' id='word_1_222' title='bbox 535 1812 689 1862; x_wconf 83' lang='lat' dir='ltr'>Ita-ne,</span> <span class='ocrx_word' id='word_1_223' title='bbox 710 1810 866 1868; x_wconf 83' lang='lat' dir='ltr'>iuquit,</span> <span class='ocrx_word' id='word_1_224' title='bbox 886 1809 1031 1852; x_wconf 90' lang='lat' dir='ltr'>similis</span> <span class='ocrx_word' id='word_1_225' title='bbox 1055 1811 1148 1852; x_wconf 76' lang='lat' dir='ltr'>est?</span> <span class='ocrx_word' id='word_1_226' title='bbox 1166 1812 1221 1852; x_wconf 91' lang='lat' dir='ltr'>Et</span> <span class='ocrx_word' id='word_1_227' title='bbox 1241 1818 1288 1852; x_wconf 92' lang='lat' dir='ltr'>tu</span> <span class='ocrx_word' id='word_1_228' title='bbox 1304 1808 1492 1861; x_wconf 83' lang='lat' dir='ltr'>adeum,</span> <span class='ocrx_word' id='word_1_229' title='bbox 1512 1808 1626 1860; x_wconf 90' lang='lat' dir='ltr'>Quid</span> <span class='ocrx_word' id='word_1_230' title='bbox 1643 1808 1775 1863; x_wconf 79' lang='lat' dir='ltr'>enim,</span> 
     </span>
     <span class='ocr_line' id='line_1_25' title="bbox 394 1879 1809 1942; baseline -0.001 -18"><span class='ocrx_word' id='word_1_231' title='bbox 394 1891 441 1925; x_wconf 89' lang='lat' dir='ltr'>tu</span> <span class='ocrx_word' id='word_1_232' title='bbox 465 1880 588 1924; x_wconf 90' lang='lat' dir='ltr'>illum</span> <span class='ocrx_word' id='word_1_233' title='bbox 614 1896 703 1924; x_wconf 87' lang='lat' dir='ltr'>non</span> <span class='ocrx_word' id='word_1_234' title='bbox 733 1880 877 1923; x_wconf 79' lang='lat' dir='ltr'>nosti?</span> <span class='ocrx_word' id='word_1_235' title='bbox 906 1883 963 1925; x_wconf 84' lang='lat' dir='ltr'>At</span> <span class='ocrx_word' id='word_1_236' title='bbox 986 1879 1059 1922; x_wconf 83' lang='lat' dir='ltr'>ille</span> <span class='ocrx_word' id='word_1_237' title='bbox 1077 1915 1086 1933; x_wconf 81' lang='lat'>,</span> <span class='ocrx_word' id='word_1_238' title='bbox 1116 1883 1212 1923; x_wconf 89' lang='lat' dir='ltr'>Non</span> <span class='ocrx_word' id='word_1_239' title='bbox 1237 1880 1362 1933; x_wconf 87' lang='lat' dir='ltr'>novi,</span> <span class='ocrx_word' id='word_1_240' title='bbox 1390 1879 1546 1938; x_wconf 82' lang='lat' dir='ltr'>inquit.</span> <span class='ocrx_word' id='word_1_241' title='bbox 1574 1882 1669 1923; x_wconf 87' lang='lat' dir='ltr'>Jam</span> <span class='ocrx_word' id='word_1_242' title='bbox 1701 1889 1775 1933; x_wconf 88' lang='lat' dir='ltr'>tu,</span> <span class='ocrx_word' id='word_1_243' title='bbox 1807 1893 1809 1942; x_wconf 53' lang='grc'>11</span> 
     </span>
     <span class='ocr_line' id='line_1_26' title="bbox 395 1948 1779 2011; baseline -0.003 -16"><span class='ocrx_word' id='word_1_244' title='bbox 395 1961 441 1995; x_wconf 89' lang='lat' dir='ltr'>ut</span> <span class='ocrx_word' id='word_1_245' title='bbox 467 1951 588 1994; x_wconf 84' lang='lat' dir='ltr'>iilum</span> <span class='ocrx_word' id='word_1_246' title='bbox 609 1967 736 2011; x_wconf 81' lang='lat' dir='ltr'>quem</span> <span class='ocrx_word' id='word_1_247' title='bbox 763 1951 926 2003; x_wconf 82' lang='lat' dir='ltr'>nescit,</span> <span class='ocrx_word' id='word_1_248' title='bbox 951 1951 989 1993; x_wconf 90' lang='lat' dir='ltr'>ei</span> <span class='ocrx_word' id='word_1_249' title='bbox 1013 1959 1167 1992; x_wconf 90' lang='lat' dir='ltr'>notum</span> <span class='ocrx_word' id='word_1_250' title='bbox 1190 1948 1315 1992; x_wconf 88' lang='lat' dir='ltr'>facias</span> <span class='ocrx_word' id='word_1_251' title='bbox 1333 1966 1385 1992; x_wconf 77' lang='lat' dir='ltr'>ex</span> <span class='ocrx_word' id='word_1_252' title='bbox 1409 1959 1622 2007; x_wconf 81' lang='lat' dir='ltr'>praesente</span> <span class='ocrx_word' id='word_1_253' title='bbox 1648 1963 1779 2008; x_wconf 83' lang='lat' dir='ltr'>quem</span> 
     </span>
     <span class='ocr_line' id='line_1_27' title="bbox 394 2018 1807 2079; baseline -0.001 -14"><span class='ocrx_word' id='word_1_254' title='bbox 394 2022 546 2073; x_wconf 82' lang='lat' dir='ltr'>cernit,</span> <span class='ocrx_word' id='word_1_255' title='bbox 570 2022 801 2079; x_wconf 78' lang='lat' dir='ltr'>respondes</span> <span class='ocrx_word' id='word_1_256' title='bbox 821 2029 862 2063; x_wconf 91' lang='lat' dir='ltr'>et</span> <span class='ocrx_word' id='word_1_257' title='bbox 885 2019 1005 2071; x_wconf 78' lang='lat' dir='ltr'>dicis,</span> <span class='ocrx_word' id='word_1_258' title='bbox 1034 2022 1161 2062; x_wconf 86' lang='lat' dir='ltr'>Hunc</span> <span class='ocrx_word' id='word_1_259' title='bbox 1178 2018 1337 2073; x_wconf 87' lang='lat' dir='ltr'>vidisti,</span> <span class='ocrx_word' id='word_1_260' title='bbox 1362 2019 1486 2062; x_wconf 84' lang='lat' dir='ltr'>illum</span> <span class='ocrx_word' id='word_1_261' title='bbox 1510 2018 1667 2062; x_wconf 87' lang='lat' dir='ltr'>vidisti.</span> <span class='ocrx_word' id='word_1_262' title='bbox 1683 2022 1779 2063; x_wconf 89' lang='lat' dir='ltr'>Non</span> <span class='ocrx_word' id='word_1_263' title='bbox 1806 2058 1807 2065; x_wconf 70' lang='grc'>,</span> 
     </span>
     <span class='ocr_line' id='line_1_28' title="bbox 395 2088 1807 2151; baseline -0.001 -17"><span class='ocrx_word' id='word_1_264' title='bbox 395 2093 547 2151; x_wconf 78' lang='lat' dir='ltr'>utique</span> <span class='ocrx_word' id='word_1_265' title='bbox 570 2092 671 2150; x_wconf 85' lang='lat' dir='ltr'>quia</span> <span class='ocrx_word' id='word_1_266' title='bbox 711 2091 793 2134; x_wconf 88' lang='lat' dir='ltr'>hoc</span> <span class='ocrx_word' id='word_1_267' title='bbox 816 2090 989 2142; x_wconf 73' lang='lat' dir='ltr'>dixisti,</span> <span class='ocrx_word' id='word_1_268' title='bbox 1019 2105 1155 2132; x_wconf 85' lang='lat' dir='ltr'>uuum</span> <span class='ocrx_word' id='word_1_269' title='bbox 1189 2105 1277 2133; x_wconf 88' lang='lat' dir='ltr'>esse</span> <span class='ocrx_word' id='word_1_270' title='bbox 1307 2089 1575 2140; x_wconf 81' lang='lat' dir='ltr'>asseverasti,</span> <span class='ocrx_word' id='word_1_271' title='bbox 1602 2098 1645 2132; x_wconf 90' lang='lat' dir='ltr'>et</span> <span class='ocrx_word' id='word_1_272' title='bbox 1672 2088 1781 2133; x_wconf 90' lang='lat' dir='ltr'>duos</span> <span class='ocrx_word' id='word_1_273' title='bbox 1806 2103 1807 2123; x_wconf 70' lang='lat'>³</span> 
     </span>
     <span class='ocr_line' id='line_1_29' title="bbox 396 2158 1809 2220; baseline -0.003 -15"><span class='ocrx_word' id='word_1_274' title='bbox 396 2164 558 2219; x_wconf 71' lang='lat' dir='ltr'>negasti</span> <span class='ocrx_word' id='word_1_275' title='bbox 578 2182 583 2206; x_wconf 91' lang='lat'>:</span> <span class='ocrx_word' id='word_1_276' title='bbox 604 2161 675 2205; x_wconf 89' lang='lat' dir='ltr'>sed</span> <span class='ocrx_word' id='word_1_277' title='bbox 695 2170 870 2220; x_wconf 83' lang='lat' dir='ltr'>propter</span> <span class='ocrx_word' id='word_1_278' title='bbox 887 2159 1213 2204; x_wconf 85' lang='lat' dir='ltr'>similitudinem</span> <span class='ocrx_word' id='word_1_279' title='bbox 1230 2159 1315 2203; x_wconf 90' lang='lat' dir='ltr'>tale</span> <span class='ocrx_word' id='word_1_280' title='bbox 1330 2158 1486 2202; x_wconf 86' lang='lat' dir='ltr'>dedisti</span> <span class='ocrx_word' id='word_1_281' title='bbox 1510 2174 1778 2217; x_wconf 83' lang='lat' dir='ltr'>responsum,</span> <span class='ocrx_word' id='word_1_282' title='bbox 1807 2172 1809 2184; x_wconf 79' lang='lat'>¹</span> 
     </span>
     <span class='ocr_line' id='line_1_30' title="bbox 399 2228 1809 2286; baseline -0.002 -11"><span class='ocrx_word' id='word_1_283' title='bbox 399 2236 533 2275; x_wconf 89' lang='lat' dir='ltr'>Istum</span> <span class='ocrx_word' id='word_1_284' title='bbox 551 2233 662 2275; x_wconf 76' lang='lat' dir='ltr'>nosti</span> <span class='ocrx_word' id='word_1_285' title='bbox 682 2242 724 2275; x_wconf 87' lang='lat' dir='ltr'>ct</span> <span class='ocrx_word' id='word_1_286' title='bbox 747 2230 867 2274; x_wconf 91' lang='lat' dir='ltr'>illum</span> <span class='ocrx_word' id='word_1_287' title='bbox 892 2231 1003 2274; x_wconf 88' lang='lat' dir='ltr'>nosti</span> <span class='ocrx_word' id='word_1_288' title='bbox 1021 2251 1031 2286; x_wconf 78' lang='lat'><em>3</em></span> <span class='ocrx_word' id='word_1_289' title='bbox 1052 2230 1178 2274; x_wconf 84' lang='lat' dir='ltr'>valde</span> <span class='ocrx_word' id='word_1_290' title='bbox 1197 2230 1309 2272; x_wconf 88' lang='lat' dir='ltr'>enim</span> <span class='ocrx_word' id='word_1_291' title='bbox 1331 2228 1477 2272; x_wconf 89' lang='lat' dir='ltr'>similis</span> <span class='ocrx_word' id='word_1_292' title='bbox 1501 2232 1587 2282; x_wconf 83' lang='lat' dir='ltr'>est,</span> <span class='ocrx_word' id='word_1_293' title='bbox 1610 2238 1652 2272; x_wconf 93' lang='lat' dir='ltr'>et</span> <span class='ocrx_word' id='word_1_294' title='bbox 1673 2229 1781 2272; x_wconf 83' lang='lat' dir='ltr'>nihil</span> <span class='ocrx_word' id='word_1_295' title='bbox 1804 2248 1809 2266; x_wconf 51' lang='lat'>¹1</span> 
     </span>
     <span class='ocr_line' id='line_1_31' title="bbox 398 2299 1806 2358; baseline -0.002 -13"><span class='ocrx_word' id='word_1_296' title='bbox 398 2303 527 2345; x_wconf 77' lang='lat' dir='ltr'>distat</span> <span class='ocrx_word' id='word_1_297' title='bbox 553 2303 745 2346; x_wconf 87' lang='lat' dir='ltr'>omnino.</span> <span class='ocrx_word' id='word_1_298' title='bbox 776 2302 886 2344; x_wconf 91' lang='lat' dir='ltr'>Hinc</span> <span class='ocrx_word' id='word_1_299' title='bbox 909 2311 951 2344; x_wconf 88' lang='lat' dir='ltr'>et</span> <span class='ocrx_word' id='word_1_300' title='bbox 975 2302 1206 2354; x_wconf 87' lang='lat' dir='ltr'>Dominus,</span> <span class='ocrx_word' id='word_1_301' title='bbox 1230 2320 1249 2341; x_wconf 85' lang='lat'>«</span> <span class='ocrx_word' id='word_1_302' title='bbox 1278 2300 1319 2344; x_wconf 86' lang='lat' dir='ltr'>Si</span> <span class='ocrx_word' id='word_1_303' title='bbox 1338 2315 1406 2342; x_wconf 91' lang='lat' dir='ltr'>me</span> <span class='ocrx_word' id='word_1_304' title='bbox 1422 2335 1432 2353; x_wconf 91' lang='lat'>,</span> <span class='ocrx_word' id='word_1_305' title='bbox 1458 2299 1600 2358; x_wconf 82' lang='lat' dir='ltr'>inquit</span> <span class='ocrx_word' id='word_1_306' title='bbox 1618 2334 1628 2353; x_wconf 87' lang='lat'>,</span> <span class='ocrx_word' id='word_1_307' title='bbox 1653 2300 1783 2342; x_wconf 87' lang='lat' dir='ltr'>scire·</span> <span class='ocrx_word' id='word_1_308' title='bbox 1804 2302 1806 2315; x_wconf 61' lang='lat'>¹</span> 
     </span>
     <span class='ocr_line' id='line_1_32' title="bbox 403 2370 1805 2430; baseline -0.003 -15"><span class='ocrx_word' id='word_1_309' title='bbox 403 2393 421 2415; x_wconf 93' lang='lat'>»</span> <span class='ocrx_word' id='word_1_310' title='bbox 453 2374 526 2427; x_wconf 81' lang='lat' dir='ltr'>tis,</span> <span class='ocrx_word' id='word_1_311' title='bbox 554 2383 596 2417; x_wconf 92' lang='lat' dir='ltr'>et</span> <span class='ocrx_word' id='word_1_312' title='bbox 624 2377 792 2416; x_wconf 86' lang='lat' dir='ltr'>Patrem</span> <span class='ocrx_word' id='word_1_313' title='bbox 826 2388 970 2415; x_wconf 90' lang='lat' dir='ltr'>meum</span> <span class='ocrx_word' id='word_1_314' title='bbox 994 2372 1179 2426; x_wconf 80' lang='lat' dir='ltr'>sciretis,</span> <span class='ocrx_word' id='word_1_315' title='bbox 1208 2389 1227 2411; x_wconf 90' lang='lat'>»</span> <span class='ocrx_word' id='word_1_316' title='bbox 1256 2387 1341 2414; x_wconf 86' lang='lat' dir='ltr'>non</span> <span class='ocrx_word' id='word_1_317' title='bbox 1366 2370 1465 2430; x_wconf 85' lang='lat' dir='ltr'>quia</span> <span class='ocrx_word' id='word_1_318' title='bbox 1491 2373 1615 2414; x_wconf 90' lang='lat' dir='ltr'>Pater</span> <span class='ocrx_word' id='word_1_319' title='bbox 1637 2379 1699 2412; x_wconf 87' lang='lat' dir='ltr'>est</span> <span class='ocrx_word' id='word_1_320' title='bbox 1716 2370 1782 2412; x_wconf 85' lang='lat' dir='ltr'>Fi·</span> <span class='ocrx_word' id='word_1_321' title='bbox 1804 2421 1805 2425; x_wconf 10' lang='grc' dir='ltr'><strong>Ἰ</strong></span> 
     </span>
     <span class='ocr_line' id='line_1_33' title="bbox 401 2440 1780 2503; baseline -0.004 -16"><span class='ocrx_word' id='word_1_322' title='bbox 401 2445 479 2488; x_wconf 81' lang='lat' dir='ltr'>lius</span> <span class='ocrx_word' id='word_1_323' title='bbox 497 2479 507 2498; x_wconf 88' lang='lat'>,</span> <span class='ocrx_word' id='word_1_324' title='bbox 526 2443 599 2487; x_wconf 87' lang='lat' dir='ltr'>sed</span> <span class='ocrx_word' id='word_1_325' title='bbox 617 2443 717 2503; x_wconf 86' lang='lat' dir='ltr'>quia</span> <span class='ocrx_word' id='word_1_326' title='bbox 737 2444 850 2486; x_wconf 85' lang='lat' dir='ltr'>Patri</span> <span class='ocrx_word' id='word_1_327' title='bbox 868 2441 1014 2486; x_wconf 88' lang='lat' dir='ltr'>similis</span> <span class='ocrx_word' id='word_1_328' title='bbox 1037 2442 1184 2485; x_wconf 88' lang='lat' dir='ltr'>Filius.</span> <span class='ocrx_word' id='word_1_329' title='bbox 1204 2440 1442 2484; x_wconf 87' lang='lat' dir='ltr'>Erubescat</span> <span class='ocrx_word' id='word_1_330' title='bbox 1460 2440 1657 2483; x_wconf 86' lang='lat' dir='ltr'>Arianus.</span> <span class='ocrx_word' id='word_1_331' title='bbox 1678 2440 1780 2482; x_wconf 84' lang='lat' dir='ltr'>Gra-</span> 
     </span>
    </p>
   </div>
   <div class='ocr_carea' id='block_1_3' title="bbox 449 2525 982 2565">
    <p class='ocr_par' dir='ltr' id='par_1_4' title="bbox 449 2525 982 2565">
     <span class='ocr_line' id='line_1_34' title="bbox 449 2525 982 2565; baseline 0 -10"><span class='ocrx_word' id='word_1_332' title='bbox 449 2533 455 2548; x_wconf 76' lang='lat'>=</span> <span class='ocrx_word' id='word_1_333' title='bbox 477 2529 566 2557; x_wconf 85' lang='lat' dir='ltr'>Joau.</span> <span class='ocrx_word' id='word_1_334' title='bbox 588 2537 653 2565; x_wconf 79' lang='lat' dir='ltr'>vm,</span> <span class='ocrx_word' id='word_1_335' title='bbox 678 2526 727 2557; x_wconf 82' lang='lat'>16.</span> <span class='ocrx_word' id='word_1_336' title='bbox 746 2543 785 2548; x_wconf 81' lang='lat'>—</span> <span class='ocrx_word' id='word_1_337' title='bbox 803 2525 913 2556; x_wconf 70' lang='lat' dir='ltr'>21bi11.</span> <span class='ocrx_word' id='word_1_338' title='bbox 935 2536 982 2565; x_wconf 83' lang='lat'>¹9-</span> 
     </span>
    </p>
   </div>
   <div class='ocr_carea' id='block_1_4' title="bbox 1805 2031 1809 2702">
    <p class='ocr_par' dir='ltr' id='par_1_5' title="bbox 1805 2031 1809 2702">
     <span class='ocr_line' id='line_1_35' title="bbox 1805 2031 1809 2702; baseline 0 0"><span class='ocrx_word' id='word_1_339' title='bbox 1805 2031 1809 2702; x_wconf 95' lang='lat' dir='ltr'> </span> 
     </span>
    </p>
   </div>
  </div>
 </body>
</html>
