1809 3173
383 196 469 236 250
819 207 854 237 s.
890 207 1120 239 mensum
1152 211 1335 240 zmscom

380 271 588 327 ascendit,
613 269 712 321 ideo
733 287 861 332 supra
883 273 1049 319 dixerat
1069 293 1078 320 :
1108 294 1128 317 ιι
1155 278 1283 320 Pater
1308 291 1396 321 non
1412 275 1580 335 judicat
1600 292 1757 337 quem·-

382 361 403 384 »
437 357 588 403 quam,
621 341 697 388 sed
716 358 845 389 omne
853 343 1068 403 judicium
1090 344 1212 389 dedit
1232 345 1385 390 Fili0².
1407 364 1426 387 »
1451 349 1544 391 Hoc
1567 348 1693 392 etiam
1716 349 1761 393 in

378 414 459 458 isto
475 412 573 458 loco
602 413 772 472 repetit,
798 430 897 458 cum
921 414 1041 469 dicit,
1078 434 1098 457 «
1129 418 1185 459 Et
1207 426 1465 474 potestatem
1488 417 1607 462 dedit
1628 419 1666 462 ei
1687 420 1762 478 ju-

379 502 400 526 »
435 484 597 530 dicium
613 483 816 539 faciendi‚
831 486 1039 544 quoniam
1063 485 1176 529 filius
1197 487 1385 532 hominis
1408 489 1515 532 est2.
1535 491 1760 548 Tanquam

374 556 537 601 diceres
566 564 645 611 tu,
675 575 695 598 α
729 560 989 601 potestatem
1023 555 1144 601 dedit
1172 557 1210 599 ei
1243 558 1457 616 judicium
1493 558 1707 615 faciendi,
1737 579 1757 602 »

373 629 539 686 quare?
570 625 757 679 Quando
793 641 881 671 non
915 626 1070 671 habuit
1104 626 1227 671 istam
1259 637 1514 687 potestatem
1545 630 1760 688 judicium

372 698 594 743 faciendi?
624 696 810 751 Quando
836 716 856 738 «
888 699 937 741 In
967 696 1181 756 principio
1215 707 1305 743 erat
1328 699 1521 745 Verbum
1539 734 1550 754 ‚
1581 709 1625 744 et
1657 703 1761 745 Ver-

373 785 394 811 »
430 770 536 813 bum
559 778 650 812 erat
671 768 789 827 apud
813 771 967 822 Deum,
989 777 1032 813 et
1052 771 1165 813 Deus
1188 778 1279 813 erat
1294 770 1488 815 Verbum
1505 804 1515 824 ‚
1540 788 1560 811 n
1581 771 1758 830 quando

374 858 393 882 «
428 840 573 884 omnia
594 855 671 898 per
699 840 840 898 ipsum
864 837 978 884 facta
1000 840 1144 894 sunt³‚
1173 857 1193 881 »
1215 840 1434 900 numquid
1455 856 1545 885 non
1567 841 1758 887 hahebat

368 919 625 970 potestatem
658 909 874 970 judicium
904 909 1124 955 faciendi?
1148 910 1232 956 Sed
1259 911 1500 958 secundum
1526 912 1610 956 hoc
1640 911 1754 968 dico,

371 1001 392 1024 «
428 984 691 1026 Potestatem
721 980 842 1030 dedit
864 981 902 1025 ei
919 980 1136 1041 judicium
1158 980 1368 1036 faciendi,
1393 983 1494 1041 quia
1516 982 1651 1028 Filius
1677 983 1756 1028 ho-

369 1070 390 1093 »
425 1051 553 1097 minis
584 1060 647 1095 est
675 1070 684 1097 z
713 1069 734 1092 »
765 1049 1007 1097 secundum
1047 1051 1129 1096 hoc
1156 1052 1320 1110 accepit
1350 1060 1606 1110 potestatem
1632 1051 1755 1112 judi-

365 1121 509 1177 candi,
535 1141 554 1164 «
581 1122 684 1182 quia
708 1122 844 1167 Filius
866 1122 1054 1166 hominis
1073 1131 1153 1166 est.
1185 1141 1204 1163 »
1231 1124 1340 1169 Nam
1370 1123 1611 1168 secundum
1633 1125 1751 1183 quod

365 1194 443 1238 Dei
466 1193 601 1237 Filius
624 1202 714 1247 est,
748 1208 916 1252 semper
945 1193 1101 1236 habuit
1130 1194 1241 1237 hanc
1268 1202 1542 1252 potestatem.
1574 1194 1755 1254 Accepit

363 1264 438 1323 qui
461 1264 690 1308 crucifixus
712 1273 789 1307 est.
815 1264 900 1316 Qui
919 1262 1003 1306 fuit
1024 1263 1070 1306 in
1092 1272 1247 1317 morte,
1272 1273 1335 1308 est
1352 1264 1396 1307 in
1419 1264 1505 1308 vita
1529 1282 1538 1309 :
1558 1265 1753 1309 Verbum

363 1334 442 1378 Dei
463 1349 690 1394 nunquam
712 1333 758 1377 in
780 1342 935 1387 morte,
956 1347 1125 1391 semper
1144 1335 1191 1376 in
1206 1333 1309 1378 vita.

421 1405 524 1447 XII.
556 1406 654 1448 Jam
675 1418 779 1461 ergo
809 1402 864 1446 de
890 1405 1202 1447 resurrectione
1223 1403 1338 1447 forte
1370 1403 1526 1464 aliquis
1552 1412 1750 1449 nostrum

365 1472 540 1517 dicebat
571 1492 579 1518 :
610 1476 723 1518 Ecce
758 1473 1088 1527 resurreximus,
1127 1473 1213 1526 Qui
1244 1473 1366 1518 audit
1396 1473 1640 1530 Christum,
1672 1474 1750 1533 qui

361 1543 515 1598 credit,
539 1552 582 1594 et
610 1542 763 1588 transit
783 1543 838 1587 de
866 1552 1008 1589 morte
1030 1543 1085 1587 ad
1116 1543 1247 1587 vitam
1269 1553 1313 1587 et
1342 1543 1387 1587 in
1411 1544 1626 1603 judicium
1659 1559 1749 1588 non

360 1614 531 1671 veniet3
551 1614 670 1659 venit
686 1615 807 1668 hora,
838 1622 881 1657 et
903 1628 1020 1658 nunc
1047 1622 1126 1667 est,
1151 1623 1201 1657 ut
1224 1615 1300 1673 qui
1328 1612 1450 1658 audit
1476 1629 1628 1658 vocem
1650 1614 1747 1658 Filii

360 1685 454 1739 Dei,
479 1684 624 1742 vivat3
658 1693 855 1728 mortuus
884 1693 990 1738 erat,
1023 1683 1211 1739 audivit,
1236 1699 1335 1728 ecce
1364 1684 1547 1742 resurgit
1563 1685 1579 1709 4
1606 1703 1614 1728 :
1637 1683 1745 1743 quid

359 1764 422 1799 est
444 1755 565 1815 quod
583 1755 741 1799 dicitur
754 1764 901 1814 postea
916 1754 1171 1799 resurrectio
1188 1753 1365 1797 futura?
1386 1757 1517 1798 Parce
1538 1754 1635 1808 tibi,
1656 1754 1746 1799 noli

358 1825 629 1885 praecipitare
651 1825 925 1879 sententiam,
951 1839 1006 1867 ne
1027 1839 1179 1882 pergas
1195 1833 1293 1883 post
1310 1823 1443 1867 illam.
1466 1826 1543 1868 Est
1564 1823 1745 1884 quidem

358 1897 437 1942 ista
475 1896 732 1941 resurrectio
768 1911 867 1954 quae
897 1895 946 1938 fit
983 1910 1101 1938 nunc
1127 1913 1135 1938 ε
1166 1894 1326 1938 mortui
1367 1903 1489 1938 erant
1524 1893 1740 1950 infideles,

359 1966 521 2011 mortui
539 1975 662 2010 erant
685 1966 824 2025 iniqui
842 1985 853 2021 ς
872 1965 1025 2009 vivunt
1041 1964 1162 2024 justi,
1188 1973 1414 2008 transeunt
1439 1980 1462 2008 a
1480 1973 1620 2009 morte
1641 1965 1743 2008 infi-

359 2037 545 2083 delitatis
569 2037 623 2082 ad
645 2037 776 2081 vitam
798 2035 899 2080 fidei
925 2035 1027 2080 :sed
1051 2034 1139 2080 noli
1157 2035 1259 2079 inde
1281 2035 1456 2080 credere
1480 2034 1647 2080 nullam
1671 2035 1744 2080 fu-

358 2118 500 2152 turam
524 2118 671 2167 postea
704 2106 1061 2151 resurrectionem
1088 2106 1302 2165 corporis,
1333 2106 1460 2150 crede
1482 2105 1677 2149 futuram
1699 2115 1744 2153 et

356 2180 715 2224 resurrectionem
752 2178 957 2237 corporisa
983 2176 1098 2221 Audi
1137 2178 1252 2220 enim
1275 2177 1381 2237 quid
1412 2185 1619 2236 sequatur
1645 2186 1743 2236 post

356 2248 705 2294 commendatam
736 2241 1092 2292 resurrectionem
1124 2247 1249 2291 istam
1277 2263 1376 2306 quae
1407 2247 1457 2290 fit
1483 2261 1560 2305 per
1589 2245 1738 2301 fidem,

357 2335 412 2363 ne
445 2321 542 2378 quis
579 2328 752 2378 putaret
773 2320 897 2362 istam
920 2317 1053 2361 solam
1075 2333 1186 2371 esse,
1223 2326 1266 2360 et
1300 2315 1510 2361 incideret
1542 2317 1586 2359 in
1621 2315 1740 2360 illam

357 2389 699 2448 desperationem
713 2397 756 2432 et
769 2403 956 2431 errorem
972 2388 1216 2441 hominum,
1231 2387 1307 2446 qui
1320 2386 1625 2445 pervertebant
1638 2385 1742 2431 alio-

356 2473 455 2502 rum
477 2473 646 2513 sensus,
671 2458 863 2501 dicentes
886 2457 1243 2500 resurrectionem
1260 2457 1351 2515 jam
1374 2455 1532 2500 factam
1556 2470 1661 2510 esse,
1684 2456 1738 2499 de

407 2545 522 2576 ¹Joan.
543 2554 577 2584 v,
597 2551 650 2575 22.
668 2559 709 2565 --
730 2548 742 2563 ²
762 2542 842 2573 lbid.
863 2550 918 2582 27,
940 2558 980 2564 --
995 2539 1007 2563 3
1026 2542 1073 2573 Id.
1089 2552 1112 2581 1,
1135 2552 1165 2581 1,
1184 2544 1247 2572 etc.
1271 2556 1310 2563 —
1330 2539 1405 2571 4111,
1422 2551 1457 2579 v,
1477 2539 1532 2580 24,
1550 2543 1614 2572 etc.
