<?xml version="1.0" encoding="UTF-8"?>
<!DOCTYPE html PUBLIC "-//W3C//DTD XHTML 1.0 Transitional//EN"
    "http://www.w3.org/TR/xhtml1/DTD/xhtml1-transitional.dtd">
<html xmlns="http://www.w3.org/1999/xhtml" xml:lang="en" lang="en">
 <head>
  <title>
</title>
<meta http-equiv="Content-Type" content="text/html;charset=utf-8" />
  <meta name='ocr-system' content='tesseract 3.04.00' />
  <meta name='ocr-capabilities' content='ocr_page ocr_carea ocr_par ocr_line ocrx_word'/>
</head>
<body>
  <div class='ocr_page' id='page_1' title='image "./operaomniaaccura15auguuoft_0379.png"; bbox 0 0 1825 3214; ppageno 0'>
   <div class='ocr_carea' id='block_1_1' title="bbox 38 216 1443 2468">
    <p class='ocr_par' dir='ltr' id='par_1_1' title="bbox 38 216 1438 1533">
     <span class='ocr_line' id='line_1_1' title="bbox 257 216 1427 259; baseline 0.005 -11"><span class='ocrx_word' id='word_1_1' title='bbox 257 224 297 248; x_wconf 65' lang='lat' dir='ltr'><strong>im</strong></span> <span class='ocrx_word' id='word_1_2' title='bbox 333 219 506 251; x_wconf 64' lang='lat' dir='ltr'><strong>soumis</strong></span> <span class='ocrx_word' id='word_1_3' title='bbox 539 222 850 259; x_wconf 70' lang='lat' dir='ltr'><strong>EVANGEMUM,</strong></span> <span class='ocrx_word' id='word_1_4' title='bbox 885 225 1030 252; x_wconf 69' lang='grc' dir='ltr'><strong>ΤιιΛιῑτ.</strong></span> <span class='ocrx_word' id='word_1_5' title='bbox 1070 226 1218 252; x_wconf 76' lang='lat' dir='ltr'><strong>xxxin.</strong></span> <span class='ocrx_word' id='word_1_6' title='bbox 1346 216 1427 254; x_wconf 87' lang='grc'><strong>367</strong></span> 
     </span>
     <span class='ocr_line' id='line_1_2' title="bbox 40 287 1434 347; baseline 0.004 -17"><span class='ocrx_word' id='word_1_7' title='bbox 40 301 195 331; x_wconf 92' lang='lat' dir='ltr'><strong>munes</strong></span> <span class='ocrx_word' id='word_1_8' title='bbox 217 301 239 331; x_wconf 87' lang='lat' dir='ltr'><strong>a</strong></span> <span class='ocrx_word' id='word_1_9' title='bbox 263 288 443 332; x_wconf 88' lang='lat' dir='ltr'><strong>crimine</strong></span> <span class='ocrx_word' id='word_1_10' title='bbox 463 322 474 341; x_wconf 95' lang='lat'><strong>,</strong></span> <span class='ocrx_word' id='word_1_11' title='bbox 500 297 542 331; x_wconf 86' lang='lat' dir='ltr'><strong>et</strong></span> <span class='ocrx_word' id='word_1_12' title='bbox 565 287 681 347; x_wconf 89' lang='lat' dir='ltr'><strong>pleni</strong></span> <span class='ocrx_word' id='word_1_13' title='bbox 705 287 1006 334; x_wconf 78' lang='lat' dir='ltr'>admiratione.</span> <span class='ocrx_word' id='word_1_14' title='bbox 1035 294 1140 336; x_wconf 83' lang='lat' dir='ltr'><strong>Nam</strong></span> <span class='ocrx_word' id='word_1_15' title='bbox 1168 301 1209 336; x_wconf 89' lang='lat' dir='ltr'><strong>et</strong></span> <span class='ocrx_word' id='word_1_16' title='bbox 1241 292 1434 336; x_wconf 88' lang='lat' dir='ltr'><strong>testimo-</strong></span> 
     </span>
     <span class='ocr_line' id='line_1_3' title="bbox 39 358 1433 419; baseline 0.005 -18"><span class='ocrx_word' id='word_1_17' title='bbox 39 358 161 402; x_wconf 89' lang='lat' dir='ltr'><strong>nium</strong></span> <span class='ocrx_word' id='word_1_18' title='bbox 187 359 505 417; x_wconf 84' lang='lat' dir='ltr'><strong>perhibuerunt</strong></span> <span class='ocrx_word' id='word_1_19' title='bbox 528 358 686 403; x_wconf 70' lang='lat' dir='ltr'><strong>divinse</strong></span> <span class='ocrx_word' id='word_1_20' title='bbox 704 358 914 402; x_wconf 68' lang='lat' dir='ltr'><strong>doctrinae</strong></span> <span class='ocrx_word' id='word_1_21' title='bbox 937 362 1050 419; x_wconf 77' lang='lat' dir='ltr'><strong>ejus,</strong></span> <span class='ocrx_word' id='word_1_22' title='bbox 1076 378 1173 405; x_wconf 85' lang='lat' dir='ltr'><strong>cum</strong></span> <span class='ocrx_word' id='word_1_23' title='bbox 1199 363 1391 408; x_wconf 73' lang='lat' dir='ltr'><strong>dicerent</strong></span> <span class='ocrx_word' id='word_1_24' title='bbox 1409 379 1433 408; x_wconf 81' lang='lat' dir='ltr'><strong>a</strong></span> 
     </span>
     <span class='ocr_line' id='line_1_4' title="bbox 38 428 1429 488; baseline 0.002 -17"><span class='ocrx_word' id='word_1_25' title='bbox 38 429 198 488; x_wconf 86' lang='lat' dir='ltr'><strong>quibus</strong></span> <span class='ocrx_word' id='word_1_26' title='bbox 222 430 336 473; x_wconf 86' lang='lat' dir='ltr'><strong>missi</strong></span> <span class='ocrx_word' id='word_1_27' title='bbox 361 428 553 484; x_wconf 72' lang='lat' dir='ltr'><strong>fueraut,</strong></span> <span class='ocrx_word' id='word_1_28' title='bbox 597 449 616 471; x_wconf 86' lang='lat'>«</span> <span class='ocrx_word' id='word_1_29' title='bbox 652 432 796 482; x_wconf 83' lang='lat' dir='ltr'><strong>Quare</strong></span> <span class='ocrx_word' id='word_1_30' title='bbox 826 445 912 474; x_wconf 91' lang='lat' dir='ltr'><strong>non</strong></span> <span class='ocrx_word' id='word_1_31' title='bbox 951 430 1192 474; x_wconf 75' lang='lat' dir='ltr'>adduxistis</span> <span class='ocrx_word' id='word_1_32' title='bbox 1224 449 1322 478; x_wconf 81' lang='lat' dir='ltr'><strong>eum</strong></span> <span class='ocrx_word' id='word_1_33' title='bbox 1344 437 1351 459; x_wconf 90' lang='lat'><strong>¹</strong></span> <span class='ocrx_word' id='word_1_34' title='bbox 1372 436 1389 477; x_wconf 68' lang='lat' dir='ltr'>P</span> <span class='ocrx_word' id='word_1_35' title='bbox 1411 453 1429 475; x_wconf 90' lang='lat'>»</span> 
     </span>
     <span class='ocr_line' id='line_1_5' title="bbox 41 498 1434 559; baseline 0.004 -17"><span class='ocrx_word' id='word_1_36' title='bbox 41 498 380 558; x_wconf 78' lang='lat' dir='ltr'>Responderunt</span> <span class='ocrx_word' id='word_1_37' title='bbox 402 500 518 543; x_wconf 87' lang='lat' dir='ltr'><strong>enim</strong></span> <span class='ocrx_word' id='word_1_38' title='bbox 542 515 766 559; x_wconf 83' lang='lat' dir='ltr'><strong>nunquam</strong></span> <span class='ocrx_word' id='word_1_39' title='bbox 789 515 833 544; x_wconf 88' lang='lat' dir='ltr'><strong>sc</strong></span> <span class='ocrx_word' id='word_1_40' title='bbox 862 499 1031 544; x_wconf 76' lang='lat' dir='ltr'>audisse</span> <span class='ocrx_word' id='word_1_41' title='bbox 1050 501 1271 546; x_wconf 88' lang='lat' dir='ltr'><strong>hominem</strong></span> <span class='ocrx_word' id='word_1_42' title='bbox 1291 504 1348 547; x_wconf 86' lang='lat' dir='ltr'><strong>sic</strong></span> <span class='ocrx_word' id='word_1_43' title='bbox 1366 504 1434 548; x_wconf 91' lang='lat' dir='ltr'><strong>lo-</strong></span> 
     </span>
     <span class='ocr_line' id='line_1_6' title="bbox 38 570 1435 631; baseline 0.004 -17"><span class='ocrx_word' id='word_1_44' title='bbox 38 578 191 614; x_wconf 89' lang='lat' dir='ltr'><strong>cutum</strong></span> <span class='ocrx_word' id='word_1_45' title='bbox 217 589 226 615; x_wconf 79' lang='lat'>2</span> <span class='ocrx_word' id='word_1_46' title='bbox 255 590 275 613; x_wconf 77' lang='grc' dir='ltr'><strong>ι(</strong></span> <span class='ocrx_word' id='word_1_47' title='bbox 301 572 397 615; x_wconf 84' lang='grc' dir='ltr'><strong>Νοη</strong></span> <span class='ocrx_word' id='word_1_48' title='bbox 415 572 531 615; x_wconf 87' lang='lat' dir='ltr'><strong>enim</strong></span> <span class='ocrx_word' id='word_1_49' title='bbox 551 571 782 631; x_wconf 85' lang='lat' dir='ltr'><strong>quisquam</strong></span> <span class='ocrx_word' id='word_1_50' title='bbox 805 571 864 616; x_wconf 89' lang='lat' dir='ltr'><strong>sic</strong></span> <span class='ocrx_word' id='word_1_51' title='bbox 888 570 1083 631; x_wconf 88' lang='lat' dir='ltr'><strong>loquitur</strong></span> <span class='ocrx_word' id='word_1_52' title='bbox 1107 572 1282 616; x_wconf 69' lang='lat' dir='ltr'><strong>110m02.</strong></span> <span class='ocrx_word' id='word_1_53' title='bbox 1309 594 1327 615; x_wconf 88' lang='lat'>»</span> <span class='ocrx_word' id='word_1_54' title='bbox 1359 574 1435 619; x_wconf 88' lang='lat' dir='ltr'><strong>llle</strong></span> 
     </span>
     <span class='ocr_line' id='line_1_7' title="bbox 43 639 1435 701; baseline 0.004 -17"><span class='ocrx_word' id='word_1_55' title='bbox 43 649 190 684; x_wconf 85' lang='lat' dir='ltr'><strong>autem</strong></span> <span class='ocrx_word' id='word_1_56' title='bbox 214 640 272 684; x_wconf 88' lang='lat' dir='ltr'><strong>sic</strong></span> <span class='ocrx_word' id='word_1_57' title='bbox 308 639 480 685; x_wconf 89' lang='lat' dir='ltr'><strong>locutus</strong></span> <span class='ocrx_word' id='word_1_58' title='bbox 503 650 592 694; x_wconf 88' lang='lat' dir='ltr'><strong>est,</strong></span> <span class='ocrx_word' id='word_1_59' title='bbox 631 642 731 701; x_wconf 84' lang='lat' dir='ltr'><strong>quia</strong></span> <span class='ocrx_word' id='word_1_60' title='bbox 766 644 876 684; x_wconf 88' lang='lat' dir='ltr'><strong>Deus</strong></span> <span class='ocrx_word' id='word_1_61' title='bbox 909 651 1000 686; x_wconf 89' lang='lat' dir='ltr'><strong>erat</strong></span> <span class='ocrx_word' id='word_1_62' title='bbox 1026 651 1069 686; x_wconf 90' lang='lat' dir='ltr'><strong>et</strong></span> <span class='ocrx_word' id='word_1_63' title='bbox 1101 642 1248 687; x_wconf 88' lang='lat' dir='ltr'><strong>homo.</strong></span> <span class='ocrx_word' id='word_1_64' title='bbox 1273 646 1435 689; x_wconf 81' lang='lat' dir='ltr'>Tamen</span> 
     </span>
     <span class='ocr_line' id='line_1_8' title="bbox 43 710 1433 771; baseline 0.002 -18"><span class='ocrx_word' id='word_1_65' title='bbox 43 710 248 754; x_wconf 81' lang='lat' dir='ltr'><strong>Pharisaei</strong></span> <span class='ocrx_word' id='word_1_66' title='bbox 282 711 579 755; x_wconf 83' lang='lat' dir='ltr'><strong>testimonium</strong></span> <span class='ocrx_word' id='word_1_67' title='bbox 609 726 759 755; x_wconf 90' lang='lat' dir='ltr'><strong>eorum</strong></span> <span class='ocrx_word' id='word_1_68' title='bbox 790 711 1069 771; x_wconf 76' lang='lat' dir='ltr'><strong>repellentes,</strong></span> <span class='ocrx_word' id='word_1_69' title='bbox 1105 712 1311 758; x_wconf 75' lang='lat' dir='ltr'><strong>dixerunt</strong></span> <span class='ocrx_word' id='word_1_70' title='bbox 1346 714 1433 770; x_wconf 85' lang='lat' dir='ltr'><strong>eis,</strong></span> 
     </span>
     <span class='ocr_line' id='line_1_9' title="bbox 41 781 1437 841; baseline 0.006 -20"><span class='ocrx_word' id='word_1_71' title='bbox 41 799 60 822; x_wconf 88' lang='lat'>«</span> <span class='ocrx_word' id='word_1_72' title='bbox 98 781 322 841; x_wconf 80' lang='lat' dir='ltr'>Numquid</span> <span class='ocrx_word' id='word_1_73' title='bbox 345 791 388 827; x_wconf 87' lang='lat' dir='ltr'><strong>et</strong></span> <span class='ocrx_word' id='word_1_74' title='bbox 411 798 484 826; x_wconf 82' lang='lat' dir='ltr'><strong>vos</strong></span> <span class='ocrx_word' id='word_1_75' title='bbox 507 782 675 827; x_wconf 82' lang='lat' dir='ltr'><strong>seducti</strong></span> <span class='ocrx_word' id='word_1_76' title='bbox 697 783 798 827; x_wconf 89' lang='lat' dir='ltr'><strong>estis</strong></span> <span class='ocrx_word' id='word_1_77' title='bbox 816 785 830 808; x_wconf 74' lang='lat'><strong>³</strong></span> <span class='ocrx_word' id='word_1_78' title='bbox 853 785 895 825; x_wconf 81' lang='lat'><strong>?»</strong></span> <span class='ocrx_word' id='word_1_79' title='bbox 922 783 1128 828; x_wconf 82' lang='lat' dir='ltr'><strong>Videmus</strong></span> <span class='ocrx_word' id='word_1_80' title='bbox 1151 785 1266 829; x_wconf 88' lang='lat' dir='ltr'><strong>enim</strong></span> <span class='ocrx_word' id='word_1_81' title='bbox 1291 785 1437 830; x_wconf 80' lang='lat' dir='ltr'><strong>delec-</strong></span> 
     </span>
     <span class='ocr_line' id='line_1_10' title="bbox 41 853 1436 916; baseline 0.004 -22"><span class='ocrx_word' id='word_1_82' title='bbox 41 859 152 895; x_wconf 87' lang='lat' dir='ltr'><strong>tatos</strong></span> <span class='ocrx_word' id='word_1_83' title='bbox 184 867 258 895; x_wconf 90' lang='lat' dir='ltr'><strong>vos</strong></span> <span class='ocrx_word' id='word_1_84' title='bbox 289 868 378 896; x_wconf 90' lang='lat' dir='ltr'><strong>esse</strong></span> <span class='ocrx_word' id='word_1_85' title='bbox 411 853 683 897; x_wconf 84' lang='lat' dir='ltr'><strong>sermonibus</strong></span> <span class='ocrx_word' id='word_1_86' title='bbox 714 853 843 897; x_wconf 86' lang='lat' dir='ltr'><strong>illius.</strong></span> <span class='ocrx_word' id='word_1_87' title='bbox 869 871 889 895; x_wconf 91' lang='lat'>«</span> <span class='ocrx_word' id='word_1_88' title='bbox 924 853 1147 913; x_wconf 86' lang='lat' dir='ltr'><strong>Numquid</strong></span> <span class='ocrx_word' id='word_1_89' title='bbox 1189 855 1344 916; x_wconf 85' lang='lat' dir='ltr'><strong>aliquis</strong></span> <span class='ocrx_word' id='word_1_90' title='bbox 1382 855 1436 900; x_wconf 89' lang='lat' dir='ltr'><strong>de</strong></span> 
     </span>
     <span class='ocr_line' id='line_1_11' title="bbox 44 921 1436 982; baseline 0.004 -16"><span class='ocrx_word' id='word_1_91' title='bbox 44 940 64 962; x_wconf 91' lang='lat'>»</span> <span class='ocrx_word' id='word_1_92' title='bbox 101 921 369 982; x_wconf 85' lang='lat' dir='ltr'><strong>principibus</strong></span> <span class='ocrx_word' id='word_1_93' title='bbox 388 923 573 968; x_wconf 87' lang='lat' dir='ltr'><strong>credidit</strong></span> <span class='ocrx_word' id='word_1_94' title='bbox 590 940 714 978; x_wconf 83' lang='lat' dir='ltr'><strong>eum,</strong></span> <span class='ocrx_word' id='word_1_95' title='bbox 737 933 811 968; x_wconf 85' lang='lat' dir='ltr'><strong>aut</strong></span> <span class='ocrx_word' id='word_1_96' title='bbox 832 940 884 968; x_wconf 81' lang='lat' dir='ltr'><strong>ex</strong></span> <span class='ocrx_word' id='word_1_97' title='bbox 904 925 1124 970; x_wconf 84' lang='lat' dir='ltr'><strong>Pharisaeis</strong></span> <span class='ocrx_word' id='word_1_98' title='bbox 1138 927 1153 951; x_wconf 77' lang='lat'>⁴</span> <span class='ocrx_word' id='word_1_99' title='bbox 1171 928 1188 969; x_wconf 74' lang='lat'><strong>‘3</strong></span> <span class='ocrx_word' id='word_1_100' title='bbox 1209 928 1291 972; x_wconf 88' lang='lat' dir='ltr'><strong>Sed</strong></span> <span class='ocrx_word' id='word_1_101' title='bbox 1309 928 1436 971; x_wconf 88' lang='lat' dir='ltr'><strong>turba</strong></span> 
     </span>
     <span class='ocr_line' id='line_1_12' title="bbox 42 992 1438 1052; baseline 0.006 -19"><span class='ocrx_word' id='word_1_102' title='bbox 42 1010 63 1033; x_wconf 70' lang='lat' dir='ltr'>n</span> <span class='ocrx_word' id='word_1_103' title='bbox 99 992 192 1036; x_wconf 82' lang='lat' dir='ltr'><strong>haec</strong></span> <span class='ocrx_word' id='word_1_104' title='bbox 213 1009 312 1052; x_wconf 81' lang='lat' dir='ltr'><strong>quae</strong></span> <span class='ocrx_word' id='word_1_105' title='bbox 336 1009 425 1038; x_wconf 90' lang='lat' dir='ltr'><strong>non</strong></span> <span class='ocrx_word' id='word_1_106' title='bbox 448 994 570 1039; x_wconf 86' lang='lat' dir='ltr'><strong>novit</strong></span> <span class='ocrx_word' id='word_1_107' title='bbox 587 997 771 1052; x_wconf 83' lang='lat' dir='ltr'><strong>Legem,</strong></span> <span class='ocrx_word' id='word_1_108' title='bbox 798 994 1014 1039; x_wconf 87' lang='lat' dir='ltr'><strong>maledieti</strong></span> <span class='ocrx_word' id='word_1_109' title='bbox 1036 1005 1138 1040; x_wconf 90' lang='lat' dir='ltr'><strong>sunt</strong></span> <span class='ocrx_word' id='word_1_110' title='bbox 1157 998 1188 1040; x_wconf 90' lang='lat'><strong>⁵.</strong></span> <span class='ocrx_word' id='word_1_111' title='bbox 1207 1016 1226 1039; x_wconf 82' lang='grc'><em>»</em></span> <span class='ocrx_word' id='word_1_112' title='bbox 1246 998 1330 1050; x_wconf 88' lang='lat' dir='ltr'><strong>Qui</strong></span> <span class='ocrx_word' id='word_1_113' title='bbox 1349 1013 1438 1042; x_wconf 87' lang='lat' dir='ltr'><strong>non</strong></span> 
     </span>
     <span class='ocr_line' id='line_1_13' title="bbox 40 1065 1438 1127; baseline 0.005 -20"><span class='ocrx_word' id='word_1_114' title='bbox 40 1074 252 1109; x_wconf 90' lang='lat' dir='ltr'><strong>noverant</strong></span> <span class='ocrx_word' id='word_1_115' title='bbox 273 1068 431 1123; x_wconf 85' lang='lat' dir='ltr'><strong>Legem</strong></span> <span class='ocrx_word' id='word_1_116' title='bbox 449 1101 460 1119; x_wconf 95' lang='lat'><strong>,</strong></span> <span class='ocrx_word' id='word_1_117' title='bbox 488 1065 566 1124; x_wconf 87' lang='lat' dir='ltr'><strong>ipsi</strong></span> <span class='ocrx_word' id='word_1_118' title='bbox 589 1065 828 1110; x_wconf 87' lang='lat' dir='ltr'><strong>credebant</strong></span> <span class='ocrx_word' id='word_1_119' title='bbox 856 1067 900 1109; x_wconf 91' lang='lat' dir='ltr'><strong>in</strong></span> <span class='ocrx_word' id='word_1_120' title='bbox 923 1082 1024 1110; x_wconf 89' lang='lat' dir='ltr'><strong>eum</strong></span> <span class='ocrx_word' id='word_1_121' title='bbox 1046 1068 1122 1127; x_wconf 89' lang='lat' dir='ltr'><strong>qui</strong></span> <span class='ocrx_word' id='word_1_122' title='bbox 1155 1068 1330 1112; x_wconf 76' lang='lat' dir='ltr'><strong>miserat</strong></span> <span class='ocrx_word' id='word_1_123' title='bbox 1353 1073 1438 1114; x_wconf 88' lang='lat' dir='ltr'><strong>Le-</strong></span> 
     </span>
     <span class='ocr_line' id='line_1_14' title="bbox 42 1136 1438 1200; baseline 0.005 -23"><span class='ocrx_word' id='word_1_124' title='bbox 42 1149 164 1193; x_wconf 70' lang='lat' dir='ltr'><strong>gem,</strong></span> <span class='ocrx_word' id='word_1_125' title='bbox 197 1144 240 1179; x_wconf 92' lang='lat' dir='ltr'><strong>et</strong></span> <span class='ocrx_word' id='word_1_126' title='bbox 263 1151 363 1179; x_wconf 89' lang='lat' dir='ltr'><strong>eum</strong></span> <span class='ocrx_word' id='word_1_127' title='bbox 385 1136 462 1195; x_wconf 88' lang='lat' dir='ltr'><strong>qui</strong></span> <span class='ocrx_word' id='word_1_128' title='bbox 485 1136 658 1180; x_wconf 87' lang='lat' dir='ltr'><strong>miserat</strong></span> <span class='ocrx_word' id='word_1_129' title='bbox 692 1139 848 1194; x_wconf 82' lang='lat' dir='ltr'><strong>Legem</strong></span> <span class='ocrx_word' id='word_1_130' title='bbox 864 1171 875 1191; x_wconf 93' lang='lat'><strong>,</strong></span> <span class='ocrx_word' id='word_1_131' title='bbox 911 1139 1252 1183; x_wconf 85' lang='lat' dir='ltr'><strong>contemnebant</strong></span> <span class='ocrx_word' id='word_1_132' title='bbox 1278 1139 1337 1184; x_wconf 91' lang='lat' dir='ltr'><strong>illi</strong></span> <span class='ocrx_word' id='word_1_133' title='bbox 1361 1140 1438 1200; x_wconf 87' lang='lat' dir='ltr'><strong>qui</strong></span> 
     </span>
     <span class='ocr_line' id='line_1_15' title="bbox 41 1204 1438 1268; baseline 0.004 -19"><span class='ocrx_word' id='word_1_134' title='bbox 41 1204 259 1250; x_wconf 84' lang='lat' dir='ltr'><strong>docebant</strong></span> <span class='ocrx_word' id='word_1_135' title='bbox 278 1208 438 1264; x_wconf 83' lang='lat' dir='ltr'><strong>Legem</strong></span> <span class='ocrx_word' id='word_1_136' title='bbox 462 1225 471 1250; x_wconf 89' lang='lat'><strong>:</strong></span> <span class='ocrx_word' id='word_1_137' title='bbox 497 1214 545 1249; x_wconf 90' lang='lat' dir='ltr'><strong>ut</strong></span> <span class='ocrx_word' id='word_1_138' title='bbox 568 1206 825 1265; x_wconf 81' lang='lat' dir='ltr'><strong>impleretur</strong></span> <span class='ocrx_word' id='word_1_139' title='bbox 847 1206 969 1266; x_wconf 88' lang='lat' dir='ltr'><strong>quod</strong></span> <span class='ocrx_word' id='word_1_140' title='bbox 991 1207 1157 1253; x_wconf 84' lang='lat' dir='ltr'><strong>dixerat</strong></span> <span class='ocrx_word' id='word_1_141' title='bbox 1173 1209 1263 1268; x_wconf 88' lang='lat' dir='ltr'><strong>ipse</strong></span> <span class='ocrx_word' id='word_1_142' title='bbox 1287 1211 1438 1254; x_wconf 88' lang='lat' dir='ltr'><strong>Domi-</strong></span> 
     </span>
     <span class='ocr_line' id='line_1_16' title="bbox 41 1276 1437 1335; baseline 0.005 -16"><span class='ocrx_word' id='word_1_143' title='bbox 41 1291 145 1330; x_wconf 88' lang='lat' dir='ltr'><strong>nus,</strong></span> <span class='ocrx_word' id='word_1_144' title='bbox 170 1278 263 1335; x_wconf 90' lang='lat' dir='ltr'><strong>Ego</strong></span> <span class='ocrx_word' id='word_1_145' title='bbox 286 1276 383 1320; x_wconf 87' lang='lat' dir='ltr'><strong>veni</strong></span> <span class='ocrx_word' id='word_1_146' title='bbox 415 1286 464 1320; x_wconf 89' lang='lat' dir='ltr'><strong>ut</strong></span> <span class='ocrx_word' id='word_1_147' title='bbox 484 1292 572 1321; x_wconf 90' lang='lat' dir='ltr'><strong>non</strong></span> <span class='ocrx_word' id='word_1_148' title='bbox 593 1276 790 1320; x_wconf 90' lang='lat' dir='ltr'><strong>videntes</strong></span> <span class='ocrx_word' id='word_1_149' title='bbox 818 1276 1022 1332; x_wconf 88' lang='lat' dir='ltr'><strong>videant,</strong></span> <span class='ocrx_word' id='word_1_150' title='bbox 1048 1287 1092 1323; x_wconf 88' lang='lat' dir='ltr'><strong>et</strong></span> <span class='ocrx_word' id='word_1_151' title='bbox 1112 1279 1310 1324; x_wconf 90' lang='lat' dir='ltr'><strong>videntes</strong></span> <span class='ocrx_word' id='word_1_152' title='bbox 1332 1281 1437 1326; x_wconf 85' lang='lat' dir='ltr'><strong>caeci</strong></span> 
     </span>
     <span class='ocr_line' id='line_1_17' title="bbox 41 1345 1429 1404; baseline 0.005 -15"><span class='ocrx_word' id='word_1_153' title='bbox 41 1345 161 1390; x_wconf 81' lang='lat' dir='ltr'><strong>flant.</strong></span> <span class='ocrx_word' id='word_1_154' title='bbox 187 1347 301 1391; x_wconf 84' lang='lat' dir='ltr'><strong>Caeei</strong></span> <span class='ocrx_word' id='word_1_155' title='bbox 323 1346 440 1390; x_wconf 92' lang='lat' dir='ltr'><strong>enim</strong></span> <span class='ocrx_word' id='word_1_156' title='bbox 462 1346 565 1391; x_wconf 86' lang='lat' dir='ltr'><strong>facti</strong></span> <span class='ocrx_word' id='word_1_157' title='bbox 584 1355 685 1390; x_wconf 90' lang='lat' dir='ltr'><strong>sunt</strong></span> <span class='ocrx_word' id='word_1_158' title='bbox 704 1346 906 1391; x_wconf 80' lang='lat' dir='ltr'><strong>Pharisaei</strong></span> <span class='ocrx_word' id='word_1_159' title='bbox 936 1347 1135 1393; x_wconf 87' lang='lat' dir='ltr'><strong>doctores</strong></span> <span class='ocrx_word' id='word_1_160' title='bbox 1151 1384 1162 1404; x_wconf 89' lang='lat'>‚</span> <span class='ocrx_word' id='word_1_161' title='bbox 1194 1349 1429 1396; x_wconf 87' lang='lat' dir='ltr'><strong>illuminati</strong></span> 
     </span>
     <span class='ocr_line' id='line_1_18' title="bbox 41 1417 1438 1481; baseline 0.005 -20"><span class='ocrx_word' id='word_1_162' title='bbox 41 1426 143 1461; x_wconf 90' lang='lat' dir='ltr'><strong>sunt</strong></span> <span class='ocrx_word' id='word_1_163' title='bbox 160 1417 310 1477; x_wconf 89' lang='lat' dir='ltr'><strong>populi</strong></span> <span class='ocrx_word' id='word_1_164' title='bbox 332 1418 570 1462; x_wconf 81' lang='lat' dir='ltr'><strong>nescientes</strong></span> <span class='ocrx_word' id='word_1_165' title='bbox 592 1421 774 1476; x_wconf 86' lang='lat' dir='ltr'><strong>Legem,</strong></span> <span class='ocrx_word' id='word_1_166' title='bbox 805 1427 849 1463; x_wconf 91' lang='lat' dir='ltr'><strong>et</strong></span> <span class='ocrx_word' id='word_1_167' title='bbox 872 1418 1162 1465; x_wconf 71' lang='lat' dir='ltr'><strong>in‘auctorem</strong></span> <span class='ocrx_word' id='word_1_168' title='bbox 1185 1422 1315 1481; x_wconf 88' lang='lat' dir='ltr'><strong>Legis</strong></span> <span class='ocrx_word' id='word_1_169' title='bbox 1339 1438 1438 1468; x_wconf 88' lang='lat' dir='ltr'><strong>cre-</strong></span> 
     </span>
     <span class='ocr_line' id='line_1_19' title="bbox 47 1488 215 1533; baseline -0.006 0"><span class='ocrx_word' id='word_1_170' title='bbox 47 1488 215 1533; x_wconf 91' lang='lat' dir='ltr'><strong>dentes.</strong></span> 
     </span>
    </p>

    <p class='ocr_par' dir='ltr' id='par_1_2' title="bbox 44 1558 1443 2468">
     <span class='ocr_line' id='line_1_20' title="bbox 103 1558 1439 1623; baseline 0.005 -21"><span class='ocrx_word' id='word_1_171' title='bbox 103 1561 161 1602; x_wconf 90' lang='lat'><strong>11.</strong></span> <span class='ocrx_word' id='word_1_172' title='bbox 191 1578 210 1600; x_wconf 96' lang='lat'>«</span> <span class='ocrx_word' id='word_1_173' title='bbox 240 1558 502 1603; x_wconf 89' lang='lat' dir='ltr'><strong>Nicodemus</strong></span> <span class='ocrx_word' id='word_1_174' title='bbox 526 1577 546 1600; x_wconf 86' lang='lat'>»</span> <span class='ocrx_word' id='word_1_175' title='bbox 568 1568 714 1603; x_wconf 90' lang='lat' dir='ltr'><strong>tamen</strong></span> <span class='ocrx_word' id='word_1_176' title='bbox 737 1578 757 1601; x_wconf 90' lang='lat'>«</span> <span class='ocrx_word' id='word_1_177' title='bbox 781 1575 894 1603; x_wconf 90' lang='lat' dir='ltr'><strong>unus</strong></span> <span class='ocrx_word' id='word_1_178' title='bbox 924 1575 974 1603; x_wconf 81' lang='lat' dir='ltr'><strong>ex</strong></span> <span class='ocrx_word' id='word_1_179' title='bbox 995 1561 1249 1619; x_wconf 86' lang='lat' dir='ltr'><strong>Pharisaeis‚</strong></span> <span class='ocrx_word' id='word_1_180' title='bbox 1270 1564 1346 1623; x_wconf 91' lang='lat' dir='ltr'><strong>qui</strong></span> <span class='ocrx_word' id='word_1_181' title='bbox 1380 1565 1439 1610; x_wconf 86' lang='lat' dir='ltr'><strong>ad</strong></span> 
     </span>
     <span class='ocr_line' id='line_1_21' title="bbox 46 1630 1440 1694; baseline 0.006 -22"><span class='ocrx_word' id='word_1_182' title='bbox 46 1649 66 1671; x_wconf 82' lang='lat'>»</span> <span class='ocrx_word' id='word_1_183' title='bbox 101 1630 335 1674; x_wconf 92' lang='lat' dir='ltr'><strong>Dominum</strong></span> <span class='ocrx_word' id='word_1_184' title='bbox 362 1639 489 1674; x_wconf 91' lang='lat' dir='ltr'><strong>nocte</strong></span> <span class='ocrx_word' id='word_1_185' title='bbox 512 1640 692 1676; x_wconf 85' lang='lat' dir='ltr'><strong>venerat</strong></span> <span class='ocrx_word' id='word_1_186' title='bbox 707 1632 722 1657; x_wconf 78' lang='lat'>⁶</span> <span class='ocrx_word' id='word_1_187' title='bbox 739 1666 750 1686; x_wconf 92' lang='lat'><strong>,</strong></span> <span class='ocrx_word' id='word_1_188' title='bbox 778 1650 797 1672; x_wconf 89' lang='lat'>»</span> <span class='ocrx_word' id='word_1_189' title='bbox 817 1641 860 1676; x_wconf 88' lang='lat' dir='ltr'><strong>et</strong></span> <span class='ocrx_word' id='word_1_190' title='bbox 875 1633 963 1691; x_wconf 90' lang='lat' dir='ltr'><strong>ipse</strong></span> <span class='ocrx_word' id='word_1_191' title='bbox 987 1649 1076 1677; x_wconf 93' lang='lat' dir='ltr'><strong>non</strong></span> <span class='ocrx_word' id='word_1_192' title='bbox 1098 1634 1278 1694; x_wconf 92' lang='lat' dir='ltr'><strong>quidem</strong></span> <span class='ocrx_word' id='word_1_193' title='bbox 1304 1636 1440 1680; x_wconf 87' lang='lat' dir='ltr'><strong>incre-</strong></span> 
     </span>
     <span class='ocr_line' id='line_1_22' title="bbox 44 1700 1435 1763; baseline 0.005 -19"><span class='ocrx_word' id='word_1_194' title='bbox 44 1700 173 1745; x_wconf 88' lang='lat' dir='ltr'><strong>dulus</strong></span> <span class='ocrx_word' id='word_1_195' title='bbox 192 1736 203 1755; x_wconf 97' lang='lat'><strong>,</strong></span> <span class='ocrx_word' id='word_1_196' title='bbox 228 1700 303 1745; x_wconf 92' lang='lat' dir='ltr'><strong>sed</strong></span> <span class='ocrx_word' id='word_1_197' title='bbox 334 1700 510 1745; x_wconf 89' lang='lat' dir='ltr'><strong>timidus</strong></span> <span class='ocrx_word' id='word_1_198' title='bbox 531 1723 541 1759; x_wconf 81' lang='lat'>3</span> <span class='ocrx_word' id='word_1_199' title='bbox 566 1717 664 1745; x_wconf 80' lang='lat' dir='ltr'><strong>nam</strong></span> <span class='ocrx_word' id='word_1_200' title='bbox 694 1701 791 1746; x_wconf 91' lang='lat' dir='ltr'><strong>ideo</strong></span> <span class='ocrx_word' id='word_1_201' title='bbox 819 1712 946 1747; x_wconf 90' lang='lat' dir='ltr'><strong>nocte</strong></span> <span class='ocrx_word' id='word_1_202' title='bbox 971 1714 1148 1749; x_wconf 89' lang='lat' dir='ltr'><strong>venerat</strong></span> <span class='ocrx_word' id='word_1_203' title='bbox 1180 1706 1235 1750; x_wconf 88' lang='lat' dir='ltr'><strong>ad</strong></span> <span class='ocrx_word' id='word_1_204' title='bbox 1264 1705 1407 1751; x_wconf 86' lang='lat' dir='ltr'><strong>lucem</strong></span> <span class='ocrx_word' id='word_1_205' title='bbox 1423 1743 1435 1763; x_wconf 94' lang='lat'><strong>,</strong></span> 
     </span>
     <span class='ocr_line' id='line_1_23' title="bbox 45 1770 1436 1834; baseline 0.004 -19"><span class='ocrx_word' id='word_1_206' title='bbox 45 1771 147 1832; x_wconf 86' lang='lat' dir='ltr'><strong>quia</strong></span> <span class='ocrx_word' id='word_1_207' title='bbox 160 1770 394 1816; x_wconf 80' lang='lat' dir='ltr'><strong>illuminari</strong></span> <span class='ocrx_word' id='word_1_208' title='bbox 413 1771 602 1826; x_wconf 84' lang='lat' dir='ltr'><strong>volebat,</strong></span> <span class='ocrx_word' id='word_1_209' title='bbox 619 1781 661 1816; x_wconf 89' lang='lat' dir='ltr'><strong>et</strong></span> <span class='ocrx_word' id='word_1_210' title='bbox 675 1772 772 1816; x_wconf 89' lang='lat' dir='ltr'><strong>sciri</strong></span> <span class='ocrx_word' id='word_1_211' title='bbox 785 1772 964 1817; x_wconf 87' lang='lat' dir='ltr'><strong>timebat</strong></span> <span class='ocrx_word' id='word_1_212' title='bbox 987 1792 994 1818; x_wconf 93' lang='lat'>:</span> <span class='ocrx_word' id='word_1_213' title='bbox 1011 1776 1234 1834; x_wconf 88' lang='lat' dir='ltr'><strong>respondit</strong></span> <span class='ocrx_word' id='word_1_214' title='bbox 1257 1779 1279 1820; x_wconf 85' lang='lat' dir='ltr'>J</span> <span class='ocrx_word' id='word_1_215' title='bbox 1286 1777 1436 1833; x_wconf 82' lang='lat' dir='ltr'><strong>udaeis‚</strong></span> 
     </span>
     <span class='ocr_line' id='line_1_24' title="bbox 50 1841 1440 1902; baseline 0.007 -20"><span class='ocrx_word' id='word_1_216' title='bbox 50 1860 67 1882; x_wconf 69' lang='grc' dir='ltr'>α</span> <span class='ocrx_word' id='word_1_217' title='bbox 103 1841 328 1902; x_wconf 86' lang='lat' dir='ltr'><strong>Numquid</strong></span> <span class='ocrx_word' id='word_1_218' title='bbox 354 1846 440 1886; x_wconf 79' lang='lat' dir='ltr'><strong>Lex</strong></span> <span class='ocrx_word' id='word_1_219' title='bbox 458 1851 601 1887; x_wconf 84' lang='lat' dir='ltr'><strong>nostra</strong></span> <span class='ocrx_word' id='word_1_220' title='bbox 619 1842 790 1902; x_wconf 88' lang='lat' dir='ltr'><strong>judicat</strong></span> <span class='ocrx_word' id='word_1_221' title='bbox 812 1844 1057 1899; x_wconf 88' lang='lat' dir='ltr'><strong>hominem,</strong></span> <span class='ocrx_word' id='word_1_222' title='bbox 1082 1845 1164 1889; x_wconf 83' lang='lat' dir='ltr'><strong>nisi</strong></span> <span class='ocrx_word' id='word_1_223' title='bbox 1185 1846 1370 1891; x_wconf 87' lang='lat' dir='ltr'><strong>audierit</strong></span> <span class='ocrx_word' id='word_1_224' title='bbox 1385 1848 1440 1892; x_wconf 84' lang='lat' dir='ltr'><strong>ab</strong></span> 
     </span>
     <span class='ocr_line' id='line_1_25' title="bbox 50 1911 1440 1972; baseline 0.006 -19"><span class='ocrx_word' id='word_1_225' title='bbox 50 1932 69 1953; x_wconf 88' lang='lat'>»</span> <span class='ocrx_word' id='word_1_226' title='bbox 104 1913 197 1972; x_wconf 88' lang='lat' dir='ltr'><strong>ipso</strong></span> <span class='ocrx_word' id='word_1_227' title='bbox 221 1913 336 1972; x_wconf 87' lang='lat' dir='ltr'><strong>prius</strong></span> <span class='ocrx_word' id='word_1_228' title='bbox 360 1922 403 1956; x_wconf 89' lang='lat' dir='ltr'><strong>et</strong></span> <span class='ocrx_word' id='word_1_229' title='bbox 424 1912 679 1971; x_wconf 83' lang='lat' dir='ltr'><strong>cognoverit</strong></span> <span class='ocrx_word' id='word_1_230' title='bbox 700 1911 807 1972; x_wconf 85' lang='lat' dir='ltr'><strong>quid</strong></span> <span class='ocrx_word' id='word_1_231' title='bbox 835 1912 1023 1958; x_wconf 81' lang='lat' dir='ltr'><strong>faciat⁷‘?</strong></span> <span class='ocrx_word' id='word_1_232' title='bbox 1044 1932 1064 1955; x_wconf 85' lang='lat'>»</span> <span class='ocrx_word' id='word_1_233' title='bbox 1087 1915 1304 1962; x_wconf 85' lang='lat' dir='ltr'><strong>Volebant</strong></span> <span class='ocrx_word' id='word_1_234' title='bbox 1322 1919 1440 1962; x_wconf 90' lang='lat' dir='ltr'><strong>enim</strong></span> 
     </span>
     <span class='ocr_line' id='line_1_26' title="bbox 46 1981 1440 2044; baseline 0.004 -18"><span class='ocrx_word' id='word_1_235' title='bbox 46 1982 108 2026; x_wconf 91' lang='lat' dir='ltr'><strong>illi</strong></span> <span class='ocrx_word' id='word_1_236' title='bbox 125 1998 322 2043; x_wconf 87' lang='lat' dir='ltr'><strong>perverse</strong></span> <span class='ocrx_word' id='word_1_237' title='bbox 351 1991 450 2026; x_wconf 88' lang='lat' dir='ltr'><strong>ante</strong></span> <span class='ocrx_word' id='word_1_238' title='bbox 473 1998 562 2027; x_wconf 83' lang='lat' dir='ltr'><strong>esse</strong></span> <span class='ocrx_word' id='word_1_239' title='bbox 584 1981 860 2027; x_wconf 81' lang='lat' dir='ltr'><strong>damnatores</strong></span> <span class='ocrx_word' id='word_1_240' title='bbox 880 1999 1010 2043; x_wconf 84' lang='lat' dir='ltr'><strong>quam</strong></span> <span class='ocrx_word' id='word_1_241' title='bbox 1033 1986 1293 2044; x_wconf 88' lang='lat' dir='ltr'><strong>cognitores.</strong></span> <span class='ocrx_word' id='word_1_242' title='bbox 1323 1988 1440 2032; x_wconf 90' lang='lat' dir='ltr'><strong>Scie-</strong></span> 
     </span>
     <span class='ocr_line' id='line_1_27' title="bbox 47 2051 1440 2115; baseline 0.004 -18"><span class='ocrx_word' id='word_1_243' title='bbox 47 2053 124 2097; x_wconf 87' lang='lat' dir='ltr'><strong>bat</strong></span> <span class='ocrx_word' id='word_1_244' title='bbox 146 2054 262 2097; x_wconf 91' lang='lat' dir='ltr'><strong>enim</strong></span> <span class='ocrx_word' id='word_1_245' title='bbox 288 2052 572 2106; x_wconf 88' lang='lat' dir='ltr'><strong>Nicodemus,</strong></span> <span class='ocrx_word' id='word_1_246' title='bbox 610 2051 677 2096; x_wconf 89' lang='lat' dir='ltr'><strong>vel</strong></span> <span class='ocrx_word' id='word_1_247' title='bbox 717 2054 859 2112; x_wconf 87' lang='lat' dir='ltr'><strong>potius</strong></span> <span class='ocrx_word' id='word_1_248' title='bbox 882 2053 1116 2109; x_wconf 88' lang='lat' dir='ltr'><strong>credebat,</strong></span> <span class='ocrx_word' id='word_1_249' title='bbox 1151 2056 1253 2115; x_wconf 89' lang='lat' dir='ltr'><strong>quia</strong></span> <span class='ocrx_word' id='word_1_250' title='bbox 1285 2058 1319 2101; x_wconf 90' lang='lat' dir='ltr'><strong>si</strong></span> <span class='ocrx_word' id='word_1_251' title='bbox 1343 2068 1440 2103; x_wconf 87' lang='lat' dir='ltr'><strong>tan-</strong></span> 
     </span>
     <span class='ocr_line' id='line_1_28' title="bbox 49 2122 1443 2181; baseline 0.004 -14"><span class='ocrx_word' id='word_1_252' title='bbox 49 2124 278 2167; x_wconf 88' lang='lat' dir='ltr'><strong>tummodo</strong></span> <span class='ocrx_word' id='word_1_253' title='bbox 299 2138 399 2167; x_wconf 90' lang='lat' dir='ltr'><strong>eum</strong></span> <span class='ocrx_word' id='word_1_254' title='bbox 418 2122 581 2166; x_wconf 86' lang='lat' dir='ltr'><strong>vellent</strong></span> <span class='ocrx_word' id='word_1_255' title='bbox 610 2122 822 2181; x_wconf 88' lang='lat' dir='ltr'><strong>patienter</strong></span> <span class='ocrx_word' id='word_1_256' title='bbox 845 2123 1018 2179; x_wconf 90' lang='lat' dir='ltr'><strong>audire,</strong></span> <span class='ocrx_word' id='word_1_257' title='bbox 1042 2125 1154 2169; x_wconf 69' lang='lat' dir='ltr'><strong>forte</strong></span> <span class='ocrx_word' id='word_1_258' title='bbox 1182 2126 1341 2172; x_wconf 89' lang='lat' dir='ltr'><strong>similes</strong></span> <span class='ocrx_word' id='word_1_259' title='bbox 1364 2130 1443 2173; x_wconf 85' lang='lat' dir='ltr'><strong>fie-</strong></span> 
     </span>
     <span class='ocr_line' id='line_1_29' title="bbox 50 2192 1436 2253; baseline 0.004 -16"><span class='ocrx_word' id='word_1_260' title='bbox 50 2202 147 2237; x_wconf 86' lang='lat' dir='ltr'><strong>rent</strong></span> <span class='ocrx_word' id='word_1_261' title='bbox 179 2192 260 2237; x_wconf 85' lang='lat' dir='ltr'><strong>illis</strong></span> <span class='ocrx_word' id='word_1_262' title='bbox 285 2193 363 2253; x_wconf 86' lang='lat' dir='ltr'><strong>qui</strong></span> <span class='ocrx_word' id='word_1_263' title='bbox 392 2193 507 2236; x_wconf 88' lang='lat' dir='ltr'><strong>missi</strong></span> <span class='ocrx_word' id='word_1_264' title='bbox 544 2201 646 2236; x_wconf 90' lang='lat' dir='ltr'><strong>sunt</strong></span> <span class='ocrx_word' id='word_1_265' title='bbox 680 2201 848 2248; x_wconf 89' lang='lat' dir='ltr'><strong>tenere,</strong></span> <span class='ocrx_word' id='word_1_266' title='bbox 879 2203 920 2238; x_wconf 89' lang='lat' dir='ltr'><strong>ct</strong></span> <span class='ocrx_word' id='word_1_267' title='bbox 960 2194 1210 2240; x_wconf 86' lang='lat' dir='ltr'><strong>maluerunt</strong></span> <span class='ocrx_word' id='word_1_268' title='bbox 1244 2197 1436 2243; x_wconf 90' lang='lat' dir='ltr'><strong>credere.</strong></span> 
     </span>
     <span class='ocr_line' id='line_1_30' title="bbox 58 2262 1440 2328; baseline 0.007 -23"><span class='ocrx_word' id='word_1_269' title='bbox 58 2283 78 2305; x_wconf 87' lang='lat'>«</span> <span class='ocrx_word' id='word_1_270' title='bbox 114 2263 181 2308; x_wconf 92' lang='lat' dir='ltr'><strong>Illi</strong></span> <span class='ocrx_word' id='word_1_271' title='bbox 199 2264 566 2323; x_wconf 66' lang='lat' dir='ltr'><strong>responderuntss,</strong></span> <span class='ocrx_word' id='word_1_272' title='bbox 595 2281 613 2303; x_wconf 88' lang='lat'>»</span> <span class='ocrx_word' id='word_1_273' title='bbox 634 2278 684 2306; x_wconf 80' lang='lat' dir='ltr'><strong>ex</strong></span> <span class='ocrx_word' id='word_1_274' title='bbox 705 2262 958 2322; x_wconf 61' lang='lat' dir='ltr'><strong>praejudicio</strong></span> <span class='ocrx_word' id='word_1_275' title='bbox 980 2265 1121 2309; x_wconf 88' lang='lat' dir='ltr'><strong>cordis</strong></span> <span class='ocrx_word' id='word_1_276' title='bbox 1148 2267 1238 2322; x_wconf 91' lang='lat' dir='ltr'><strong>sui,</strong></span> <span class='ocrx_word' id='word_1_277' title='bbox 1264 2268 1383 2328; x_wconf 87' lang='lat' dir='ltr'><strong>quod</strong></span> <span class='ocrx_word' id='word_1_278' title='bbox 1398 2278 1440 2313; x_wconf 86' lang='lat' dir='ltr'><strong>et</strong></span> 
     </span>
     <span class='ocr_line' id='line_1_31' title="bbox 52 2332 1439 2397; baseline 0.005 -20"><span class='ocrx_word' id='word_1_279' title='bbox 52 2334 135 2379; x_wconf 92' lang='lat' dir='ltr'><strong>illis</strong></span> <span class='ocrx_word' id='word_1_280' title='bbox 153 2354 161 2379; x_wconf 88' lang='lat'>:</span> <span class='ocrx_word' id='word_1_281' title='bbox 182 2333 437 2394; x_wconf 88' lang='lat' dir='ltr'><strong>«Numquid</strong></span> <span class='ocrx_word' id='word_1_282' title='bbox 453 2343 554 2377; x_wconf 89' lang='lat' dir='ltr'><strong>ettu</strong></span> <span class='ocrx_word' id='word_1_283' title='bbox 567 2332 769 2377; x_wconf 80' lang='lat' dir='ltr'><strong>Galilaeus</strong></span> <span class='ocrx_word' id='word_1_284' title='bbox 789 2335 862 2377; x_wconf 78' lang='lat' dir='ltr'><strong>es?</strong></span> <span class='ocrx_word' id='word_1_285' title='bbox 877 2353 895 2375; x_wconf 94' lang='lat'>»</span> <span class='ocrx_word' id='word_1_286' title='bbox 917 2334 966 2379; x_wconf 84' lang='lat' dir='ltr'><strong>td</strong></span> <span class='ocrx_word' id='word_1_287' title='bbox 984 2345 1062 2391; x_wconf 87' lang='lat' dir='ltr'><strong>est,</strong></span> <span class='ocrx_word' id='word_1_288' title='bbox 1077 2338 1197 2397; x_wconf 86' lang='lat' dir='ltr'><strong>quasi</strong></span> <span class='ocrx_word' id='word_1_289' title='bbox 1219 2355 1241 2382; x_wconf 86' lang='lat' dir='ltr'><strong>a</strong></span> <span class='ocrx_word' id='word_1_290' title='bbox 1260 2339 1439 2384; x_wconf 79' lang='lat' dir='ltr'><strong>Galilaeo</strong></span> 
     </span>
     <span class='ocr_line' id='line_1_32' title="bbox 55 2401 1441 2468; baseline 0.004 -20"><span class='ocrx_word' id='word_1_291' title='bbox 55 2404 275 2449; x_wconf 86' lang='lat' dir='ltr'><strong>seductus.</strong></span> <span class='ocrx_word' id='word_1_292' title='bbox 295 2405 502 2448; x_wconf 86' lang='lat' dir='ltr'><strong>Dominus</strong></span> <span class='ocrx_word' id='word_1_293' title='bbox 525 2403 642 2447; x_wconf 88' lang='lat' dir='ltr'><strong>enim</strong></span> <span class='ocrx_word' id='word_1_294' title='bbox 659 2401 861 2448; x_wconf 82' lang='lat' dir='ltr'><strong>Galilaeus</strong></span> <span class='ocrx_word' id='word_1_295' title='bbox 878 2403 1108 2450; x_wconf 84' lang='lat' dir='ltr'><strong>dicebatur</strong></span> <span class='ocrx_word' id='word_1_296' title='bbox 1124 2442 1135 2462; x_wconf 90' lang='lat'><strong>,</strong></span> <span class='ocrx_word' id='word_1_297' title='bbox 1160 2409 1368 2468; x_wconf 84' lang='lat' dir='ltr'><strong>quoniam</strong></span> <span class='ocrx_word' id='word_1_298' title='bbox 1387 2410 1441 2454; x_wconf 90' lang='lat' dir='ltr'><strong>de</strong></span> 
     </span>
    </p>
   </div>
   <div class='ocr_carea' id='block_1_2' title="bbox 61 2486 1495 2589">
    <p class='ocr_par' dir='ltr' id='par_1_3' title="bbox 61 2486 1495 2589">
     <span class='ocr_line' id='line_1_33' title="bbox 107 2486 1495 2549; baseline 0.001 -26"><span class='ocrx_word' id='word_1_299' title='bbox 107 2506 116 2523; x_wconf 87' lang='grc' dir='ltr'>ι</span> <span class='ocrx_word' id='word_1_300' title='bbox 131 2502 221 2533; x_wconf 81' lang='lat' dir='ltr'><strong>Joan.</strong></span> <span class='ocrx_word' id='word_1_301' title='bbox 239 2512 296 2540; x_wconf 83' lang='lat' dir='ltr'><strong>vu,</strong></span> <span class='ocrx_word' id='word_1_302' title='bbox 315 2500 369 2542; x_wconf 73' lang='grc'><strong>45.</strong></span> <span class='ocrx_word' id='word_1_303' title='bbox 391 2516 433 2522; x_wconf 90' lang='grc'><strong>--</strong></span> <span class='ocrx_word' id='word_1_304' title='bbox 452 2507 465 2522; x_wconf 80' lang='lat'>2</span> <span class='ocrx_word' id='word_1_305' title='bbox 480 2499 560 2531; x_wconf 82' lang='lat' dir='ltr'><strong>lbid.</strong></span> <span class='ocrx_word' id='word_1_306' title='bbox 581 2498 633 2539; x_wconf 63' lang='grc'><strong>46.</strong></span> <span class='ocrx_word' id='word_1_307' title='bbox 655 2515 696 2520; x_wconf 88' lang='grc'>-</span> <span class='ocrx_word' id='word_1_308' title='bbox 717 2496 825 2531; x_wconf 83' lang='lat' dir='ltr'><strong>31bid.</strong></span> <span class='ocrx_word' id='word_1_309' title='bbox 846 2498 901 2541; x_wconf 66' lang='lat'><strong>47.</strong></span> <span class='ocrx_word' id='word_1_310' title='bbox 923 2517 965 2524; x_wconf 90' lang='lat'><strong>--</strong></span> <span class='ocrx_word' id='word_1_311' title='bbox 983 2499 999 2526; x_wconf 80' lang='lat' dir='ltr'><strong>l·</strong></span> <span class='ocrx_word' id='word_1_312' title='bbox 1017 2501 1096 2535; x_wconf 23' lang='lat' dir='ltr'><strong>thid*</strong></span> <span class='ocrx_word' id='word_1_313' title='bbox 1118 2501 1172 2544; x_wconf 65' lang='grc'><strong>48,</strong></span> <span class='ocrx_word' id='word_1_314' title='bbox 1203 2519 1240 2526; x_wconf 84' lang='grc'><strong>..</strong></span> <span class='ocrx_word' id='word_1_315' title='bbox 1256 2501 1370 2537; x_wconf 43' lang='lat'>5151&amp;</span> <span class='ocrx_word' id='word_1_316' title='bbox 1386 2504 1441 2549; x_wconf 37' lang='lat'><strong>49‘</strong></span> <span class='ocrx_word' id='word_1_317' title='bbox 1491 2486 1495 2492; x_wconf 74' lang='grc'><em>’</em></span> 
     </span>
     <span class='ocr_line' id='line_1_34' title="bbox 61 2551 865 2589; baseline -0.002 -1"><span class='ocrx_word' id='word_1_318' title='bbox 61 2570 102 2577; x_wconf 90' lang='grc'><strong>-·</strong></span> <span class='ocrx_word' id='word_1_319' title='bbox 120 2554 135 2578; x_wconf 77' lang='lat'><strong>⁶</strong></span> <span class='ocrx_word' id='word_1_320' title='bbox 156 2556 237 2588; x_wconf 80' lang='lat' dir='ltr'><strong>lbid.</strong></span> <span class='ocrx_word' id='word_1_321' title='bbox 259 2555 312 2589; x_wconf 85' lang='grc'><strong>50.</strong></span> <span class='ocrx_word' id='word_1_322' title='bbox 338 2562 410 2588; x_wconf 89' lang='lat'><strong>-7</strong></span> <span class='ocrx_word' id='word_1_323' title='bbox 433 2554 515 2587; x_wconf 80' lang='lat' dir='ltr'><strong>lbid.</strong></span> <span class='ocrx_word' id='word_1_324' title='bbox 536 2554 589 2586; x_wconf 81' lang='lat'><strong>51.</strong></span> <span class='ocrx_word' id='word_1_325' title='bbox 611 2569 652 2577; x_wconf 90' lang='lat'><strong>—-</strong></span> <span class='ocrx_word' id='word_1_326' title='bbox 674 2551 688 2576; x_wconf 74' lang='lat'><em>8</em></span> <span class='ocrx_word' id='word_1_327' title='bbox 710 2553 790 2587; x_wconf 92' lang='lat' dir='ltr'><strong>lbid.</strong></span> <span class='ocrx_word' id='word_1_328' title='bbox 810 2554 865 2586; x_wconf 83' lang='lat'><strong>52.</strong></span> 
     </span>
    </p>
   </div>
  </div>
 </body>
</html>
