1825 3214
288 222 326 245 in·
362 220 535 246 solimus
569 218 847 244 manubrium
869 235 878 253 ,
914 219 1058 244 ἰ-ιιΛιίκ
1099 221 1202 244 xvii.
1362 210 1440 245 163

65 285 384 343 scripturarum
413 282 798 341 significationibus
831 281 1074 326 laborantes
1107 285 1254 341 pascit.
1281 286 1387 327 Nam
1410 284 1443 327 si

62 355 139 398 ista
155 352 537 412 intelligendorum
555 361 921 396 sacramentorum
945 351 1094 395 laetitia
1114 353 1395 397 subtrahatur
1417 369 1441 397 a

63 424 211 478 nobis,
236 423 461 468 deficimus
482 424 528 468 iu
548 422 720 476 labore,
750 431 793 467 et
822 437 908 467 non
941 423 1024 466 erit
1051 423 1126 482 qui
1151 424 1370 481 perveniat
1391 423 1447 468 ad

64 494 323 538 mercedem.

124 566 198 608 Vl.
223 564 455 618 Quomodo
491 578 593 622 ergo
625 562 971 623 quadragenario
1007 576 1191 606 numero
1226 562 1448 621 perficitur

65 638 199 695 opus?
223 638 419 679 Fortasse
450 633 548 680 ideo
563 669 575 690 ‚
608 634 709 693 quia
742 637 830 678 Lex
853 634 897 677 in
919 631 1070 677 decem
1094 634 1318 693 praeceptis
1349 634 1450 679 data

65 714 144 761 est,
162 715 204 749 et
223 721 296 764 per
313 715 453 749 totum
470 703 684 749 mundum
702 702 979 763 praedicanda
996 712 1087 747 erat
1104 707 1189 748 Lex
1209 723 1218 749 ι
1239 705 1315 764 qui
1335 713 1450 749 totus

65 775 256 820 mundus
277 786 466 836 quatuor
488 775 681 835 partibus
702 774 1050 830 commendatur,
1077 776 1255 820 Oriente
1273 785 1316 821 et
1332 777 1451 821 Occi-

66 846 220 902 dente,
245 847 426 891 Meridie
450 856 492 891 et
514 846 754 907 Aquilone,
778 846 896 890 unde
928 845 1130 891 denarius
1160 863 1236 907 per
1263 857 1453 908 quatuor

66 917 399 977 multiplicatus,
424 918 479 961 ad
499 917 891 977 quadragenarium
911 918 1121 976 pervenit.
1146 919 1224 962 Vel
1241 919 1344 978 quia
1376 934 1454 979 per

66 988 352 1048 Evangelium
381 987 501 1048 quod
532 998 718 1048 quatuor
748 988 880 1032 libros
908 988 1065 1043 habet,
1097 989 1302 1048 impletur
1327 994 1446 1037 Lex:

64 1059 166 1119 quia
189 1058 232 1101 in
256 1057 488 1115 Evangelio
510 1056 678 1102 dictum
700 1067 778 1112 est,
803 1078 823 1100 «
841 1061 938 1103 Non
956 1059 1054 1102 veni
1075 1059 1239 1104 solvere
1263 1064 1451 1119 Legem,

70 1147 90 1170 >i
125 1129 199 1174 sed
228 1129 463 1189 adimplere
481 1132 508 1171 ¹.
530 1147 549 1170 »
570 1129 666 1173 Sive
693 1143 794 1186 ergo
827 1128 923 1183 illa,
957 1130 1044 1172 sive
1075 1130 1155 1173 ista
1183 1145 1309 1174 causa
1327 1167 1338 1186 ,
1365 1132 1454 1177 sive

66 1199 147 1244 alia
170 1200 313 1259 aliqua
337 1200 628 1259 probabiliore
644 1234 655 1254 ,
681 1215 781 1259 quae
804 1214 882 1243 nos
903 1199 1037 1254 latet,
1062 1199 1276 1245 doctiores
1295 1217 1383 1246 non
1401 1201 1459 1247 la-

68 1280 157 1322 tet;
185 1281 353 1316 certum
382 1281 446 1315 est
479 1280 621 1315 tamen
643 1270 987 1331 quadragenario
1015 1286 1199 1316 numero
1225 1272 1455 1330 significari

64 1341 300 1401 quamdam
329 1340 636 1401 perfectionem
666 1342 710 1384 in
738 1341 943 1399 operibus
967 1341 1089 1386 bonis
1107 1377 1117 1396 ,
1143 1358 1243 1402 quae
1265 1344 1452 1387 maxime

66 1427 196 1472 opera
225 1413 336 1456 bona
367 1421 621 1456 exercentur
651 1411 696 1455 in
718 1410 981 1455 abstinentia
1009 1411 1199 1472 quadam
1222 1414 1277 1457 ab
1299 1413 1458 1459 illicitis

65 1484 376 1543 cupiditatibus
403 1483 579 1539 saeeuli,
612 1484 693 1527 hoe
726 1490 814 1537 est,
848 1483 1036 1538 generali
1064 1484 1244 1543 jejunio.
1276 1484 1393 1528 Audi
1415 1494 1461 1529 et

67 1553 325 1613 Apostolum
336 1552 570 1608 dicentem,
582 1572 601 1595 «
614 1551 846 1597 Plenitudo
856 1553 978 1610 Legis
992 1553 1176 1596 charitas
1186 1557 1218 1597 ².
1230 1572 1249 1595 »
1262 1555 1458 1598 Charitas

67 1625 210 1669 unde?
233 1639 309 1684 per
331 1624 511 1683 gratiam
534 1624 636 1677 Dei,
662 1638 736 1682 per
754 1622 964 1681 Spiritum
985 1632 1198 1667 sanctum.
1226 1626 1321 1668 Non
1340 1625 1457 1669 enim

67 1695 325 1740 haberemus
358 1695 478 1740 illam
510 1710 562 1739 ex
590 1694 741 1749 nobis,
767 1694 889 1753 quasi
921 1693 1128 1738 facientes
1161 1694 1280 1739 illam
1308 1697 1449 1741 nobis.

69 1767 147 1810 Dei
174 1764 341 1810 donum
368 1774 453 1820 est,
478 1773 521 1808 et
546 1779 752 1823 magnum
775 1763 941 1808 donum
964 1783 972 1808 ι
997 1765 1251 1817 «Quoniam
1273 1766 1456 1811 charitas

70 1856 90 1879 »
128 1837 224 1890 Dei,
242 1836 406 1895 inquit,
425 1835 584 1880 diffusa
598 1844 661 1879 est
678 1835 724 1878 in
740 1834 944 1879 cordibus
961 1835 1117 1879 nostris
1132 1850 1206 1894 per
1226 1837 1453 1896 Spiritum-

70 1925 91 1948 »
125 1915 346 1960 sanctum,
380 1906 457 1964 qui
479 1905 606 1949 datus
634 1913 698 1948 est
719 1904 846 1949 nobis
861 1906 893 1948 3.
915 1922 935 1944 »
958 1904 1154 1968 Charitas
1176 1921 1278 1965 ergo
1299 1907 1453 1966 implet

68 1980 244 2036 Legem,
259 1985 302 2020 et
325 1976 542 2021 verissime
564 1974 731 2020 dictum
753 1983 832 2030 est,
854 1974 1086 2020 Plenitudo
1101 1977 1227 2036 Legis
1247 1978 1448 2024 charitas.

65 2050 322 2102 Quaeramus
343 2049 455 2092 hanc
468 2047 724 2091 charitatem
739 2080 750 2102 ‚
770 2045 1145 2107 quemadmodum
1166 2051 1450 2096 commenda-

66 2127 137 2163 tur
165 2135 189 2163 a
211 2119 412 2163 Domino.
445 2120 716 2163 Mementote⁴
731 2117 840 2177 quid
867 2119 1165 2176 proposuerim
1187 2138 1196 2163 ε
1218 2135 1451 2166 numerum

68 2189 368 2249 triginta-octo
399 2203 615 2233 annorum
646 2188 692 2232 in
726 2187 803 2232 illo
835 2187 1043 2247 languido
1076 2189 1177 2234 volo
1208 2205 1447 2251 exponere,

67 2276 201 2320 quare
223 2275 430 2305 numerus
451 2258 524 2303 ille
548 2258 788 2317 trigesimus
805 2268 983 2304 octavus
998 2259 1216 2318 languoris
1236 2263 1290 2307 sit
1306 2264 1450 2322 potius

67 2345 200 2390 quam
220 2330 426 2375 sanitatis.
453 2333 590 2388 Ergo,
616 2338 666 2373 ut
677 2328 893 2384 dicebam,
908 2331 1092 2375 charitas
1107 2331 1258 2391 implet
1271 2336 1445 2392 Legem.

69 2399 137 2444 Ad
158 2401 473 2460 plenitudinem
489 2400 613 2459 Legis
631 2400 677 2443 in
699 2399 902 2444 omnibus
917 2401 1120 2460 operibus
1139 2403 1324 2461 pertinet
1345 2420 1447 2463 qua-

66 2469 347 2531 dragenarius
368 2485 574 2516 numerus
597 2488 605 2515 :
631 2470 677 2513 in
708 2469 917 2514 charitate
953 2480 1099 2516 autem
1121 2470 1209 2517 duo
1232 2482 1447 2532 praecepta

118 2562 126 2579 ¹
146 2556 259 2589 Matth.
276 2566 307 2595 v,
332 2566 382 2598 17.
405 2571 446 2579 —
464 2561 476 2578 ¹
496 2556 588 2588 Rom.
609 2565 659 2596 ιιι,
685 2563 738 2586 10.
759 2569 798 2578 -
825 2551 906 2586 ³1d.
928 2565 963 2595 v,
983 2553 1013 2587 5.

1174 2610 1239 2649 11.
