1825 3214
296 212 335 235 m·
371 208 545 235 somnis
579 206 858 235 Eumol-unum
880 224 890 243 ,
925 208 1071 233 ἰ-ιιΛω.
1113 208 1205 233 λιιι.
1373 197 1427 234 99

47 275 166 334 gelus
189 273 425 333 prohibuit.
446 275 599 318 Nonne
621 270 899 316 manifestum
922 279 985 314 cst
1008 273 1110 330 quia
1131 286 1261 331 super
1282 286 1431 316 omnes

45 345 235 405 Angelos
257 353 336 400 est,
368 344 438 389 cui
462 342 557 388 talis
579 344 727 398 homo,
749 358 837 403 quo
859 343 995 403 major
1024 357 1152 387 nemo
1184 343 1366 388 surrexit
1387 342 1431 387 in

46 416 157 461 natis
180 416 432 471 mulierum,
457 415 562 460 dicit
580 414 810 475 indignum
831 429 876 459 se
897 429 986 459 esse
1007 412 1174 459 solvere
1205 414 1432 473 corrigium

47 487 327 533 calceamenti
345 483 368 529 ’ἴ

105 561 186 604 111.
211 561 373 603 Tamen
396 557 564 618 aliquid
585 556 828 603 evidentius
846 555 963 602 dicat
979 557 1183 611 Joannes,
1200 555 1303 616 quia
1319 558 1434 600 Deus

48 638 113 675 est
143 630 351 674 Dominus
386 637 530 674 noster
561 631 684 674 Jesus
715 627 928 674 Christus.
965 627 1243 672 Inveniamus
1275 627 1360 672 hoc
1391 627 1437 671 in

49 701 249 761 praesenti
283 700 486 755 lectione,
511 699 613 760 quia
642 697 754 744 forte
787 707 830 743 et
851 697 906 743 de
934 696 1010 744 illo
1037 698 1322 754 cantavimus,
1348 701 1438 742 Re-

51 772 195 831 gnavit
235 774 348 816 Deus
381 786 510 831 super
543 785 718 816 omnem
754 779 909 815 terram
940 789 950 816 :
976 779 1129 816 contra
1162 770 1283 831 quod
1315 770 1439 816 surdi

50 852 167 899 sunt,
192 843 269 903 qui
291 852 449 903 putant
469 859 570 887 euni
600 843 646 886 in
675 840 820 887 Africa
853 842 942 888 sola
974 858 1170 903 regnare.
1195 845 1293 888 Non
1323 843 1440 887 enim

51 929 140 959 non
153 912 320 958 dictum
342 922 405 958 est
426 908 481 957 de
498 913 798 968 Cliristo‚cum
811 913 978 958 dictum
994 922 1073 969 est,
1090 913 1306 974 Regnavit
1323 916 1440 958 Deus

51 999 181 1044 super
213 999 388 1030 omnem
428 993 603 1028 terram.
629 984 735 1037 Quis
770 993 833 1028 est
866 984 983 1028 enim
1023 984 1130 1029 alius
1166 1001 1240 1029 rex
1274 994 1436 1041 noster,

52 1055 132 1099 nisi
157 1055 366 1100 Dominus
387 1064 532 1099 noster
559 1056 683 1098 Jesus
705 1054 934 1099 Christus?
955 1058 1051 1114 Ipse
1080 1065 1142 1100 est
1165 1072 1236 1100 rex
1275 1065 1437 1101 noster.

16 1160 24 1164 γ
53 1128 109 1171 Et
130 1126 238 1187 quid
259 1125 437 1170 audistis
454 1127 499 1170 in
522 1127 614 1185 ipso
638 1125 818 1185 psalmo,
845 1127 1008 1184 recenti
1031 1143 1159 1172 versu
1174 1126 1307 1172 modo
1335 1142 1440 1172 ean-

57 1198 176 1242 tato?
200 1216 221 1240 «
242 1195 414 1242 Psallite
436 1200 527 1242 Deo
544 1206 708 1252 nostro,
733 1196 928 1257 psallite:
954 1197 1124 1258 psallite
1154 1199 1245 1258 regi
1268 1208 1433 1254 nostro,

58 1285 78 1309 »
114 1265 282 1327 psallite
298 1269 328 1311 ¹.
357 1285 377 1309 »
400 1272 536 1320 Quem
558 1267 667 1312 dixit
689 1270 843 1323 Deum,
870 1269 1010 1328 ipsum
1043 1269 1150 1314 dixit
1172 1285 1315 1328 regem
1339 1285 1443 1315 nos-

57 1347 172 1384 trum
200 1358 208 1383 z
238 1358 258 1382 «
285 1337 458 1384 Psallite
481 1342 570 1384 Deo
591 1348 755 1394 nostro,
781 1339 949 1398 psallite
971 1341 1059 1399 regi
1081 1351 1245 1397 nostro,
1271 1341 1441 1402 psallite

59 1429 79 1452 »
113 1409 403 1468 intelligenter
420 1413 453 1454 ².
490 1430 508 1452 »
539 1412 602 1456 Ne
625 1411 671 1454 in
700 1426 788 1454 una
814 1420 936 1470 parte
968 1412 1074 1457 velis
1104 1412 1345 1472 intelligere
1372 1413 1444 1458 cui

56 1480 201 1542 psallis
226 1501 234 1526 :
256 1482 469 1535 Quoniam
487 1496 561 1526 rex
578 1481 718 1526 omnis
751 1490 875 1526 terrae
897 1486 1027 1528 Deus.
1053 1487 1111 1529 Et
1131 1486 1357 1544 quomodo
1379 1493 1443 1529 est

57 1553 196 1599 omnis
217 1562 342 1598 terrae
364 1569 454 1609 rex,
485 1554 563 1614 qui
581 1553 695 1599 visus
717 1562 781 1598 est
802 1554 848 1598 in
877 1571 965 1599 una
987 1565 1109 1614 parte
1134 1565 1364 1612 terrarum,
1396 1556 1444 1600 in

59 1624 344 1682 Jerosolyma‚
369 1624 414 1669 in
442 1624 613 1680 Judaea,
643 1623 872 1668 ambulans
904 1626 1018 1670 inter
1048 1626 1262 1682 homines,
1297 1635 1442 1683 natus,

57 1709 226 1754 sugenS,
243 1710 454 1749 crescens,
479 1694 764 1750 manducanS‚
790 1695 960 1751 bibens,
986 1696 1186 1755 vigilans,
1207 1696 1442 1753 dormiens,

58 1764 262 1825 fatigatus
290 1766 346 1810 ad
371 1774 554 1825 puteum
591 1764 761 1820 sedem,
785 1767 1141 1826 comprehensus,
1179 1767 1438 1827 flagellatus,

58 1837 195 1897 sputis
229 1836 378 1891 illitus,
412 1836 544 1895 spinis
572 1844 819 1892 coronatus,
860 1835 979 1895 ligno
1017 1853 1264 1898 suspensae„
1295 1839 1445 1885 lancea

59 1922 301 1967 percussus,
329 1915 544 1961 mortuus,
575 1905 770 1966 sepultus
791 1907 1045 1967 Pquomodo
1067 1924 1172 1969 ergo
1205 1925 1279 1954 rex
1306 1911 1446 1955 omnis

59 1980 216 2024 terrae?
237 1977 368 2032 Quod
389 1977 621 2024 videbatur
643 1978 688 2022 in
713 1977 828 2033 loco,
847 1993 948 2024 earo
970 1990 1063 2025 erat
1083 1996 1092 2022 ε
1116 1980 1252 2026 oeulis
1280 1983 1445 2027 carneis

61 2063 160 2094 caro
177 2048 415 2108 apparebat
434 2064 444 2090 ε
469 2048 516 2092 in
536 2063 666 2092 carne
687 2047 860 2093 mortali
882 2051 1077 2110 majestas
1093 2052 1349 2098 immortalis
1369 2069 1446 2098 oc-

63 2120 328 2165 cultabatur.
359 2122 417 2164 Et
447 2117 608 2179 quibus
639 2118 774 2164 oculis
798 2121 993 2181 majestas
1022 2123 1276 2168 immortalis
1313 2140 1448 2185 pene-

64 2201 176 2237 trata
198 2206 404 2251 compage
424 2191 565 2236 carnis
587 2191 748 2251 poterit
768 2191 957 2237 intueri?
979 2196 1055 2239 Est
1072 2194 1180 2240 alius
1197 2195 1366 2252 oculus,
1387 2205 1451 2241 est

63 2263 243 2309 interior
253 2263 423 2309 oculus.
441 2266 540 2310 Non
551 2263 668 2308 enim
683 2263 826 2309 nullos
843 2265 991 2310 oculos
1006 2267 1197 2312 habebat
1211 2276 1255 2312 et
1273 2268 1457 2324 Tobias,-

67 2333 246 2394 quando
266 2350 405 2379 caecus
426 2334 561 2380 oculis
574 2334 790 2393 corporeis
806 2334 896 2380 filio
917 2335 1278 2398 dabatpraecepta
1301 2339 1403 2385 vitae
1416 2340 1448 2382 ³.

67 2403 147 2448 Ille
168 2406 280 2464 patri
300 2420 480 2449 manum
501 2404 692 2461 tenebat,
710 2413 760 2449 ut
774 2405 959 2464 pedibus
976 2408 1221 2453 ambularet
1241 2428 1249 2454 :
1274 2409 1348 2453 ille
1363 2409 1453 2453 filio

68 2474 298 2521 consilium
322 2474 471 2531 dabat,
493 2483 544 2521 ut
563 2475 697 2521 vitam
707 2475 887 2536 justitiae
908 2485 1089 2524 teneret.
1114 2481 1173 2525 Et
1198 2479 1280 2525 hac
1307 2479 1456 2525 oculos

121 2567 130 2584 ¹
151 2561 232 2596 Psal.
251 2572 337 2604 uvi,
358 2572 389 2604 7.
411 2578 452 2588 —
473 2568 487 2586 ²
500 2560 583 2597 ibid.
605 2561 638 2596 8.
657 2577 700 2586 —
721 2559 734 2586 ³
752 2561 832 2596 Tob.
848 2573 897 2605 iv,
915 2571 948 2597 2.

1205 2619 1245 2657 7.
