1809 3173
339 239 423 279 506
718 250 752 280 s.
799 250 1029 282 Auem-‚nm
1059 254 1241 282 EPJSCOPI

335 314 421 368 Qui
444 316 777 374 perseveraverit
798 332 936 377 usque
956 318 1002 360 in
1029 317 1183 372 finem,
1208 318 1279 361 hic
1307 316 1448 362 salvus
1471 318 1566 361 erit.
1592 320 1711 362 Bona

335 400 417 429 vox
435 420 445 440 ,
470 385 624 429 fratres
641 421 652 440 ,
676 401 801 442 vera,
828 387 1049 447 pastoralis
1067 422 1077 441 ,
1099 388 1187 445 ipsa
1210 397 1273 431 est
1303 404 1385 432 vox
1407 388 1554 432 salutis
1582 389 1624 431 in
1640 397 1714 433 »ta-

335 456 581 501 bernaculis
592 459 823 517 justorum.
850 461 955 502 Nam
980 457 1106 501 facile
1125 466 1188 500 est
1205 458 1353 501 audire
1375 459 1621 513 Christum,
1649 458 1714 502 sa-

334 526 416 571 cile
432 535 494 571 est
515 527 693 571 laudare
709 528 994 586 Evangelium
1009 562 1019 582 ,
1038 526 1163 571 facile
1178 526 1414 571 acclamare
1426 528 1710 587 disputatori:

334 612 605 656 perseverare
628 613 765 657 usque
786 599 831 641 iu
853 598 1006 652 finem,
1031 597 1114 641 hoc
1136 606 1199 641 est
1221 598 1366 641 ovium
1390 613 1537 642 vocem
1565 606 1714 657 pasto-

333 668 389 711 ris
418 669 704 712 audientium.
735 668 932 712 Tentatio
960 667 1140 723 accidit,
1165 683 1388 727 persevera
1419 684 1557 728 usque
1590 670 1633 712 in
1659 670 1714 712 fi-

333 753 434 782 nem
454 757 462 782 :
489 738 590 797 quia
610 737 791 781 tentatio
806 752 895 780 non
916 746 1159 796 perseverat
1179 738 1382 798 usquein
1404 738 1549 781 finem.
1570 741 1715 798 Usque

333 810 378 853 in
394 823 524 867 quem
540 808 671 851 finem
689 808 1012 867 perseverabis?
1032 823 1259 868 quousque
1277 808 1400 852 finias
1421 809 1550 852 viam.
1572 810 1715 861 Quan-

336 878 414 922 diu
435 878 550 922 enim
566 893 655 922 non
671 876 791 921 audis
808 878 1029 923 Christum
1048 913 1059 933 ,
1085 877 1353 922 adversarius
1370 887 1472 922 tuus
1493 887 1557 923 est
1575 878 1619 921 in
1636 879 1715 922 ista

332 949 422 1003 via,
443 949 525 993 hoc
548 957 611 992 est
642 949 688 991 in
709 949 789 992 ista
826 948 999 992 mortali
1023 949 1124 993 vita.
1151 948 1234 993 Sed
1262 947 1371 1008 quid
1391 948 1526 992 dicit?
1551 966 1568 988 «
1596 949 1715 993 Con-

335 1036 357 1061 »
392 1020 522 1064 corda
544 1034 644 1063 cum
665 1019 907 1064 adversario
922 1028 999 1064 tuo
1016 1019 1124 1075 cito,
1142 1020 1248 1063 dum
1261 1035 1304 1063 es
1321 1033 1421 1064 cum
1440 1034 1491 1063 eo
1513 1019 1557 1063 in
1573 1020 1712 1063 via1.»

333 1089 531 1145 Audisti,
570 1089 811 1145 credidisti,
847 1089 1132 1135 concordasti.
1176 1091 1218 1135 Si
1261 1089 1552 1134 adversabaris
1568 1124 1579 1144 ‚
1611 1104 1717 1135 con-

333 1161 478 1205 corda.
498 1161 540 1206 Si
563 1161 642 1205 tibi
663 1162 905 1220 praestitum
930 1170 993 1205 est
1014 1159 1299 1216 concordare,
1325 1160 1413 1205 noli
1431 1159 1610 1204 ulterius
1629 1159 1717 1203 liti-

335 1245 450 1289 gare.
473 1230 660 1283 Quando
677 1231 790 1274 enim
809 1231 986 1274 finiatur
1001 1231 1067 1274 via
1090 1231 1224 1274 nescis
1241 1265 1251 1285 ,
1277 1229 1353 1273 sed
1371 1239 1516 1273 tamen
1533 1229 1612 1273 scit
1625 1229 1712 1272 ille.

337 1301 379 1345 Si
403 1301 492 1345 ovis
530 1316 594 1355 es,
620 1310 663 1344 et
700 1301 733 1344 si
764 1301 1100 1359 perseveraveris
1133 1316 1271 1360 usque
1306 1301 1351 1344 in
1380 1301 1511 1344 finem
1530 1335 1540 1354 ,
1576 1299 1729 1344 salvus‘

293 1400 299 1404 -
335 1371 415 1414 eris
443 1389 450 1415 :
475 1385 523 1414 ac
544 1386 622 1430 per
642 1371 726 1415 hoc
747 1371 871 1415 istam
889 1386 1041 1416 vocem
1062 1386 1151 1415 non
1183 1379 1472 1416 contemnunt
1510 1371 1598 1425 sui,
1627 1386 1717 1415 non

334 1439 518 1484 audiunt
548 1439 690 1484 alieni.
733 1442 790 1484 Ut
826 1441 971 1500 potui,
1008 1449 1058 1484 ut
1089 1441 1179 1500 ipse
1217 1441 1417 1495 donavit,
1450 1439 1715 1499 profundam

333 1509 523 1554 multum
544 1510 828 1569 quaestionem
861 1519 936 1554 aut
963 1510 1141 1569 exposui
1162 1511 1284 1555 vobis
1299 1545 1309 1565 ,
1337 1519 1412 1554 aut
1432 1510 1611 1554 tractavi
1637 1525 1716 1554 vo-

335 1581 519 1625 biscum.
555 1581 597 1625 Si
633 1582 709 1640 qui
742 1581 885 1624 minus
913 1580 1238 1636 intellexerunt,
1276 1590 1449 1625 maneat
1480 1582 1638 1639 pietas,
1674 1589 1717 1625 et

335 1651 597 1695 revelabitur
612 1650 767 1695 veritas
794 1669 802 1695 ε
828 1651 904 1711 qui
926 1660 1071 1695 autem
1100 1650 1430 1707 intellexerunt,
1454 1666 1544 1696 non
1574 1666 1618 1695 se
1641 1666 1716 1694 ex-

333 1721 491 1765 tollant
514 1721 636 1781 quasi
659 1721 884 1766 celeriores
908 1737 1037 1781 super
1059 1722 1289 1777 tardiores,
1315 1737 1370 1765 ne
1392 1721 1640 1766 extollendo
1672 1736 1716 1764 εθ

336 1791 599 1846 exorbitent,
638 1800 680 1835 et
716 1790 882 1836 facilius
910 1793 1164 1851 perveniant
1204 1791 1423 1837 tardiores.
1448 1795 1608 1836 Omnes
1636 1808 1715 1836 au·

335 1870 420 1905 tem
456 1860 668 1920 perducat
699 1862 769 1904 cui
792 1861 995 1915 dicimus,
1030 1881 1049 1903 «
1085 1862 1235 1906 Deduc
1266 1877 1336 1905 me
1367 1862 1550 1906 Domine
1581 1861 1626 1905 in
1647 1861 1714 1905 via

338 1950 359 1974 >›
389 1941 485 1987 tua,
510 1941 553 1976 et
576 1932 810 1976 ambulabo
835 1933 880 1975 in
895 1933 1075 1976 veritate
1100 1934 1216 1976 tua2.
1244 1950 1264 1973 »

393 2005 511 2047 XIV.
532 2006 613 2046 Per
629 2003 712 2047 hoc
745 2017 845 2061 ergo
877 2003 998 2063 quod
1021 2003 1218 2062 exposuit
1242 2004 1475 2058 Dominus,
1500 2002 1598 2062 quia
1623 2003 1714 2062 ipse

335 2081 398 2118 est
420 2073 600 2127 ostium,
621 2072 832 2116 intremus
855 2072 910 2116 ad
933 2088 981 2116 ea
1004 2089 1103 2132 quae
1124 2072 1372 2132 proposuit,
1397 2087 1476 2117 nec
1499 2074 1709 2131 exposuit.

333 2145 391 2186 Et
419 2152 566 2202 pastor
586 2142 763 2202 quidem
797 2143 993 2202 quisnam
1029 2141 1109 2197 sit,
1136 2142 1330 2202 quamvis
1352 2157 1441 2185 non
1474 2142 1630 2186 dixerit
1667 2143 1713 2185 in

332 2212 412 2256 ista
447 2211 633 2255 lectione
665 2227 763 2271 quae
795 2212 925 2255 hodie
958 2212 1134 2256 recitata
1170 2220 1262 2266 est,
1299 2220 1443 2255 tamen
1475 2212 1520 2254 in
1542 2227 1591 2255 ea
1614 2227 1713 2270 quae

335 2283 530 2341 sequitur
563 2282 824 2340 apertissime
860 2281 963 2326 dicit
992 2302 1000 2326 :
1030 2302 1050 2324 «
1074 2285 1168 2340 Ego
1190 2296 1285 2325 sum
1319 2291 1464 2340 pastor
1501 2281 1658 2325 bonus.
1687 2300 1707 2322 »

334 2351 462 2404 Quod
485 2351 562 2394 etsi
583 2366 671 2394 non
689 2351 850 2394 diceret
866 2386 875 2404 ,
906 2367 1037 2411 quem
1061 2351 1191 2395 alium
1209 2360 1365 2410 praeter
1387 2352 1530 2410 ipsum
1546 2350 1710 2394 intelli-

334 2437 432 2480 gere
454 2420 709 2464 deberemus
745 2421 790 2463 in
813 2421 872 2463 eis
896 2421 1057 2475 verbis,
1098 2421 1172 2463 ubi
1211 2421 1268 2464 ait
1295 2440 1303 2464 z
1334 2440 1351 2461 «
1379 2421 1462 2473 Qui
1486 2421 1616 2464 intrat
1634 2435 1711 2479 per

333 2510 355 2533 »
391 2491 570 2546 ostium,
592 2499 736 2549 pastor
750 2498 811 2532 est
826 2490 987 2534 ovium.
1010 2491 1121 2534 Huic
1139 2490 1335 2535 ostiarius
1357 2491 1493 2550 aperit
1515 2510 1523 2535 :
1548 2499 1590 2535 et
1609 2505 1710 2535 oves

381 2581 391 2598 ¹
407 2574 520 2608 Matth.
536 2586 570 2616 v,
593 2574 647 2607 25.
673 2591 715 2597 ·—
733 2580 746 2597 ²
765 2574 848 2607 Psal.
874 2584 991 2615 Lxxxv,
1020 2585 1070 2606 11.
