1825 3214
293 260 334 285 iu
369 257 541 286 JOANMs
574 256 855 286 eunonium
877 276 888 296 ,
923 257 1068 287 Tnacr.
1106 263 1207 289 xtv.
1362 253 1445 292 503

62 321 154 380 lupi
176 331 297 366 erant
315 344 325 378 ·,
346 337 425 366 vox
449 322 593 365 audita
618 336 689 366 eos
714 323 911 377 mutavit,
931 333 973 367 et
994 341 1044 366 ex
1064 324 1176 384 lupis
1194 341 1293 370 oves
1317 327 1443 386 lecit,

0 386 1 398 ¹
61 393 238 452 quando
276 408 378 451 ergo
410 392 534 435 factm
566 402 667 436 sunt
704 408 828 447 oves,
863 393 1122 449 audierunt,
1158 407 1197 440 et
1231 408 1445 456 pastorem

62 463 348 517 invenerunt,
372 472 675 522 pastoremque
706 472 866 507 secutae
888 474 1011 519 sunt,
1036 468 1216 524 pastoris
1240 470 1443 526 promissa

59 542 363 593 speraverunt,
384 534 486 593 quia
511 535 629 593 jussa
652 533 864 578 fecerunt.

118 605 195 647 XI.
225 603 373 648 Soluta
394 613 457 647 est
485 613 727 664 utcumque
743 605 822 648 ista
840 596 1019 664 fluaetio,
1039 613 1082 649 et
1102 606 1309 665 cuiquam
1330 605 1442 662 forte

59 673 258 717 sufficiat.
286 677 358 717 Me
393 683 537 717 autem
573 674 716 718 adhuc
745 683 917 729 movet,
955 683 998 718 et
1029 675 1137 735 quid
1171 690 1241 719 me
1273 687 1445 721 moveat

57 744 333 787 communico
360 745 608 799 vobiscum,
634 754 684 788 ut
701 744 894 804 quodam
921 745 1052 790 modo
1075 760 1274 805 quaerens
1295 747 1443 791 vobis·

57 827 157 857 cum
175 848 186 868 ,
211 814 429 857 revelante
454 814 529 858 illo
550 814 774 858 vobiscum
790 830 956 858 merear
978 816 1186 860 invenire.
1208 815 1324 869 Quid
1342 832 1446 876 ergo

56 899 127 927 me
149 893 320 928 moveat
335 919 346 938 ,
383 885 580 944 accipite.
604 888 686 929 Per
711 885 982 929 Ezechielem
1016 887 1273 945 prophetam
1292 887 1444 931 Domi-

57 969 139 998 nus
172 954 374 1013 objurgat
394 964 586 1014 pastores
603 990 615 1010 ,
636 964 680 999 et
711 955 818 1000 dicit
835 956 949 1000 inter
977 966 1133 1000 caetera
1167 957 1222 1000 de
1252 958 1408 1001 ovibus
1425 991 1437 1012 ,

60 1042 81 1066 «
114 1026 342 1068 Errantem
365 1040 489 1069 ovem
510 1041 599 1070 non
635 1025 865 1070 revocastis
881 1028 910 1070 ¹.
933 1043 954 1067 »
980 1028 1037 1070 Et
1063 1035 1280 1071 errantem
1309 1025 1441 1083 dicit,

56 1102 99 1138 et
120 1109 246 1138 ovem
268 1094 471 1154 appellat.
497 1096 538 1139 Si
556 1096 734 1155 quando
763 1095 935 1140 errabat
963 1096 1053 1141 ovis
1078 1105 1191 1151 erat,
1217 1097 1338 1156 cujus
1359 1112 1441 1142 vo-

55 1179 149 1209 cem
170 1174 218 1209 ut
233 1174 394 1209 erraret
416 1164 650 1209 audiebat?
667 1165 825 1211 Procul
847 1166 984 1211 dubio
1005 1168 1122 1211 enim
1139 1183 1229 1212 non
1250 1177 1412 1212 erraret
1425 1203 1438 1224 ,

55 1235 88 1278 si
109 1250 260 1279 vocem
282 1236 464 1295 pastoris
491 1234 662 1279 audiret
685 1254 694 1280 :
721 1235 797 1280 sed
823 1236 921 1280 ideo
949 1238 1132 1292 erravit,
1163 1238 1266 1297 quia
1287 1253 1441 1283 vocem

56 1305 223 1350 audivit
244 1306 395 1364 alieni3
416 1321 567 1351 vocem
598 1306 706 1350 furis
728 1316 772 1351 et
796 1306 976 1352 latronis
1007 1308 1186 1353 audivit.
1215 1310 1343 1353 Certe
1371 1309 1438 1353 la-

53 1386 230 1422 tronum
260 1393 409 1422 vocem
446 1393 534 1422 non
570 1378 756 1422 audiunt
787 1393 923 1423 oves:
963 1398 984 1421 «
1018 1379 1100 1431 Qui
1137 1387 1377 1434 venerunt,
1416 1396 1440 1422 n

52 1448 217 1507 inquit,
251 1458 293 1492 et
325 1448 605 1506 intelligimus
635 1457 793 1508 praeter
823 1463 915 1503 me,
948 1447 995 1492 id
1018 1458 1102 1503 est,
1127 1450 1203 1509 qui
1225 1460 1442 1494 venerunt

52 1527 210 1579 praeter
240 1533 332 1574 me,
361 1536 381 1560 «
412 1518 528 1578 fures
556 1528 658 1563 sunt
683 1528 726 1562 et
760 1517 946 1563 latrones
964 1553 975 1572 ,
1010 1528 1055 1562 et
1080 1534 1170 1563 non
1207 1520 1441 1566 audierunt

3 1634 15 1645 ·
54 1607 76 1631 »
112 1605 184 1634 eos
210 1605 325 1635 oves.
361 1606 383 1631 »
412 1590 596 1634 Domine
624 1590 658 1633 si
688 1605 778 1634 non
811 1588 1044 1633 audierunt
1075 1604 1147 1634 eos
1176 1605 1298 1646 oveS,
1325 1607 1440 1651 quo-

53 1659 186 1705 modo
219 1669 365 1704 errant
397 1662 527 1705 oves?
551 1661 593 1705 Si
624 1674 724 1704 oves
756 1674 847 1703 non
873 1658 1059 1703 audiunt
1080 1660 1162 1703 nisi
1193 1668 1264 1716 te,
1286 1670 1336 1704 tu
1357 1677 1440 1706 au-

52 1740 142 1775 tem
179 1731 334 1775 veritas
373 1745 417 1774 es
448 1750 456 1775 :
492 1730 687 1790 quisquis
720 1730 943 1774 veritatem
973 1729 1117 1784 audit,
1162 1745 1252 1774 non
1285 1732 1439 1791 utique

51 1810 178 1845 errat.
216 1800 286 1844 Illi
321 1809 465 1845 autem
499 1808 672 1855 errant,
709 1808 752 1843 et
787 1814 888 1844 oves
929 1798 1219 1858 appellantur.
1259 1803 1370 1846 Nam
1403 1803 1438 1846 si

50 1870 96 1914 in
118 1885 262 1915 errore
282 1871 376 1929 ipso
394 1885 494 1914 oves
523 1885 612 1914 non
635 1868 984 1929 appellarentur,
1005 1884 1096 1913 non
1118 1869 1335 1914 diceretur
1360 1887 1438 1931 per

50 1941 339 1995 Ezechielem,
359 1943 589 1984 Errantem
609 1955 736 1984 ovem
762 1955 854 1984 non
875 1940 1118 1984 revocastis.
1143 1941 1372 1993 Quomodo
1394 1952 1438 1987 et

51 2021 178 2066 errat,
194 2022 237 2056 et
252 2012 342 2057 ovis
364 2013 457 2056 est?
473 2013 633 2055 Vocem
645 2010 772 2055 alieni
790 2009 984 2055 audivit?
998 2012 1126 2055 Certe
1144 2030 1165 2054 «
1182 2027 1272 2057 non
1286 2012 1436 2058 audie-

54 2101 75 2124 »
111 2091 215 2126 runt
226 2097 298 2126 eos
312 2097 426 2126 oves.
450 2099 470 2122 »
492 2080 658 2125 Deinde
676 2080 808 2125 modo
820 2079 948 2124 multi
965 2080 1232 2139 colliguntur
1250 2082 1306 2127 ad
1323 2083 1435 2128 ovile

51 2152 237 2207 Christi,
263 2161 305 2196 et
331 2167 383 2196 ex
407 2151 619 2195 haereticis
641 2151 756 2195 fiunt
776 2150 978 2195 catholici
996 2167 1007 2202 ;
1029 2165 1053 2194 a
1075 2149 1246 2196 furibus
1269 2152 1435 2199 tollun-

53 2228 146 2277 tur,
166 2223 326 2282 pastori
343 2222 587 2266 redduntur
605 2240 614 2266 :
631 2230 674 2265 et
686 2220 921 2281 aliquando
941 2232 1233 2278 murmurant,
1254 2224 1435 2269 taedium

51 2294 278 2352 patiuntur
295 2292 350 2336 ad
368 2300 643 2336 revocantem
662 2325 673 2346 ,
699 2299 742 2335 et
758 2306 848 2336 non
868 2291 1118 2349 intelligunt
1129 2293 1430 2353 jugulantem:

51 2372 353 2414 verumtamen
396 2362 523 2406 etiam
557 2377 658 2406 cum
690 2362 924 2406 renitentes
953 2363 1153 2407 venerint
1194 2379 1293 2423 quae
1335 2379 1436 2409 oves

53 2442 180 2487 sunt,
211 2441 451 2491 agnoscunt
474 2446 621 2475 vocem
645 2432 827 2491 pastoris
843 2467 853 2486 ,
879 2441 923 2476 et
942 2448 986 2477 se
1018 2435 1184 2478 venisse
1205 2434 1432 2489 laetantur,

54 2513 97 2548 et
113 2519 272 2548 errasse
294 2504 571 2547 erubescunt.
588 2502 774 2555 Quando
791 2517 894 2560 ergo
909 2503 956 2548 in
976 2502 1053 2548 illo
1067 2519 1210 2548 errore
1224 2513 1433 2563 tanquam

103 2596 111 2612 ¹
133 2591 246 2622 Ezech.
274 2599 387 2629 xxxiv,
405 2589 436 2630 4.
