1809 3173
379 171 459 208 278
799 180 830 207 s.
868 179 1097 208 Auous'nm
1130 182 1308 208 misceri

375 247 512 307 pletos
536 245 681 289 Verbo
705 245 779 289 Dei
807 265 814 289 :
841 246 1075 289 meruimus
1097 261 1173 290 nos
1196 246 1456 303 'i‘roplietam
1485 244 1623 305 ipsum
1647 248 1752 289 Ver-

374 318 480 361 bum
505 316 596 371 Dei,
619 315 678 360 sie
702 325 846 360 autem
866 316 1080 375 Propheta
1097 316 1307 370 Christus,
1335 315 1543 359 Dominus
1563 316 1753 374 Prophe-

374 397 517 432 tarum
558 406 566 431 :
600 387 712 431 sieut
744 386 936 445 Angelus
966 386 1184 441 Christus,
1226 387 1432 431 Dominus
1469 386 1748 444 Angelorum.

372 461 482 504 Nam
505 466 548 502 et
568 458 659 517 ipse
684 457 825 502 dietus
847 467 911 502 est
938 458 1082 514 magni
1108 458 1272 501 eonsilii
1294 458 1484 517 Angelus
1508 460 1539 501 1.
1565 460 1752 502 Verum-

371 539 518 574 tamen
540 527 641 572 alibi
664 527 771 587 quid
794 527 899 571 dieit
922 527 1165 586 Propheta?
1187 528 1294 580 Quia
1314 543 1402 572 non
1423 528 1588 586 legatus
1610 543 1753 588 neque

370 600 579 659 Angelus,
605 598 680 643 sed
708 600 796 658 ipse
824 599 1000 642 veniens
1022 597 1160 642 salvos
1192 597 1320 642 saciet
1342 614 1412 642 eos
1435 602 1451 625 ²
1479 618 1488 642 :
1514 598 1559 641 id
1593 608 1671 654 est,
1697 598 1752 642 ad

370 671 508 716 salvos
533 686 603 714 eos
628 668 846 714 faciendos
868 685 957 713 non
979 669 1122 713 mittet
1142 668 1355 727 legatum,
1392 685 1481 713 non
1503 669 1645 713 mittet
1667 672 1754 714 An·

370 741 531 801 gelum,
556 742 631 785 sed
657 741 801 785 veniet
823 740 927 799 ipse.
954 739 1058 792 Quis
1080 740 1248 784 veniet?
1274 743 1369 799 Ipse
1393 739 1600 798 Angelus.
1625 741 1753 784 Certe

368 828 457 856 non
482 828 555 871 pei
577 811 808 869 Angelum,
838 811 914 853 nisi
933 811 1034 869 quia
1051 810 1129 854 iste
1144 811 1203 854 sie
1222 810 1429 868 Angelus,
1455 819 1504 853 ut
1526 809 1653 853 etiam
1670 813 1754 855 Do-

368 884 509 926 minus
533 882 815 941 Angeloium
853 882 1026 926 Etenim
1053 882 1207 939 Angeli
1230 882 1364 925 latine
1394 882 1538 925 nuntii
1559 890 1677 925 sunt.
1711 882 1753 926 Si

368 955 566 998 Christus
600 953 706 997 nihil
741 953 1044 1008 annuntiaiQet
1076 952 1268 1012 Angelus
1302 969 1390 997 non
1426 953 1641 996 diceretur
1675 971 1683 997 :
1718 952 1753 996 si

370 1024 568 1069 Christus
593 1024 696 1067 nihil
728 1026 894 1084 pioplu
900 1034 1031 1079 taret,
1063 1026 1279 1084 Propheta
1303 1041 1391 1069 non
1413 1026 1644 1070 diceretur
1667 1027 1753 1068 Ex·
1806 1017 1807 1022 ¹

369 1096 567 1139 hortatus
582 1105 643 1139 est
666 1112 743 1139 nos
766 1096 819 1139 acl
844 1095 991 1152 fidem,
1016 1106 1058 1140 et
1076 1096 1129 1140 ad
1146 1096 1450 1156 capessendam
1470 1097 1601 1141 vitam
1624 1105 1752 1140 aeter-

369 1182 468 1211 nam
498 1187 506 1211 :
533 1166 697 1226 aliquid
720 1183 907 1226 prfesens
929 1168 1220 1223 annuntiavit,
1247 1167 1411 1228 aliquid
1424 1166 1623 1211 futurum
1641 1181 1754 1227 prae-

370 1237 478 1282 (lixit
501 1258 508 1281 :
535 1254 584 1280 ex
600 1254 650 1282 eo
673 1238 793 1297 quod
816 1254 1003 1297 praesens
1027 1239 1317 1293 annuntiavit,
1340 1239 1532 1298 Angelus
1554 1247 1646 1282 erat
1668 1258 1676 1283 :
1700 1254 1753 1282 ex
1779 1288 1781 1291 ¹

369 1324 420 1352 eo
444 1308 562 1368 qnod
586 1307 784 1352 futurum
816 1308 1042 1367 praedixit,
1068 1311 1286 1369 Propheta
1316 1320 1408 1354 erat
1440 1329 1448 1354 z
1480 1325 1532 1354 ex
1559 1325 1610 1354 eo
1634 1308 1756 1370 quod

372 1381 567 1423 Verbum
591 1380 668 1423 Dei
691 1394 790 1424 earo
812 1378 974 1424 factum
1000 1390 1084 1437 est,
1105 1390 1148 1426 et
1163 1380 1431 1440 Angelorum
1450 1390 1492 1426 et
1514 1381 1755 1441 Propheta—

367 1466 465 1495 rum
490 1451 701 1495 Dominus
722 1460 827 1495 erat.

369 1615 1326 1637 wmawvmnmmlmmmmwumnmmmmmlmmmm
1332 1616 1468 1638 §svmmvm
1472 1616 1756 1637 ΛΜᾹΝυἈΜΜΜ

760 1748 1164 1795 TRACTATUS
1199 1749 1329 1795 XXV
1343 1743 1373 1793 ³.

372 1909 439 1953 Ab
461 1923 511 1953 eo
528 1908 649 1969 quod
677 1910 884 1968 scriptum
906 1918 984 1964 est,
1015 1909 1156 1955 „lesus
1175 1927 1287 1972 ergo
1305 1923 1413 1955 eum
1433 1914 1750 1974 cognovisset,

431 1978 563 2037 quod
585 1981 819 2025 venissent
845 1990 894 2024 ut
923 1990 1147 2041 raperent
1175 1996 1281 2025 eum
1306 1999 1316 2026 .·
1344 1998 1482 2043 usque
1505 1983 1560 2027 ad
1592 1981 1659 2040 id,
1684 1983 1756 2028 Et

432 2067 520 2113 ego
543 2049 835 2096 resuscitabo
859 2066 964 2096 eum
983 2052 1031 2097 in
1049 2052 1300 2098 novissimo
1320 2052 1409 2097 dle.
1426 2105 1428 2107 ,

429 2199 465 2241 Ι.
500 2199 766 2242 HESTERNAM
804 2214 855 2243 ex
885 2198 1122 2258 Evangelio
1155 2199 1409 2256 lectionem,
1449 2201 1529 2246 ista
1567 2210 1631 2246 est
1666 2201 1750 2247 ho-

367 2267 519 2312 dierna
546 2284 646 2328 quae
677 2270 900 2330 sequitur,
940 2269 1058 2314 unde
1096 2271 1332 2316 hodiernus
1371 2288 1511 2317 sermo
1545 2273 1745 2318 debetur.

368 2341 502 2383 Facto
539 2339 614 2384 illo
650 2341 880 2398 miraculo,
915 2342 990 2386 ubi
1026 2344 1219 2404 quinque
1263 2343 1396 2388 millia
1433 2345 1661 2389 hominum
1690 2345 1745 2389 de

413 2453 423 2470 1
443 2449 512 2480 lsai.
541 2460 586 2489 ix,
601 2449 635 2491 6,
651 2449 744 2490 juxta
763 2462 833 2483 Lxx.
858 2466 899 2474 ·<-
920 2460 931 2474 2
952 2453 997 2484 Id.
1020 2463 1114 2496 xxxv,
1133 2452 1166 2495 4.
1191 2470 1232 2476 -
1259 2451 1270 2476 3
1291 2453 1424 2486 Habitus
1442 2454 1494 2487 die
1514 2455 1656 2498 proximo
1672 2459 1745 2497 post

365 2504 565 2546 superiorem
583 2507 781 2540 Tractatum.
