1825 3214
293 217 334 242 ιΝ
369 214 542 243 sommis
576 213 884 252 eunonium,
919 216 1064 243 TRACT.
1103 218 1218 243 xmv.
1352 204 1433 243 493

60 299 80 322 »
116 281 248 340 pitius
268 289 358 324 esto
382 281 486 324 mihi
521 280 776 338 pcccatori¹.
805 299 824 320 η
865 284 917 324 Et
950 283 1025 324 ista
1049 281 1260 325 conii-ssio
1280 283 1437 325 mvi-uit

51 351 421 411 justificationem,
444 350 664 409 quomodo
696 350 774 393 iste
792 366 930 393 emens
950 351 1309 394 illuminatiommi
1325 386 1334 404 ‚
1360 370 1378 392 «
1402 356 1437 394 Α

59 439 78 462 n
114 420 272 465 saeculo
294 436 381 464 non
403 429 466 463 est
487 419 708 474 auditum,
733 420 833 479 quia
857 421 1024 478 aperuit
1045 420 1192 464 oculos
1210 422 1310 464 caeci
1330 421 1433 464 nati.

58 509 79 533 »
115 492 201 537 Nisi
223 500 332 536 esset
354 490 423 535 hic
446 506 468 534 a
491 494 578 534 Deo
593 525 603 545 ‚
643 506 731 534 non
756 499 923 549 poterat
946 489 1085 533 facere
1108 491 1388 550 quidquam-2
1416 510 1434 532 »

57 562 236 616 Libere,
260 571 530 615 constanter,
555 562 780 606 veraciter.
809 564 910 605 Haec
943 561 1056 605 enim
1081 578 1180 619 quae
1206 561 1316 605 facta
1339 571 1439 605 sunt

55 647 80 676 a
103 633 304 687 Domino,
329 648 351 677 a
371 648 460 692 quo
483 632 636 676 tierent
663 632 742 675 nisi
767 648 789 675 a
816 633 932 676 Deo?
955 634 1042 675 Aut
1063 631 1241 690 quando
1263 648 1286 676 a
1309 632 1437 676 disei-

56 702 169 762 pulis
194 702 291 747 talia
314 703 494 757 fierent,
521 702 600 746 nisi
628 703 672 746 in
695 703 752 746 eis
777 702 982 745 Dominus
1006 702 1250 745 habitaret?

114 775 234 818 XIV.
265 793 284 816 α
306 773 669 833 Responderunt,
695 781 737 816 et
759 772 961 817 dixerunt
983 773 1043 826 ei,
1081 778 1130 817 ln
1154 773 1338 831 peccatis
1363 788 1440 816 na-

58 862 78 885 »
113 853 184 888 tus
218 860 262 888 es
299 854 415 889 totus
431 846 462 888 ³.
491 847 623 888 Totus
650 864 666 884 »
693 844 799 903 quid
838 846 930 887 est?
968 858 1068 887 eum
1098 842 1234 888 oculis
1268 844 1434 887 clausis.

57 915 143 961 Sed
165 916 240 975 qui
273 916 442 975 aperuit
478 915 648 969 oculos,
689 915 826 959 salvat
855 925 897 959 et
924 925 1062 959 totum
1091 915 1209 974 :ipse
1231 915 1353 960 dabit
1385 915 1439 958 ad

52 985 275 1031 dexteram
300 987 657 1030 resurrectionem
678 1021 688 1040 ‚
714 986 789 1045 qui
812 986 855 1028 in
878 984 986 1029 facie
1014 985 1135 1029 dedit
1159 985 1440 1029 illuminatio—

55 1073 172 1102 nem.
201 1077 220 1099 «
255 1061 304 1101 ln
328 1058 510 1117 peccatis
535 1067 650 1102 totus
675 1068 800 1101 natus
837 1074 901 1109 es,
943 1067 985 1100 et
1024 1067 1067 1100 tu
1101 1057 1228 1101 doces
1252 1074 1328 1101 nos
1346 1060 1363 1100 Ξ)
1389 1061 1441 1101 Et

58 1146 79 1169 »
113 1129 334 1187 ejecerunt
356 1144 453 1172 eum
480 1128 607 1172 foras.
640 1146 659 1168 »
689 1128 772 1186 lpsi
791 1127 914 1170 illum
938 1127 1192 1185 magistrum
1219 1127 1436 1182 stomun,

51 1198 132 1258 ipsi
149 1208 198 1242 ut
218 1198 432 1243 discerent
450 1199 573 1243 toties
595 1199 992 1256 interrogaverunt,
1018 1207 1062 1242 et
1083 1198 1238 1256 ingrati
1272 1199 1438 1242 docen-

55 1278 225 1314 centem
247 1270 538 1329 projecerunt.

114 1341 209 1383 XV.
240 1340 322 1384 Sed
345 1339 466 1399 quod
487 1339 573 1382 dixi
591 1340 681 1398 jann
716 1337 908 1391 dudum,
951 1337 1126 1393 fratres,
1168 1338 1227 1382 illi
1251 1340 1438 1398 pellunt,

56 1411 212 1469 exeipit
236 1411 443 1455 Dominus
471 1430 480 1455 2
506 1411 640 1468 magis
671 1410 787 1452 enim
817 1410 917 1468 quia
952 1409 1157 1468 expulsus
1180 1418 1268 1464 est,
1294 1412 1442 1455 Chris-

57 1482 198 1526 tianus
219 1480 358 1526 faetus
379 1491 457 1525 est.
483 1500 502 1522 «
535 1481 711 1524 Audivit
731 1483 852 1524 Jesus
885 1482 984 1540 qnia
1007 1482 1227 1540 ejecerunt
1249 1497 1347 1524 eum
1374 1481 1441 1525 fo-

60 1570 80 1593 »
116 1567 204 1607 ras,
230 1561 273 1596 et
300 1566 399 1596 cum
417 1551 648 1595 invenisset
665 1566 764 1594 eum
782 1585 792 1605 ‚
819 1551 926 1594 dixit
948 1552 1016 1605 ei,
1045 1555 1109 1595 Tu
1129 1551 1266 1595 eredis
1300 1553 1345 1594 in
1367 1554 1441 1595 Fi-

59 1642 80 1666 »
114 1623 220 1668 lium
236 1624 337 1668 Dei⁴
352 1625 369 1664 ’Β
387 1642 406 1663 »
423 1622 555 1667 Modo
571 1621 687 1666 lavat
705 1621 857 1666 faciem
874 1623 1031 1667 cordis.
1053 1643 1072 1665 «
1091 1623 1332 1682 Respondit
1350 1623 1439 1679 ille,

60 1712 81 1736 »
115 1704 159 1738 et
176 1693 251 1748 ait,
276 1712 295 1735 »
319 1694 442 1753 quasi
465 1692 608 1736 adhue
631 1693 856 1746 intumum,
887 1712 907 1734 «
932 1693 1038 1746 Quis
1057 1703 1143 1747 est,
1164 1694 1362 1747 Domine,
1393 1703 1442 1738 ut

59 1784 81 1807 »
115 1764 287 1810 credam
310 1765 355 1807 in
378 1779 476 1808 eum
492 1766 506 1789 ⁵
533 1766 550 1807 Ρ
572 1765 629 1806 Et
650 1763 757 1806 dixit
779 1764 817 1806 ei
845 1766 983 1817 JesuS‚
1009 1767 1065 1807 Et
1089 1763 1228 1807 vidisti
1252 1780 1374 1817 eum,
1400 1773 1444 1808 et

61 1855 81 1878 »
116 1836 192 1896 qui
213 1835 408 1895 loquitur
432 1844 575 1879 tecum
609 1834 698 1892 ipse
721 1836 825 1878 est⁶.
856 1852 874 1874 η
899 1835 1055 1878 ,Missus
1078 1844 1139 1878 est
1161 1834 1255 1889 ille,
1281 1835 1358 1878 iste
1379 1835 1444 1879 la-

57 1922 163 1951 vans
184 1905 338 1951 faciem
363 1906 408 1947 in
433 1904 546 1949 Siloe
563 1939 572 1957 ‚
595 1903 712 1963 quod
732 1904 1041 1962 interpretatur
1058 1905 1224 1948 missus.
1248 1905 1443 1964 Denique

54 1979 143 2038 jam
163 1976 273 2021 facie
308 1975 398 2020 lota
420 1975 561 2019 cordis
582 1983 624 2018 et
649 1974 859 2019 mundata
881 1975 1143 2019 conscientia
1160 2011 1171 2030 ‚
1210 1992 1445 2034 agnoscens

59 2062 161 2092 eum
182 2062 272 2092 non
290 2045 430 2090 filium
451 2045 637 2088 hominis
670 2054 838 2088 tantum
860 2079 870 2098 ‚
907 2045 1027 2104 quod
1050 2055 1149 2090 ante
1183 2045 1441 2100 crediderat,

60 2119 135 2164 sed
157 2119 246 2178 jam
271 2116 428 2162 Filium
453 2116 530 2160 Dei
553 2116 629 2175 qui
650 2131 820 2159 earnem
847 2125 1122 2175 susceperat,
1149 2135 1169 2158 «
1195 2117 1278 2171 ait,
1303 2116 1445 2162 Credo

63 2207 85 2230 »
119 2188 303 2233 Domine
319 2189 349 2230 ⁷.
382 2204 402 2227 n
430 2190 586 2230 Parum
611 2194 673 2228 est
689 2220 699 2238 ,
730 2204 748 2225 «
774 2185 916 2230 Credo
937 2205 945 2230 ε
976 2205 995 2227 »
1020 2187 1082 2230 vis
1104 2186 1249 2231 videre
1271 2187 1446 2246 qualem

61 2257 239 2303 credat?
260 2276 280 2299 «
301 2256 534 2301 Procidens
552 2254 745 2299 adoravit
767 2270 882 2299 eum.
912 2274 932 2297 »

120 2330 238 2373 XVI.
267 2347 286 2369 «
311 2330 368 2371 Et
399 2326 506 2370 dixit
537 2325 767 2369 eiJe81188.
797 2343 817 2365 »
844 2325 976 2370 Modo
1013 2326 1103 2370 dies
1137 2326 1210 2370 ille
1242 2336 1305 2371 est
1335 2328 1446 2371 inter

65 2419 86 2442 »
120 2399 264 2444 lucem
280 2409 323 2444 et
340 2398 538 2444 tenebras
556 2396 816 2440 discernens.
838 2416 858 2438 «
875 2400 924 2441 In
935 2396 1151 2457 judicium
1169 2414 1249 2457 ego
1264 2399 1309 2442 in
1330 2399 1447 2442 hunc

129 2504 136 2520 ¹
157 2498 233 2529 Luc.
258 2507 349 2535 xvm,
375 2496 425 2527 13.
450 2512 492 2518 —-
511 2502 524 2517 ²
543 2497 700 2534 Joan.1x‚
722 2494 776 2533 32,
804 2493 856 2525 33.
876 2510 918 2516 —
935 2493 1120 2536 ³1bid.34.
1143 2512 1182 2518 -
1196 2494 1212 2524 4
1229 2495 1310 2527 Ibid.
1334 2494 1386 2527 35.
1406 2512 1448 2518 -

66 2552 176 2586 ⁵1bid.
195 2553 248 2586 36.
270 2570 311 2575 -
329 2551 343 2575 ⁶
362 2551 441 2585 lbid,
462 2552 514 2592 37.
536 2568 573 2574 —-
596 2558 607 2583 7
626 2550 703 2583 Ibid.
729 2551 782 2583 36.
802 2567 839 2572 —
858 2548 873 2572 ⁸
893 2550 976 2583 lbid.
998 2552 1050 2595 39.
