1825 3214
191 216 233 242 IN
266 213 440 242 ioannis
471 211 778 249 EVANGELIUM‚
812 211 957 239 Times.
996 213 1182 239 xxxviii.
1310 200 1391 239 417

18 389 1113 409 mmmmmmmmmmwwmmmm
1119 390 1400 406 mmmmm

342 532 748 581 TRACTATUS
781 529 1031 579 XXXVIII
1042 535 1070 576 ¹.

13 697 82 741 Ab
104 712 155 741 eo
177 696 297 757 quod
337 697 547 757 scriptum
581 706 666 752 est,
691 696 833 741 DAz-[e
866 712 978 757 ergo
1001 697 1068 740 eis
1093 694 1255 750 Jews,
1291 693 1404 755 Ego

72 766 201 812 vado
209 804 224 824 ,
247 778 291 813 et
313 769 535 828 quaeretis
553 784 627 812 me
648 785 658 812 .·
679 784 816 828 usque
835 768 890 811 ad
908 767 973 823 id,
998 766 1140 811 Dea-it
1164 767 1230 811 eis
1245 764 1403 821 Je5t135

73 839 376 900 Principium
398 841 512 899 (μιιά
537 849 581 884 ec
605 839 775 897 loquor
793 838 942 884 vobis.

75 978 109 1020 I.
136 978 293 1022 LEc'rlo
317 978 454 1022 sancti
478 976 702 1036 Evangelii
737 993 836 1038 quae
870 977 1087 1036 praecessit
1123 974 1406 1029 hodiernam,

16 1045 76 1090 ita
101 1047 394 1104 concluserat,
415 1048 518 1109 quia
546 1068 565 1090 «
587 1048 759 1092 locutus
785 1058 847 1092 est
869 1046 1050 1101 docens,
1075 1047 1120 1090 in
1144 1045 1409 1106 gazophyla-

18 1135 40 1158 »
75 1118 141 1162 cio
166 1121 399 1174 Dominus,
424 1138 443 1161 »
463 1136 562 1180 quae
581 1118 741 1174 voluit,
763 1129 805 1163 et
822 1134 922 1179 quae
940 1118 1117 1163 audistis
1138 1138 1146 1162 :
1168 1137 1186 1159 «
1205 1121 1260 1161 Et
1278 1133 1408 1162 nemo

17 1206 39 1230 »
74 1190 363 1248 apprehendit
390 1206 514 1244 eum,
539 1190 641 1251 quia
666 1189 863 1234 nondum
889 1199 1065 1233 venerat
1087 1190 1193 1233 hora
1226 1190 1356 1248 ejus&
1385 1207 1404 1229 »

17 1260 130 1304 Hinc
144 1259 415 1320 disputatum
428 1270 492 1306 est
506 1260 728 1305 dominico
744 1260 830 1315 die,
847 1260 968 1320 quod
980 1261 1069 1319 ipse
1082 1259 1246 1304 donare
1264 1260 1410 1316 digna-

17 1339 87 1374 tus
109 1339 188 1374 est.
216 1331 520 1376 Intimavimus
551 1332 763 1376 Charitati
785 1333 1116 1390 Vestrae’quare
1143 1330 1308 1375 dictum
1331 1330 1408 1384 sit,

23 1419 43 1442 «
76 1400 285 1446 Nondum
322 1411 501 1446 venerat
536 1402 644 1446 hora
675 1403 798 1462 ejus:
827 1420 847 1442 »
880 1417 936 1445 ne
964 1402 1153 1461 positum
1188 1401 1411 1445 Christum

19 1472 100 1515 sub
125 1472 269 1533 aliqua
285 1473 538 1517 necessitate
557 1471 678 1517 fatali
700 1471 789 1516 ulla
807 1472 1004 1531 impietas
1022 1472 1202 1516 auderet
1217 1471 1415 1530 improbe

18 1543 225 1602 suspicari
253 1562 261 1587 :
288 1542 496 1588 Nondum
529 1543 646 1586 enim
668 1552 848 1587 venerat
890 1543 1023 1597 hora,
1064 1558 1150 1602 qua
1180 1558 1230 1585 ex
1260 1540 1413 1587 ordine

19 1628 98 1658 suo
114 1648 125 1669 ,
158 1614 401 1658 secundum
424 1629 473 1658 ea
495 1629 594 1674 quae
617 1612 822 1673 praedicta
854 1622 956 1657 sunt
977 1613 1032 1657 de
1065 1613 1166 1668 illo,
1192 1629 1282 1657 non
1303 1612 1412 1656 mori

18 1693 248 1743 cogeretur
269 1685 454 1739 invitus,
480 1684 557 1728 sed
578 1684 853 1729 occideretur
865 1693 1055 1743 paratus.

78 1757 137 1799 ΙΙ.
163 1755 298 1800 Modo
315 1764 461 1799 autem
480 1754 535 1799 de
556 1755 647 1815 ipsa
669 1755 864 1814 passione
886 1771 985 1809 sua,
1011 1771 1110 1815 quae
1128 1754 1267 1814 posita
1289 1763 1382 1799 erat
1398 1789 1409 1809 ,

19 1841 110 1871 non
131 1826 177 1870 in
198 1828 291 1887 ejus
309 1826 581 1883 necessitate,
609 1825 682 1870 sed
701 1835 935 1886 potestate,
958 1826 1130 1870 loeutus
1157 1836 1220 1870 est
1249 1828 1271 1869 J
1278 1824 1413 1868 udaeis

21 1898 188 1949 dicens,
211 1917 229 1939 «
249 1901 343 1956 Ego
355 1897 508 1942 vad03.
532 1897 743 1942 »Christo
764 1898 879 1941 enim
899 1898 1085 1942 Domino
1103 1912 1217 1941 mors
1238 1896 1412 1956 profec-

20 1969 82 2014 tio
97 1967 181 2013 fuit
198 1968 273 2013 illo
291 1967 409 2012 unde
420 1979 620 2023 venerat,
636 1978 679 2013 et
701 1968 820 2013 unde
838 1984 929 2013 non
952 1968 1216 2013 discesserat.
1241 1988 1260 2010 «
1287 1971 1382 2027 Ego
1399 2004 1409 2023 ‚

23 2058 44 2081 »
79 2040 244 2099 inquit,
282 2038 395 2083 vado
429 2049 473 2083 et
504 2040 707 2099 quaeretis
731 2054 799 2083 me
831 2058 840 2083 :
883 2057 903 2079 »
932 2055 1020 2083 non
1064 2038 1301 2094 desiderio,
1337 2040 1413 2082 sed

21 2109 138 2155 odio.
164 2112 272 2155 Nam
296 2108 419 2153 illum
445 2119 593 2169 postea
621 2125 753 2170 quam
781 2110 984 2154 abscessit
1017 2110 1072 2154 ab
1103 2109 1238 2154 oculis
1266 2111 1410 2154 homi—

22 2196 128 2224 num
142 2215 153 2236 ,
174 2180 488 2241 inquisierunt,
517 2190 560 2224 et
581 2180 658 2240 qui
679 2179 862 2224 oderant
877 2216 887 2235 ‚
919 2190 962 2224 et
989 2181 1064 2241 qui
1088 2180 1293 2225 amabant
1322 2200 1329 2225 ε
1350 2180 1412 2226 illi

21 2249 350 2311 persequendo,
380 2249 443 2294 illi
465 2249 626 2294 habere
658 2250 892 2310 cupiendo.
920 2254 971 2294 In
1011 2250 1187 2295 Psalmis
1223 2251 1283 2295 ait
1320 2251 1410 2311 ipse

22 2323 233 2367 Dominus
251 2338 326 2382 per
351 2322 632 2381 prophetam,
663 2341 682 2363 «
712 2322 843 2366 Periit
871 2321 974 2381 fuga
996 2339 1018 2366 a
1041 2338 1130 2378 me,
1152 2331 1195 2366 et
1223 2339 1313 2366 non
1345 2332 1409 2366 est

25 2409 46 2432 »
82 2393 157 2452 qui
174 2392 366 2452 requirat
396 2393 583 2436 animam
601 2407 741 2435 meam
759 2393 799 2449 ⁴3
825 2412 845 2434 η
872 2402 915 2436 et
945 2393 1105 2437 iterum
1123 2393 1183 2436 ait
1205 2393 1287 2437 alio
1309 2393 1407 2437 loco

83 2505 91 2521 ¹
117 2497 250 2530 Habitus
273 2499 325 2531 die
346 2499 489 2540 proximo
512 2503 589 2531 ante
614 2500 757 2531 Tractat.
789 2498 916 2541 subseq.
949 2517 989 2522 —
1020 2508 1030 2521 ²
1059 2502 1149 2532 Joan.
1178 2512 1255 2539 vni,
1287 2510 1339 2532 220-
1367 2516 1406 2522 —-⁴-

27 2551 142 2586 ³1bid.
162 2562 218 2586 21.
236 2571 277 2576 —
295 2550 312 2578 ‘⁴
334 2553 414 2586 Psat.
432 2565 514 2595 cui,
533 2553 565 2595 4.

160 2632 297 2661 cxxu.
1225 2622 1275 2658 ²27
