1809 3173
359 183 413 222 54
787 193 820 222 s.
857 194 1083 222 Aucusnm
1118 195 1297 222 EPlscot‘l

359 269 423 304 est
445 261 576 304 borno
592 295 602 315 ,
628 269 805 319 propter
826 275 956 319 quem
971 263 1084 303 Deus
1104 259 1240 303 factus
1257 260 1498 305 esthemo?
1522 261 1625 304 Haec
1642 274 1738 319 spes

358 330 605 375 consoletur
627 346 704 374 nos
742 331 788 373 in
821 331 939 374 omni
969 329 1248 373 tribulatione
1277 339 1320 373 et
1342 329 1580 373 tentatione
1608 329 1738 388 hujus

357 403 471 447 vitae.
495 404 591 447 Non
611 403 725 445 enim
747 411 881 446 cessat
902 401 1101 446 inimicus
1122 401 1344 460 persequi,
1369 410 1411 444 et
1429 401 1462 444 si
1485 416 1574 445 non
1594 409 1740 459 aperte

357 473 493 528 saevit,
517 472 681 516 insidiis
691 473 792 530 agit.
808 471 923 526 Quid
935 473 1051 515 enim
1069 473 1158 530 agit
1174 474 1190 515 Ξ)
1210 490 1230 513 «
1248 475 1304 515 Et
1319 479 1449 530 super
1465 471 1574 521 iram
1592 471 1740 516 dolose

358 562 378 586 »
411 543 610 601 agebant.
631 561 650 584 »
674 544 782 586 Inde
803 543 943 587 dictus
964 552 1028 586 est
1043 542 1112 587 leo
1133 551 1176 586 et
1188 541 1332 585 draco.
1357 542 1439 586 Sed
1461 542 1569 601 quid
1581 541 1741 586 dicitur

357 614 559 659 Christo?
578 633 597 656 «
614 616 670 657 Et
681 613 956 657 conculcabis
966 613 1137 657 leonem
1150 622 1192 656 et
1207 612 1474 656 draconem1.
1490 616 1604 656 »Leo
1617 628 1741 672 prop-

358 694 423 729 ter
441 693 632 744 apertam
654 685 761 728 iram
782 719 792 738 ,
813 684 943 728 draco
970 692 1148 743 propter
1177 683 1368 727 occultas
1391 683 1578 727 insidias.
1604 686 1742 729 Draco

356 755 481 815 ejecit
499 755 639 799 Adam
656 753 711 798 de
733 755 953 813 paradiso,
976 753 1090 797 idem
1113 754 1202 812 ipse
1215 752 1283 796 leo
1308 762 1557 812 persecutus
1578 763 1642 798 est
1658 757 1738 799 Ec-

357 825 545 879 clesiam,
562 824 733 868 dicente
753 828 879 868 Petro
900 843 908 868 :
932 843 950 865 «
976 825 1085 876 Quia
1103 822 1370 867 adversarius
1389 832 1529 868 vester
1540 822 1741 869 diabolus

361 914 380 938 »
415 896 527 940 sicut
546 895 613 938 leo
628 895 798 953 rugiens
820 895 991 948 circuit,
1008 909 1206 954 qtiaerens
1226 910 1356 954 quem
1374 893 1590 939 devoret2.
1612 914 1630 936 υ
1646 898 1743 940 Non

358 966 439 1010 tibi
461 964 667 1008 saevitiam
690 980 811 1008 suam
840 964 1075 1023 perdidisse
1103 963 1302 1008 diabolus
1318 964 1543 1009 videatur:
1564 965 1743 1024 quando

359 1036 605 1091 blanditur,
630 1045 734 1079 tunc
755 1036 892 1093 magis
918 1035 1139 1080 cavendus
1156 1045 1234 1079 est.
1260 1035 1345 1080 Sed
1363 1036 1475 1079 inter
1497 1036 1573 1080 has
1595 1051 1744 1081 omnes

359 1107 534 1152 insidias
548 1116 590 1150 et
602 1107 693 1166 ejus
711 1107 987 1160 tentationes,
1005 1107 1111 1166 quid
1126 1106 1349 1160 faciemus,
1367 1106 1447 1150 nisi
1469 1106 1589 1166 quod
1601 1106 1660 1150 ibi
1672 1122 1747 1151 au-

362 1177 568 1222 divimus:
587 1197 606 1218 «
618 1180 712 1235 Ego
726 1186 888 1232 autem,
903 1193 1001 1221 cum
1012 1177 1119 1220 mihi
1134 1176 1303 1220 molesti
1317 1185 1494 1230 esssent,
1508 1176 1746 1220 induebam

359 1264 429 1292 me
457 1247 612 1302 cilicio,
628 1257 670 1291 et
694 1248 974 1291 humiliabam
992 1248 1036 1290 in
1051 1248 1218 1307 jejunio
1242 1249 1432 1291 animam
1450 1250 1654 1291 meam3.»
1671 1250 1747 1292 Est

328 1370 335 1383 ¹
361 1320 438 1380 qui
455 1318 669 1373 exaudiat,
692 1334 746 1361 ne
760 1318 968 1361 dubitetis
989 1333 1111 1361 orare
1133 1338 1142 1362 ;
1163 1319 1239 1378 qui
1252 1328 1398 1361 autem
1411 1316 1601 1372 exaudit,
1630 1318 1747 1362 intus

361 1391 626 1434 manet.Non
640 1389 684 1432 in
697 1399 889 1432 montem
908 1388 1095 1448 aliquem
1109 1388 1257 1433 oculos
1271 1388 1477 1446 dirigatiS,
1489 1404 1578 1432 non
1591 1388 1747 1433 faciem

364 1461 406 1503 in
422 1459 564 1503 stellas·
577 1468 651 1502 aut
663 1459 796 1503 solem
812 1468 887 1503 aut
898 1453 1047 1502 lunam
1061 1458 1226 1503 levetis.
1243 1461 1341 1503 Non
1353 1468 1459 1502 tunc
1472 1458 1749 1503 exaudirivos

364 1531 657 1584 arbitremini,
679 1529 856 1589 quando
872 1545 1000 1589 super
1022 1545 1139 1573 mare
1169 1529 1296 1573 oratis
1323 1549 1332 1573 :
1358 1529 1445 1572 imo
1474 1529 1748 1574 detestamini

364 1601 469 1645 tales
502 1600 731 1644 orationes.
766 1599 931 1644 Munda
965 1610 1136 1644 tantum
1181 1600 1433 1644 cubiculum
1465 1601 1606 1644 cordis
1632 1620 1640 1644 :
1671 1601 1749 1644 ubi

364 1670 520 1726 fueris,
545 1671 812 1730 ubicumque
834 1671 1020 1715 oraveris
1039 1705 1049 1724 ,
1075 1670 1192 1714 intus
1215 1679 1278 1714 est
1298 1670 1375 1729 qui
1392 1669 1614 1725 exaudiat,
1631 1670 1750 1715 intus

365 1742 412 1786 in
434 1751 613 1795 secreto,
635 1756 763 1800 quem
790 1741 932 1784 sinum
953 1750 1080 1785 vocat
1102 1756 1202 1784 cum
1226 1740 1301 1794 ait,
1322 1759 1340 1781 «
1357 1742 1413 1784 Et
1429 1740 1567 1784 oratio
1590 1755 1685 1784 mea
1706 1741 1752 1784 in
1795 1743 1797 1747 ⁴

369 1830 389 1853 »
416 1813 515 1857 sinu
536 1827 633 1855 meo
655 1811 972 1855 convertetur&
992 1810 1108 1862 »Qui
1128 1819 1170 1854 te
1192 1809 1381 1864 exaudit,
1400 1825 1491 1854 non
1512 1819 1576 1854 est
1593 1819 1752 1869 praeter

368 1892 425 1927 te.
437 1885 533 1927 Non
548 1882 674 1939 longe
687 1881 831 1935 vadas,
848 1897 928 1925 nec
953 1891 992 1924 te
1010 1880 1204 1935 extollas,
1218 1889 1268 1924 ut
1282 1881 1404 1940 quasi
1422 1882 1604 1939 attingas
1627 1881 1752 1925 illum

368 1953 584 1997 manibus.
610 1952 746 2010 Magis
763 1952 798 1996 si
818 1961 860 1996 te
882 1951 1083 1994 extuleris
1101 1985 1112 2006 ,
1133 1950 1258 1995 cades
1280 1969 1289 1994 ε
1314 1951 1348 1993 si
1367 1960 1408 1993 te
1430 1950 1748 2007 humiliaveris,

368 2024 458 2082 ipse
487 2022 870 2082 appropinquabit.
898 2021 978 2065 Hic
1007 2021 1215 2065 Dominus
1255 2023 1367 2064 Deus
1389 2029 1534 2064 noster
1556 2022 1753 2074 Verbum

370 2093 474 2148 Dei,
499 2085 694 2136 Verbum
720 2108 819 2137 caro
843 2090 1006 2136 tactum
1025 2126 1037 2146 ,
1068 2089 1202 2134 Filius
1225 2090 1360 2134 Patris
1375 2125 1387 2145 ,
1409 2090 1545 2134 Filius
1561 2091 1655 2146 Dei,
1677 2091 1753 2135 Fi-

368 2161 452 2206 lius
466 2163 652 2207 hominis
675 2181 683 2207 :
705 2161 895 2206 excelsus
914 2171 962 2206 ut
978 2177 1056 2206 nos
1079 2160 1240 2204 faceret
1256 2195 1267 2215 ‚
1292 2159 1469 2203 humilis
1492 2169 1542 2204 ut
1557 2176 1636 2205 nos
1657 2161 1754 2205 refi-

370 2242 510 2288 ceret,
535 2233 762 2277 ambulans
779 2234 891 2277 inter
912 2232 1124 2287 homines,
1151 2221 1316 2290 patiens
1337 2231 1544 2286 humana,
1569 2231 1753 2276 abscon-

371 2303 478 2348 dens
503 2304 664 2349 divina.
1733 2352 1737 2353 ⁷

428 2377 484 2418 ΙΙ.
515 2394 535 2416 ‹<
560 2373 811 2429 Descendit,
836 2383 885 2417 ut
909 2373 1012 2417 dicit
1034 2372 1329 2431 Evangelista,
1353 2371 1395 2414 in
1413 2372 1722 2430 Capharnaum
1737 2407 1749 2428 ,
1796 2384 1808 2389 Ἀ

369 2463 389 2485 n
425 2446 514 2503 ipse
541 2454 582 2488 et
607 2454 744 2488 mater
765 2444 853 2503 ejus
870 2480 880 2499 ,
915 2453 957 2487 ct
976 2443 1124 2487 fratres
1141 2444 1230 2502 ejus
1249 2477 1259 2497 ,
1281 2450 1323 2484 et
1347 2440 1545 2501 discipuli
1568 2443 1686 2501 ejus,
1709 2452 1753 2486 et

421 2536 428 2551 ¹
451 2529 514 2560 psal
551 2540 601 2569 xc,
625 2529 673 2560 13.
695 2547 732 2551 —«
751 2536 761 2550 ’Ἰ
787 2541 795 2559 1
817 2532 898 2560 pet-r.
916 2541 949 2565 v,
971 2530 1000 2559 8.
1029 2547 1057 2549 ψ
1083 2527 1094 2549 3
1120 2526 1197 2558 Psal.
1223 2536 1333 2566 xxxxv,
1354 2527 1401 2558 13.
1429 2525 1600 2558 —‹41bid.
