1809 3173
355 195 437 235 354
784 203 815 230 s,
854 202 1081 231 Aue-rusum
1115 204 1295 230 Emscom

339 272 518 315 adorare
550 268 800 313 debuerunt
839 287 847 312 :
880 277 922 312 et
959 268 1040 311 hoc
1071 268 1287 325 putabant
1329 279 1418 309 esse
1445 266 1720 325 inexpiabile.

337 344 548 399 Magnum
570 339 686 382 enim
708 337 877 382 facinus
899 347 1006 391 erat,
1035 339 1159 396 cujus
1180 335 1468 380 consideratio
1491 335 1585 380 illos
1608 336 1725 380 face-

336 421 401 456 ret
428 411 655 469 desperare
677 429 684 454 :
708 409 782 453 sed
812 424 901 453 non
931 407 1154 451 debebant
1178 406 1430 465 desperare,
1468 422 1544 465 pro
1566 407 1724 466 quibus

335 483 380 525 in
412 496 541 526 cruce
580 478 774 540 pendens
810 479 1020 522 Dominus
1057 485 1120 520 est
1160 475 1364 534 dignatus
1391 492 1527 521 orare.
1555 477 1726 521 Dixerat

332 553 448 596 enirn
467 571 475 596 :
498 570 518 594 «
536 554 677 604 Pater,
698 548 985 607 ignosceilliS,
1007 547 1110 606 quia
1130 547 1332 591 nesciunt
1345 547 1453 606 quid
1475 546 1641 591 faciunt
1658 549 1717 590 ².»

330 621 520 667 Videbat
541 618 753 681 quosdam
781 633 880 662 suos
902 617 1013 661 inter
1038 616 1200 660 multos
1223 615 1410 673 alienos,
1434 615 1517 660 illis
1533 618 1624 676 jam
1644 632 1722 675 pe-

331 693 453 738 tebat
473 693 668 744 veniam,
699 704 722 732 a
751 687 912 746 quibus
941 686 1084 730 adhuc
1120 686 1361 744 accipiebat
1384 687 1599 745 injuriam.
1626 689 1724 732 Non

329 765 445 809 enim
467 760 722 807 attendebat
743 757 864 818 quod
887 758 940 802 ab
960 758 1060 816 ipsis
1093 757 1363 801 moriebatur
1381 792 1391 812 ‚
1418 757 1494 800 sed
1516 757 1616 817 quia
1642 772 1720 815 pro

328 835 428 894 ipsis
453 833 731 878 moriebatur.
759 828 950 873 Multum
975 837 1038 872 est
1060 827 1182 887 quod
1203 827 1286 872 illis
1306 842 1561 872 concessum
1583 836 1662 882 est,
1679 837 1723 872 et

328 907 382 949 ab
405 905 527 964 ipsis,
554 912 598 946 et
620 916 697 961 pro
726 900 849 958 ipsis:
877 908 924 942 ut
958 913 1086 942 nemo
1110 898 1164 941 de
1187 901 1252 942 sui
1285 899 1449 958 peccati
1472 897 1718 942 dimissione

326 976 540 1035 desperet,
567 970 840 1034 quando'illi
870 970 1040 1015 veniam
1081 979 1362 1023 meruerunt,
1391 969 1466 1027 qui
1493 969 1715 1014 Christum

325 1046 599 1091 occiderunt.
622 1045 823 1087 Mortuus
845 1049 909 1084 est
925 1040 1121 1090 Christus
1142 1055 1221 1098 pro
1244 1040 1385 1093 nobis,
1411 1038 1485 1082 sed
1503 1037 1720 1098 numquid

327 1134 349 1161 a
373 1116 530 1160 nobis?
548 1118 603 1159 At
624 1128 727 1158 vero
750 1112 812 1155 illi
850 1109 1055 1155 viderunt
1076 1111 1298 1155 Christum
1322 1125 1399 1153 suo
1427 1108 1586 1152 scelere
1620 1123 1717 1153 mo-

326 1187 511 1230 rientem
529 1204 537 1229 :
561 1194 602 1228 et
619 1182 898 1229 crediderunt
915 1181 958 1224 in
974 1181 1197 1225 Christum
1219 1181 1303 1223 suis
1323 1179 1555 1223 sceleribus
1575 1179 1715 1237 ignos-

325 1266 508 1301 centem.
528 1260 763 1312 Quousque
781 1252 977 1295 biberent
993 1253 1250 1307 sanguinem
1265 1265 1395 1309 quem
1419 1247 1643 1302 fuderant,
1661 1247 1716 1291 de

327 1343 402 1370 sua
414 1325 551 1370 salute
568 1323 919 1382 desperaverunt.
944 1324 1053 1378 Ergo
1070 1322 1150 1364 hoc
1166 1320 1288 1375 dixit,
1307 1340 1327 1361 «
1345 1320 1555 1373 Quaeretis
1572 1334 1653 1373 mc,
1674 1327 1719 1363 et

315 1415 349 1441 .»
376 1411 465 1440 nou
483 1394 732 1450 invenieti53
750 1402 792 1436 et
807 1392 883 1435 ubi
901 1406 997 1434 sum
1013 1406 1108 1449 ego,
1126 1405 1199 1434 vos
1218 1406 1305 1434 non
1322 1390 1497 1449 potestis
1511 1389 1679 1433 venire:
1695 1407 1713 1429 »
1742 1380 1744 1382 ’

327 1466 430 1526 quia
450 1463 675 1524 quaesituri
687 1462 811 1506 illum
827 1470 948 1505 erant
965 1470 1059 1520 post
1075 1461 1432 1504 resurrectionem
1446 1460 1715 1518 compuncti.

326 1539 415 1581 Nec
429 1535 551 1590 dixit,
571 1535 651 1584 ,ubi
667 1549 765 1577 ero:
788 1533 879 1587 sed,
905 1552 925 1574 «
947 1533 1025 1576 Ubi
1043 1546 1154 1575 sum.
1178 1550 1195 1572 »
1216 1534 1392 1590 Semper
1406 1531 1522 1574 enim
1547 1531 1607 1573 ibi
1628 1538 1721 1573 erat

329 1607 523 1652 Christus
542 1621 629 1666 quo
656 1604 799 1649 fuerat
824 1603 1038 1646 rediturus
1059 1622 1068 1647 ι
1090 1603 1149 1645 sic
1175 1602 1291 1644 enim
1318 1602 1450 1655 venit⁷
1479 1609 1526 1643 ut
1547 1615 1634 1643 non
1663 1614 1723 1642 re-

330 1678 518 1722 cederet.
535 1676 657 1720 Unde
673 1676 755 1719 alio
771 1675 866 1719 loco
886 1675 965 1718 ait:
983 1693 1002 1715 «
1022 1675 1156 1718 Nemo
1171 1672 1366 1717 ascendit
1383 1673 1428 1715 iu
1444 1672 1625 1724 coelum,
1646 1669 1729 1713 ni-si

337 1766 356 1790 »
382 1749 458 1808 qui
476 1747 699 1791 descendit
713 1746 766 1789 de
780 1744 908 1798 coelo,
927 1744 1040 1787 filius
1061 1743 1255 1788 hominis
1279 1742 1355 1802 qui
1373 1741 1497 1785 estin
1518 1740 1631 1785 coelo
1645 1742 1661 1764 ²
1681 1759 1689 1785 :
1710 1758 1729 1781 »

336 1835 425 1863 non
446 1818 572 1873 dixit,
607 1818 683 1877 qui
709 1817 791 1860 fuit
812 1817 856 1859 in
881 1816 1009 1858 coelo.
1037 1817 1088 1858 In
1127 1825 1239 1858 terra
1275 1813 1562 1872 loquebatur,
1589 1820 1632 1854 ct
1674 1812 1717 1854 in

339 1891 446 1935 caelo
463 1906 507 1935 se
521 1905 608 1934 esse
626 1888 810 1933 dicebat.
832 1887 900 1931 Sic
918 1886 1051 1940 venit,
1070 1894 1116 1928 ut
1133 1885 1234 1928 inde
1257 1899 1346 1927 non
1364 1882 1633 1927 abscederet:
1653 1883 1712 1926 sic

346 1963 487 2018 rediit,
514 1971 562 2006 ut
598 1977 674 2005 nos
699 1976 786 2004 11011
821 1958 1155 2016 derelinqueret.
1195 1954 1307 2008 Quid
1341 1954 1582 1998 miramini?
1610 1957 1719 1997 Deus

344 2037 428 2081 hoc
453 2035 567 2080 facit.
589 2036 729 2078 Homo
753 2031 868 2075 enim
887 2027 1128 2074 secundum
1142 2042 1297 2086 corpus
1319 2027 1364 2069 in
1378 2026 1475 2069 loco
1494 2034 1581 2079 est,
1609 2034 1652 2067 et
1672 2023 1727 2067 de

350 2108 446 2153 loco
467 2107 640 2166 migrat,
661 2113 704 2148 et
725 2118 825 2147 cum
848 2101 903 2145 ad
925 2100 1058 2144 alium
1080 2099 1226 2143 locum
1259 2098 1449 2151 venerit,
1487 2097 1532 2140 in
1559 2111 1609 2140 eo
1637 2095 1735 2139 loco

355 2178 473 2224 unde
487 2178 607 2223 venit
625 2191 715 2221 non
730 2174 834 2218 erit:
856 2176 967 2216 Deus
985 2180 1129 2214 autem
1147 2168 1300 2228 implet
1321 2168 1464 2212 omnia
1483 2202 1493 2222 ‚
1518 2176 1562 2211 et
1577 2167 1741 2226 ubique

360 2261 476 2295 totus
497 2259 585 2302 est,
611 2262 699 2291 non
721 2237 959 2289 secundum
984 2242 1119 2301 spatia
1136 2248 1309 2284 tenetur
1324 2238 1443 2283 locis.
1469 2241 1574 2282 Erat
1596 2246 1744 2281 tamen

365 2321 575 2364 Dominus
607 2317 801 2361 Christus
823 2313 1062 2357 secundum
1094 2310 1298 2354 visibilem
1325 2324 1498 2353 carnem
1524 2309 1569 2351 in
1603 2317 1742 2361 terra,

369 2390 609 2436 secundum
631 2386 888 2432 invisibilem
910 2386 1174 2443 majestatem
1186 2381 1230 2425 in
1248 2381 1362 2424 coelo
1379 2380 1476 2423 etin
1493 2389 1627 2422 terra:
1648 2377 1746 2422 ideo
1806 2383 1809 2415 2'

370 2464 427 2507 ait
454 2482 462 2506 ;
493 2481 511 2502 (ι
542 2460 714 2517 Ubiego
736 2472 847 2509 sum⁷
865 2471 937 2500 vos
961 2470 1049 2498 11011
1072 2453 1247 2513 potestis
1280 2451 1439 2495 venire.
1467 2469 1484 2490 »
1512 2452 1597 2495 Nec
1620 2448 1742 2503 dixit,
1806 2447 1807 2458 ²

423 2554 431 2569 ¹
454 2549 527 2578 Luc,
547 2554 634 2584 uni,
656 2542 707 2584 34.
730 2559 768 2564 —-
790 2548 800 2563 2
822 2543 909 2572 Joan
934 2551 979 2578 111,
1008 2540 1056 2570 13.
1752 2532 1780 2575 <J
