1825 3214
288 225 330 250 m
365 221 538 249 somnis
572 212 880 257 nuscanum,
916 222 1061 249 Tristior.
1100 225 1193 249 vni.
1379 214 1433 250 35

50 287 240 331 riebatur
265 286 489 330 infirmitas
519 285 674 330 carnis.
704 284 821 329 lllud
855 299 956 343 crgo
988 287 1234 345 respondit,
1275 286 1435 331 discer-

48 373 155 403 nens
178 358 221 401 in
245 356 329 401 fide
353 357 624 402 credentium
642 391 653 412 ‚
683 357 801 416 quis,
833 372 920 416 qua
952 358 1133 400 venerit.
1167 359 1296 402 Venit
1317 359 1433 402 enim

49 443 125 488 per
158 436 340 472 matrem
376 427 604 471 foeminam
619 462 630 481 ,
665 430 774 470 Deus
796 435 839 470 et
862 427 1070 471 Dominus
1105 426 1204 471 coeli
1226 437 1268 472 et
1291 437 1430 473 terrae.

50 496 299 543 Secundum
317 497 436 558 quod
457 497 664 542 Dominus
686 497 866 552 mundi,
891 496 1011 557 quod
1035 497 1240 542 Dominus
1268 498 1369 542 coeli
1392 509 1436 544 et

50 578 194 623 terrm,
222 570 431 613 Dominus
453 569 605 629 utique
627 578 670 613 ct
691 570 839 614 Mariae
866 588 874 613 :
906 568 1149 613 secundum
1167 569 1288 629 quod
1317 585 1437 614 crea·

51 650 115 686 tor
151 639 252 685 coeli
284 649 327 684 ct
349 649 498 695 terrae,
534 648 701 684 creator
735 649 779 684 et
807 641 987 685 Mariae:
1013 639 1254 685 secundum
1290 650 1436 685 autem

47 710 167 772 quod
181 711 347 755 dictum
361 720 446 756 est:
465 730 485 754 «
502 713 683 756 Factum
699 726 750 755 ex
768 711 965 767 muliere,
991 711 1155 756 sactum
1171 712 1252 756 sub
1271 715 1432 772 Lege‚»

47 781 162 827 silius
190 782 338 828 Mariae
356 784 385 825 ¹.
428 786 520 841 lpse
549 783 759 827 Dominus
789 783 958 839 Mariae,
986 784 1075 842 ipse
1102 782 1217 827 filius
1250 784 1398 828 Mariae
1424 802 1432 827 :

47 854 137 914 ipse
156 864 324 898 creator
348 854 496 897 Mariae
514 888 524 907 ‚
562 854 652 913 ipsc
678 863 848 898 creatus
869 869 919 898 ex
948 854 1098 900 Maria.
1138 853 1236 899 Noli
1259 854 1433 908 mirari,

48 924 149 985 quia
172 933 214 968 ct
238 923 350 967 filius
373 932 416 967 et
438 924 648 968 Dominus
673 942 681 968 :
707 924 950 969 sicutenim
968 925 1138 980 Mariae,
1158 925 1216 969 ita
1234 934 1277 968 et
1299 924 1438 970 David

47 994 189 1040 dictus
219 1003 283 1038 est
304 993 446 1052 sllius;
470 1003 514 1038 et
547 994 646 1038 ideo
680 995 815 1039 David
840 995 975 1050 filius,
1000 997 1101 1056 quia
1134 996 1280 1041 Mariae
1303 995 1433 1041 filius.

48 1065 164 1110 Audi
186 1064 443 1124 Apostolum
468 1073 615 1124 aperte
638 1063 859 1109 dicentem
887 1085 895 1110 :
923 1085 941 1107 «
963 1067 1048 1119 Qui
1072 1066 1210 1110 factus
1233 1075 1297 1110 est
1328 1067 1365 1110 ei
1388 1081 1440 1110 ex

52 1155 72 1178 »
105 1136 269 1180 semine
294 1134 429 1179 David
449 1134 690 1179 seeundum
717 1151 891 1180 carnem
906 1139 939 1180 ².
977 1157 994 1177 »
1020 1137 1136 1181 Audi
1155 1152 1256 1181 eum
1279 1146 1322 1181 et
1349 1139 1439 1181 Do-

48 1207 215 1251 minum
234 1206 370 1250 David
392 1224 401 1249 :
419 1204 534 1250 dicat
556 1206 640 1250 hoc
662 1206 753 1265 ipse
770 1205 907 1250 David
928 1225 972 1250 ια
989 1207 1102 1251 Dixit
1124 1208 1332 1252 Dominus
1355 1210 1440 1252 Do-

54 1297 72 1319 »
107 1277 227 1321 mino
255 1291 376 1331 meo,
407 1275 507 1320 sede
531 1276 586 1320 ad
608 1276 827 1321 dexteram
860 1280 1045 1322 meamss.
1076 1296 1096 1319 »
1121 1281 1177 1323 Et
1199 1279 1290 1338 ipse
1313 1281 1438 1324 Jesus

47 1349 131 1393 hoc
145 1348 370 1407 proposuit
385 1350 408 1391 J
415 1347 564 1402 udaeis,
582 1356 625 1391 et
639 1363 710 1392 eos
728 1349 830 1392 inde
843 1350 1032 1394 convicit
1042 1350 1074 1393 ⁴.
1091 1348 1321 1403 Quomodo
1335 1365 1437 1408 ergo

49 1418 185 1464 David
207 1428 249 1463 et
272 1417 385 1463 filius
413 1427 457 1462 et
486 1418 715 1477 dominus,
746 1419 860 1464 filius
889 1419 1026 1465 David
1062 1420 1304 1465 secundum
1337 1437 1435 1465 cai·-

48 1505 148 1534 nem
165 1524 176 1545 ,
202 1490 406 1534 dominus
429 1488 567 1533 David
597 1490 840 1534 secundum
876 1490 1147 1536 divinitatem
1172 1512 1180 1537 :
1206 1493 1265 1536 sic
1286 1492 1435 1537 Mariae

49 1559 162 1604 filius
187 1559 428 1605 secundum
457 1574 632 1604 carnem
652 1595 663 1615 ,
702 1569 745 1604 et
777 1561 927 1605 Mariae
957 1561 1159 1606 dominus
1192 1562 1435 1606 secundum

48 1631 331 1690 majestatem.
355 1629 465 1683 Quia
499 1645 602 1688 ergo
630 1645 720 1674 non
743 1639 834 1674 erat
856 1630 929 1674 illa
953 1640 1090 1675 mater
1111 1631 1370 1687 divinitatis,
1392 1640 1435 1675 ct

47 1716 125 1761 per
154 1701 423 1746 divinitatem
448 1699 646 1744 futurum
677 1710 767 1745 erat
789 1702 1048 1746 miraculum
1082 1703 1204 1762 quod
1226 1703 1431 1763 petebat3

48 1771 272 1832 respondit
289 1772 351 1816 ei:
377 1770 526 1824 «Quid
541 1770 648 1814 mihi
662 1780 705 1815 et
727 1771 806 1815 tibi
830 1781 908 1826 est,
929 1771 1114 1816 mulier?
1134 1791 1153 1814 υ
1173 1773 1248 1817 sed
1270 1789 1325 1818 ne
1346 1789 1432 1834 pu-

0 1858 3 1862 ·
48 1852 112 1888 tes
133 1842 254 1903 quod
275 1852 318 1886 te
340 1856 491 1900 negem
512 1851 712 1897 matrem⁷
737 1860 757 1884 «
782 1842 989 1887 Nondum
1007 1843 1125 1888 venit
1141 1844 1246 1888 hora
1268 1859 1363 1889 mea
1385 1862 1428 1889 z»

48 1913 110 1957 ibi
131 1913 247 1958 enim
270 1921 312 1957 te
335 1927 588 1972 agnoscam,
609 1927 710 1957 cum
734 1911 922 1972 pendere
939 1914 985 1958 in
1002 1928 1131 1959 cruce
1151 1915 1335 1975 coeperit
1361 1916 1432 1959 in-

50 1983 227 2028 firmitas
248 1985 372 2044 cujus
404 1992 543 2028 mater
565 1998 624 2027 es.
651 1983 890 2028 Probemus
911 1984 946 2028 si
967 1999 1119 2028 verum
1143 1995 1221 2030 est.
1247 1985 1430 2040 Quando

49 2070 196 2115 passus
223 2064 286 2099 est
316 2055 552 2109 Dominus,
589 2054 700 2098 sicut
726 2052 846 2097 idem
882 2054 1157 2114 Evangelista
1190 2055 1323 2111 dicit,
1355 2057 1431 2117 qui

50 2135 229 2170 noverat
246 2134 426 2169 matrem
449 2125 621 2169 Domini
638 2159 648 2179 ‚
662 2134 717 2169 -et
734 2125 810 2185 qui
831 2126 956 2170 nobis
978 2126 1211 2171 insinuavit
1232 2128 1362 2172 etiam
1385 2129 1431 2172 in

49 2196 115 2241 his
137 2196 298 2256 nuptiis
322 2205 504 2240 matrem
528 2195 727 2251 Domini,
746 2195 837 2254 ipse
859 2206 1006 2240 narrat
1031 2214 1040 2241 ε
1070 2215 1090 2239 «
1116 2200 1240 2253 Erat,
1262 2199 1427 2259 inquit,

55 2285 75 2309 »
107 2266 197 2312 illic
215 2267 325 2311 circa
347 2281 521 2310 crucem
543 2275 681 2310 mater
718 2268 843 2321 Jesu,
874 2276 917 2311 et
938 2267 996 2311 ait
1017 2270 1140 2312 Jesus
1161 2269 1287 2313 matri
1308 2285 1397 2314 suae
1418 2289 1427 2315 :

55 2355 75 2380 »
109 2338 281 2392 Mulier,
306 2353 406 2382 ecce
425 2336 538 2381 filius
560 2345 660 2382 tuus
683 2355 691 2381 z
712 2346 755 2381 et
771 2337 825 2382 ad
849 2336 1109 2397 discipulum
1131 2357 1140 2383 :
1165 2342 1278 2384 Ecce
1294 2350 1432 2385 mater

55 2425 77 2449 »
109 2417 184 2452 tua
202 2410 234 2451 ⁵.
263 2425 284 2449 »
310 2406 600 2453 Commendat
631 2416 816 2452 matrem
851 2407 1073 2468 Discipulo
1110 2428 1119 2454 ι
1153 2409 1432 2456 commendat

100 2511 110 2528 ¹
133 2504 200 2538 Gal.
226 2502 324 2546 1v‚4.
351 2520 391 2526 -
410 2508 424 2526 ²
443 2505 536 2536 Rom.
561 2515 586 2545 ι,
611 2503 642 2536 3.
663 2519 704 2526 -—
725 2501 738 2526 ³
764 2503 842 2536 Psat.
863 2514 926 2545 cix,
956 2515 984 2537 1.
1000 2521 1041 2528 —
1063 2505 1206 2539 4Matth.
1223 2505 1430 2549 xxu„45.-

54 2557 70 2584 3
86 2561 178 2593 Joan.
199 2571 265 2601 xix,
284 2559 340 2600 25,
363 2568 417 2602 27.

1179 2616 1217 2654 3.
