1825 3214
330 206 373 233 uu
406 202 580 232 somnis
612 199 923 237 ssvAuGszM,
957 199 1103 228 Tutior.
1143 201 1201 227 ix.
1382 188 1436 228 39

59 346 1187 372 mmmsmvmmmumvwsmvwxmmswmxmxtm
1193 348 1257 364 M!
1264 349 1328 364 ἱὶἋ
1334 348 1439 364 §mm

490 465 895 514 TRACTATUS
928 466 1007 512 111.

57 620 121 666 In
147 616 366 664 eamdem
396 616 446 662 Ε
450 614 659 679 wangelc'c'
679 613 944 660 lectionem.
989 611 1124 676 Quid
1141 615 1357 675 mysterii
1385 616 1444 659 sit

87 691 135 735 in
157 687 550 751 miraculofitcco
574 688 622 732 ιή
643 687 819 747 nuptiis
842 682 978 745 apzul
996 684 1139 730 Cana
1167 683 1404 731 Galiloeoe.

119 827 152 868 1.
178 827 310 868 Ansu·
329 825 539 868 Dominus
557 827 666 866 Deus
689 831 834 867 noster
849 857 860 876 ,
885 829 935 866 ut
956 821 1092 865 donet
1112 819 1238 865 nobis
1264 819 1445 865 reddere

56 894 176 957 quod
199 893 488 954 promisimus.
516 895 729 938 Hesterno
752 893 867 937 enim
890 891 983 947 die,
1008 892 1042 937 si
1074 892 1286 936 memimit
1315 894 1447 937 Sane-

56 965 153 1010 titas
187 973 327 1008 vestra
349 999 359 1018 ,
391 978 491 1008 eum
531 964 736 1022 temporis
770 962 1102 1008 excluderemur
1138 963 1364 1022 angustia,
1391 979 1445 1007 ne

55 1051 298 1082 sermonem
327 1035 581 1079 inchoatum
606 1033 902 1094 impleremus,
924 1034 968 1078 in
986 1033 1247 1078 hodiernum
1271 1033 1444 1078 distuli-

57 1123 168 1163 mus,
185 1116 233 1151 ut
257 1123 304 1151 ea
326 1123 425 1168 quae
448 1107 492 1150 in
516 1107 600 1151 hoc
619 1105 736 1150 facto
759 1104 1032 1165 Evangelicae
1049 1105 1245 1150 lectionis
1267 1105 1447 1163 mystice

58 1178 102 1222 in
120 1178 396 1223 sacramentis
419 1177 557 1237 posita
588 1185 757 1231 essent,
783 1177 875 1236 ipso
899 1176 1130 1236 adjuvante
1157 1176 1443 1236 aperirentur.

55 1250 153 1294 Non
175 1247 324 1308 itaque
355 1263 464 1307 opus
486 1257 550 1292 est
567 1249 657 1308 jam
692 1246 913 1291 immorari
945 1246 1110 1290 diutius
1144 1246 1189 1290 in
1221 1261 1448 1291 commen-

57 1317 203 1362 dando
226 1318 303 1362 Dei
321 1316 548 1362 miraculo.
579 1321 674 1378 Ipse
691 1326 754 1362 est
771 1317 886 1361 enim
912 1321 1049 1373 Deus,
1075 1318 1150 1378 qui
1172 1333 1249 1377 per
1275 1318 1452 1362 univer-

58 1404 148 1434 sam
170 1398 413 1433 ereaturam
437 1388 692 1448 quotidiana
707 1388 914 1432 miracula
933 1386 1061 1445 facit,
1081 1405 1182 1445 quae
1198 1389 1450 1434 hominibus

59 1475 148 1506 non
167 1458 371 1505 facilitate
388 1495 399 1515 ‚
425 1459 501 1504 sed
522 1459 772 1505 assiduitate
787 1460 1010 1505 viluerunt
1031 1480 1039 1505 :
1064 1470 1328 1505 raraautem
1350 1476 1449 1520 quae

61 1530 174 1576 facta
196 1541 298 1576 sunt
320 1532 374 1576 ab
397 1531 552 1575 eodem
570 1531 771 1586 Domino,
786 1529 833 1575 id
854 1539 918 1576 est
933 1566 944 1586 ,
965 1547 989 1575 a
1007 1531 1154 1575 Verbo
1171 1540 1349 1590 propter
1371 1546 1449 1575 nos

59 1603 285 1648 incarnato
298 1638 309 1659 ,
325 1603 534 1664 majorem
548 1612 771 1662 stuporem
793 1603 1046 1647 hominibus
1064 1602 1307 1647 attulerunt
1331 1621 1339 1646 :
1361 1618 1449 1646 non

59 1674 160 1734 quia
191 1675 351 1734 majora
377 1682 523 1727 erant,
549 1688 682 1734 quam
711 1681 813 1717 sunt
835 1688 883 1717 ea
906 1689 1005 1733 quae
1029 1671 1226 1734 quotidie
1248 1673 1294 1716 in
1327 1688 1450 1716 erea-

61 1754 157 1789 tura
181 1743 316 1799 facit,
353 1743 428 1788 sed
457 1743 559 1803 quia
594 1743 672 1787 ista
706 1759 806 1802 quae
841 1743 1037 1802 quotidie
1072 1744 1208 1798 fiunt,
1242 1752 1450 1803 tanquam

60 1815 247 1860 naturali
275 1830 404 1859 eursu
438 1823 736 1874 peraguntur3
767 1813 840 1858 illa
868 1830 971 1859 vero
1002 1814 1193 1859 efficacia
1234 1815 1446 1874 potentiae

62 1895 272 1946 tanquam
310 1884 533 1944 praesentis
566 1884 758 1929 exhibita
791 1884 997 1929 videntur
1034 1884 1168 1929 oculis
1196 1885 1443 1929 hominum.

62 1955 253 2006 Diximus
270 1990 280 2010 ,
305 1955 417 2000 sieut
437 1954 703 2010 meministis,
727 1955 958 1999 resurrexit
980 1971 1092 1999 unus
1111 1964 1310 1999 mortuus
1327 1990 1337 2010 ‚
1364 1956 1448 1999 ob-

62 2035 324 2087 stupuerunt
340 2026 540 2071 homines
562 2045 570 2070 :
603 2041 702 2070 eum
731 2025 926 2086 quotidie
947 2027 1064 2070 nasei
1089 2026 1165 2086 qui
1187 2041 1276 2071 non
1299 2035 1421 2070 erant
1438 2061 1449 2082 ‚

63 2113 191 2142 nemo
213 2097 408 2141 miretur.
437 2097 504 2141 Sic
531 2112 689 2156 aquam
711 2096 755 2140 in
783 2097 936 2142 vinum
968 2112 1218 2142 conversam
1240 2098 1335 2158 quis
1364 2113 1453 2142 non

63 2169 243 2212 miretur
258 2203 268 2222 ‚
295 2183 395 2212 eum
416 2168 500 2212 hoe
523 2167 645 2211 annis
669 2168 871 2212 omnibus
893 2170 1007 2213 Deus
1030 2169 1076 2212 in
1105 2168 1267 2213 vitibus
1292 2167 1453 2213 faeiat?

66 2238 150 2284 Sed
171 2238 272 2299 quia
304 2238 449 2283 omnia
479 2253 579 2298 quae
616 2236 720 2282 feeit
756 2238 967 2283 Dominus
1001 2241 1152 2293 JeSuS‚
1190 2254 1281 2283 non
1314 2237 1454 2283 solum

63 2309 209 2354 valent
227 2308 281 2353 ad
298 2307 524 2354 excitanda
554 2307 684 2353 eorda
707 2317 852 2353 nostra
871 2308 1112 2364 miraculis,
1137 2308 1212 2354 sed
1244 2309 1374 2353 etiam
1399 2309 1455 2353 ad

23 2425 28 2429 ⁴
65 2379 319 2424 aedificanda
341 2381 385 2424 in
417 2381 611 2425 doctrina
638 2379 737 2424 fidei
757 2402 768 2437 3
792 2382 976 2426 scrutari
1018 2397 1096 2427 nos
1139 2390 1311 2441 oportet
1347 2379 1454 2441 quid

65 2450 143 2495 sibi
170 2450 305 2496 velint
335 2450 407 2495 illa
437 2451 606 2507 omnia,
642 2450 684 2494 id
721 2461 805 2507 est,
843 2452 951 2512 quid
986 2453 1245 2512 significent.
1285 2454 1452 2496 Horum

115 2554 121 2568 ¹
142 2546 274 2577 nabitu:
289 2547 339 2578 die
355 2547 497 2589 proxima
514 2552 589 2578 anto
604 2548 711 2578 Tracti
738 2546 863 2589 subseq.
