1825 3214
279 184 317 208 tisv
352 182 528 208 sinimus
562 181 839 208 ramici-:tirsi
865 202 875 218 ,
911 185 1056 211 'rimer
1097 187 1233 211 xxvii.
1371 176 1449 211 :517

72 249 286 300 timerent,
309 248 505 307 ‹piantvis
526 264 635 291 unus
660 248 838 306 periret,
862 250 942 292 Sed
965 260 1109 308 postca
1133 266 1265 311 (piam
1285 250 1394 295 dixit
1413 261 1456 295 ct

69 327 111 361 ct
129 316 325 361 distinxit
341 318 566 362 credentes
588 335 610 362 a
633 334 720 362 non
740 319 1041 373 credentibus,
1063 323 1266 380 expressit
1284 337 1455 366 causam

69 404 203 448 quare
222 405 309 432 non
334 388 514 433 credant
539 409 547 433 :
575 409 594 431 «
629 393 859 449 Propterea
882 389 967 433 dixi
991 391 1112 435 vobis
1129 427 1139 445 ,
1163 392 1330 451 inquit,
1356 393 1458 452 quia

73 477 92 500 »
128 475 257 503 nemo
289 469 428 518 potest
459 460 605 504 venire
637 460 689 504 :id
713 476 782 504 ine
800 495 810 514 ‚
837 461 917 504 nisi
946 460 1080 505 fuerit
1104 462 1143 504 ci
1165 462 1314 506 datum
1337 479 1358 506 a
1381 468 1459 506 Pa-

72 548 94 572 »
130 540 194 574 tre
226 546 322 574 mco
353 533 382 574 ¹.
425 549 444 571 »
479 534 594 590 Ergo
621 541 665 575 et
687 531 864 576 credere
889 531 1018 576 datur
1048 533 1197 590 nobis3
1227 548 1315 576 non
1344 535 1458 576 enim

69 601 177 646 nihil
192 601 458 646 estcrederc.
479 603 520 647 Si
537 612 680 646 autem
701 618 909 662 magnum
929 603 1094 664 aliquid
1110 614 1189 658 cst,
1206 604 1346 662 gaude
1359 605 1459 664 quia

69 673 312 729 credidisti,
334 674 409 718 scd
430 674 518 718 noli
552 675 699 721 extolli
720 695 728 720 ε
753 695 772 717 «
795 676 908 728 Quid
936 676 1051 720 enim
1071 676 1203 721 habes
1227 676 1349 736 quod
1372 692 1461 720 non

73 765 92 789 »
129 747 330 806 accepisti
352 748 399 790 ’ΣΡ
427 765 446 787 n

130 819 251 861 Vlll.
279 836 296 858 «
326 820 388 861 Ex
406 818 488 861 hoc
510 817 635 861 multi
658 816 969 877 discipulorum
993 820 1084 879 ejus
1102 819 1305 863 abierunt
1328 828 1457 874 retro,

74 907 94 930 «
125 889 268 948 etjam
295 904 381 932 non
403 903 500 932 cum
519 888 594 934 illo
620 889 954 934 amlmlavcrunt
979 891 1010 933 ³.
1037 890 1254 934 Abicrunt
1274 899 1409 944 retro,
1438 908 1457 931 υ

70 960 144 1004 sed
168 969 264 1019 post
283 963 483 1004 Satanam
503 976 590 1004 non
615 970 712 1020 post
734 962 972 1006 Christum.
996 964 1104 1007 Nam
1122 961 1358 1022 aliquando
1378 966 1462 1006 Do-

70 1031 215 1076 minus
244 1033 440 1077 Christus
471 1036 645 1077 Petrum
677 1033 912 1093 appellavit
942 1044 1161 1089 satanam,
1196 1035 1329 1092 magis
1358 1035 1460 1094 quia

70 1102 245 1148 volebat
267 1103 510 1162 pra‘cedere
538 1105 772 1148 Dominum
796 1120 945 1159 suum,
968 1115 1007 1148 ct
1033 1105 1260 1149 consilium
1286 1106 1386 1149 darc
1407 1120 1460 1149 ne

71 1185 312 1220 moreretur
330 1174 417 1230 ille,
446 1176 522 1235 qui
544 1186 722 1220 venerat
743 1186 792 1221 ut
814 1186 1071 1231 moreretur,
1094 1192 1148 1220 ne
1171 1192 1249 1222 nos
1273 1177 1313 1219 in
1337 1187 1463 1220 aeter-

72 1263 177 1292 num
212 1263 480 1292 moreremur
511 1267 519 1292 :
551 1258 594 1292 et
617 1248 675 1292 ait
699 1247 762 1291 illi
799 1267 807 1292 :
844 1268 864 1290 «
899 1247 1009 1292 Redi
1040 1258 1137 1307 post
1171 1263 1240 1291 me
1268 1258 1458 1303 satanas,

75 1337 96 1361 »
132 1335 220 1363 non
243 1320 356 1363 enim
371 1320 480 1379 sapis
504 1335 602 1379 quae
619 1320 694 1364 Dei
718 1329 835 1374 sunt,
852 1320 926 1364 sed
950 1336 1048 1380 quae
1069 1320 1253 1364 hominis
1267 1330 1367 1363 sunt
1384 1321 1414 1364 ⁴.
1440 1340 1459 1362 »

71 1393 167 1435 Non
192 1390 314 1434 illum
340 1391 498 1450 repulit
522 1392 700 1435 retroire
722 1401 820 1451 post
842 1402 1032 1435 satanam
1049 1426 1059 1446 ‚
1083 1401 1124 1435 et
1147 1391 1379 1450 appellavit
1396 1407 1463 1435 sa—

72 1470 219 1506 tanam
247 1481 255 1506 ;
280 1460 355 1505 scd
378 1462 480 1506 fecit
504 1472 601 1521 post
626 1463 763 1516 seire,
791 1472 838 1506 ut
868 1478 955 1506 non
981 1471 1089 1506 esset
1117 1472 1285 1506 satanas
1304 1462 1464 1506 ambu-

73 1531 205 1577 lando
227 1542 324 1592 post
346 1534 595 1577 Dominum.
618 1533 691 1577 Isti
708 1542 852 1576 autern
875 1533 933 1577 sic
948 1532 1172 1577 redierunt
1193 1542 1323 1587 retro,
1350 1549 1462 1593 quo-

73 1603 206 1649 modo
223 1604 278 1649 de
299 1603 561 1664 quibusdam
584 1604 775 1648 foeminis
796 1603 902 1647 dicit
923 1603 1155 1663 Apostolus
1178 1624 1186 1648 :
1214 1624 1231 1645 «
1251 1604 1462 1657 Quaedam

78 1692 98 1715 »
134 1675 250 1718 enim
283 1690 499 1719 eonversae
533 1684 635 1718 sunt
667 1685 781 1718 retro
812 1684 909 1733 post
941 1684 1134 1718 satanam
1159 1677 1190 1719 ⁵,
1227 1693 1246 1715 »
1277 1674 1464 1718 Ulterius

75 1760 176 1790 cum
194 1744 269 1790 illo
286 1761 375 1789 non
394 1745 746 1789 ambulaverunt.
773 1749 886 1790 Ecce
904 1746 1071 1805 praecisi
1089 1762 1112 1790 a
1135 1761 1316 1805 corpore
1330 1747 1463 1790 vitam

76 1815 374 1875 perdiderunt,
395 1817 495 1876 quia
518 1815 629 1860 forte
653 1816 697 1859 in
719 1831 900 1876 corpore
918 1832 998 1861 nec
1016 1816 1210 1861 fuerunt.
1234 1820 1352 1861 Inter
1376 1832 1464 1861 non

76 1888 302 1933 credentes
325 1898 368 1932 et
388 1889 466 1947 ipsi
492 1888 734 1947 deputandi
755 1898 877 1944 sunt,
903 1889 1101 1949 quamvis
1122 1888 1323 1949 discipuli
1346 1888 1466 1933 dice—

78 1969 244 2003 rentur.
261 1959 477 2003 Abierunt
493 1968 623 2013 retro,
636 1974 724 2004 non
737 1961 882 2018 pauci,
895 1959 969 2004 sed
978 1959 1120 2004 multi.
1141 1962 1234 2005 Hoc
1245 1958 1359 2005 forte
1372 1960 1466 2004 sae-

79 2039 174 2074 tum
201 2038 264 2074 est
286 2029 352 2073 ad'
371 2029 735 2078 consolationem,
761 2030 968 2090 quoniam
992 2030 1228 2090 aliquando
1250 2030 1467 2090 contingit

79 2110 130 2145 ut
152 2100 269 2145 dicat
291 2102 421 2146 homo
442 2117 612 2156 verum,
638 2111 681 2145 et
697 2102 819 2161 quod
836 2101 962 2156 dicit,
986 2118 1073 2147 non
1096 2104 1314 2161 capiatur,
1337 2112 1468 2162 atque

78 2173 143 2219 illi
165 2173 242 2234 qui
263 2172 468 2227 audiunt?
488 2171 834 2216 scandalizentur
857 2182 901 2217 et
921 2172 1161 2217 discedant.
1191 2174 1372 2218 Paenitet
1392 2189 1469 2217 au-

80 2255 168 2289 tem
192 2244 414 2289 hominem
443 2243 599 2288 dixisse
623 2243 742 2303 quod
764 2259 915 2288 verum
939 2253 1002 2288 est
1038 2264 1046 2289 :
1079 2243 1185 2289 dicit
1207 2244 1322 2288 enim
1351 2243 1469 2303 apud

82 2332 126 2362 se
153 2317 286 2362 homo
315 2336 324 2362 :
364 2318 461 2361 Non
489 2315 624 2360 debui
654 2317 712 2360 sie
740 2315 905 2374 dicere3
930 2332 1020 2361 non
1044 2317 1127 2361 hoc
1149 2316 1293 2361 dicere
1316 2316 1464 2360 debui.

82 2391 196 2434 Ecce
212 2388 398 2433 Domino
419 2387 600 2444 contigit
626 2405 634 2430 z
653 2385 775 2442 dixit,
795 2395 838 2430 et
855 2386 1045 2446 perdidit
1063 2387 1240 2443 multos,
1266 2386 1470 2431 remansit

133 2494 144 2510 ¹
169 2489 262 2520 Joan.
281 2497 324 2527 vi,
343 2485 397 2518 66.
416 2502 450 2507 -—
477 2491 490 2507 ²
513 2496 524 2517 1
545 2486 619 2518 Cor.
638 2495 683 2526 w,
704 2495 736 2525 7.
757 2501 795 2507 —
815 2482 828 2506 3
845 2485 936 2516 Joan.
957 2496 1005 2526 vi,
1021 2484 1078 2527 67.
1095 2502 1136 2509 —
1161 2484 1177 2514 lo
1194 2486 1307 2519 Matth,
1327 2496 1393 2526 xvi,
1413 2485 1469 2517 23.

86 2561 128 2567 —
146 2543 160 2568 ⁵
188 2555 201 2576 1
227 2544 308 2577 Tim.
335 2554 369 2584 v,
388 2542 439 2575 15.
