1825 3214
316 161 358 187 im
392 156 566 186 JOANMS
600 156 882 185 EVANGEMUM
901 175 911 194 ‚
946 154 1093 183 ΤιιΛεΤ.
1132 157 1225 183 viu.
1412 144 1461 181 31

78 224 186 286 quid
221 224 376 269 dixerit
398 223 523 268 matri
545 238 635 268 suae
661 224 810 276 Jesus,
850 221 937 280 ipse
968 220 1241 280 Evangelista
1262 219 1383 264 dixit.
1410 223 1469 263 Et

77 293 302 357 quomodo
334 293 442 339 dixit
469 291 740 352 respondisse
773 291 900 336 matri
924 306 1010 334 sure
1042 294 1218 346 lesum,
1243 300 1293 335 ut
1327 290 1469 351 primo

78 365 242 413 diceret
267 385 277 412 ι
300 385 316 405 «
344 365 417 410 Ait
443 364 507 410 illi
530 372 669 410 mater
693 363 784 424 ejus
799 364 811 388 ¹
831 398 841 417 ,
871 380 891 403 η
914 361 1060 407 videte
1079 396 1089 413 ‚
1114 361 1267 407 fratres
1283 398 1294 417 ,
1318 372 1366 407 ut
1391 361 1469 407 ad-

78 452 226 483 versus
240 436 436 496 linguam
453 435 662 495 serpentis
686 433 899 478 munitam
917 432 1207 491 virginitatem
1228 431 1368 477 cordis
1391 433 1471 477 ha-

82 508 232 553 beatis.
247 506 342 555 lllic
359 508 405 552 in
423 507 517 567 ipso
534 504 773 567 Evangelio
796 519 847 548 eo
870 503 960 564 ipso
974 502 1247 562 Evangelista
1271 513 1473 548 narrante

81 579 241 627 dieitur
268 600 276 626 :
306 599 325 622 «
356 582 462 624 Erat
491 578 551 622 ibi
582 586 720 622 mater
750 579 852 621 Jesu
887 595 895 621 z
927 597 943 617 »
970 585 1040 631 ct,
1072 594 1090 615 «
1119 575 1230 619 Dixit
1253 574 1314 619 illi
1337 584 1474 620 mater

84 670 105 693 »
140 651 244 712 ejus.
261 669 280 691 »
297 650 401 704 Quis
426 651 507 694 hoc
531 647 755 693 narravit?
778 650 966 691 Joannes
984 645 1272 705 Evangelista.
1296 648 1351 689 Et
1367 645 1476 706 quid

82 721 307 782 respondit
330 721 454 764 matri
479 723 604 765 Jesus
625 739 633 763 ε
666 738 684 760 α
717 716 830 771 Quid
857 716 963 761 mihi
986 726 1028 760 et
1052 716 1132 760 tibi
1154 725 1218 760 est
1241 715 1424 760 mulier?
1453 734 1471 757 »

83 793 185 846 Quis
207 792 290 836 hoc
314 793 490 835 narrat?
514 790 628 836 idem
654 791 742 849 ipse
760 791 950 833 Joannes
974 786 1261 847 Evangelista.
1277 788 1314 831 Ο
1334 790 1477 833 Evan-

84 863 233 922 gelista
266 861 515 906 fidelissime
547 870 589 904 et
621 859 914 915 veracissime,
952 867 1000 903 tu
1024 858 1129 902 mihi
1152 874 1299 902 narras
1322 859 1478 903 dixisse

84 936 235 979 Jesum
261 952 269 978 :
299 952 318 974 ι(
343 932 459 986 Quid
482 932 591 976 mihi
619 941 661 975 et
699 931 777 975 tibi
809 939 871 974 est
894 929 1075 973 mulier²
1101 948 1109 974 :
1140 948 1158 970 >1
1186 945 1264 974 cur
1282 930 1319 974 ei
1343 946 1479 992 appo-

83 1004 207 1050 suisti
227 1013 412 1048 matrem
435 1019 567 1064 quam
600 1018 688 1047 non
713 1001 939 1060 agnoseit?
970 1003 1076 1045 Nam
1117 1010 1162 1044 tu
1186 1000 1351 1057 dixisti,
1376 1001 1478 1062 quia

89 1096 105 1117 «
144 1075 212 1121 Ibi
229 1085 320 1120 erat
341 1084 478 1119 mater
507 1078 638 1132 Jesu3
661 1092 680 1114 n
709 1082 752 1117 et
774 1073 874 1133 quia
903 1092 923 1114 «
954 1073 1065 1117 Dixit
1083 1074 1120 1116 ei
1139 1083 1276 1117 mater
1304 1075 1425 1135 ejus:
1457 1093 1475 1116 »

84 1161 162 1192 cur
188 1162 278 1191 non
312 1146 457 1206 potius
487 1144 633 1189 dixisti
662 1163 669 1188 :
697 1146 801 1188 Erat
823 1143 883 1187 ibi
907 1145 1071 1202 Maria3
1095 1153 1161 1199 et,
1190 1145 1302 1190 Dixit
1324 1145 1361 1189 ei
1383 1148 1480 1191 Ma-

86 1218 180 1263 ria?
209 1220 455 1278 Utrumque
476 1226 520 1261 tu
550 1231 698 1261 narras
719 1235 727 1260 ;
752 1224 795 1259 et
821 1234 840 1257 «
868 1214 982 1259 Dixit
1002 1215 1039 1259 ei
1070 1224 1207 1260 mater
1224 1217 1342 1277 ejus3
1366 1236 1384 1258 »
1411 1227 1476 1273 et,

91 1309 110 1334 «
145 1288 389 1350 Respondit
407 1290 445 1334 ei
460 1291 482 1334 J
488 1304 583 1333 esus
597 1307 605 1333 z
621 1287 735 1342 Quid
746 1287 854 1331 mihi
871 1296 914 1331 et
931 1286 1011 1331 tibi
1029 1296 1093 1332 est
1109 1288 1267 1333 mulier
1279 1290 1297 1333 P
1309 1308 1327 1330 »
1341 1294 1480 1343 Quare

86 1363 169 1408 hoc
183 1397 195 1419 ,
213 1362 295 1407 nisi
316 1362 418 1423 quia
439 1370 675 1422 utrumque
697 1375 851 1405 verum
873 1368 937 1403 est
955 1361 973 1404 P
997 1358 1064 1403 Illi
1088 1370 1236 1405 autem
1259 1361 1305 1405 in
1327 1377 1378 1406 eo
1400 1377 1480 1406 vo-

86 1433 186 1479 lunt
206 1434 383 1479 credere
404 1431 710 1491 Evangelistae‚
734 1430 855 1493 quod
878 1440 1023 1476 narrat
1046 1434 1195 1476 Jesum
1218 1432 1373 1477 dixisse
1396 1449 1481 1478 rna-

88 1505 142 1550 tri
162 1524 170 1550 z
198 1524 218 1548 «
244 1503 361 1558 Quid
383 1504 490 1548 mihi
511 1513 555 1548 et
578 1503 657 1548 tibi
683 1512 746 1549 est
768 1501 925 1548 mulier
941 1523 951 1561 3
967 1521 986 1544 »
1008 1512 1050 1547 et
1072 1503 1118 1548 in
1139 1520 1190 1549 eo
1210 1504 1368 1550 nolunt
1385 1521 1481 1550 cre-

88 1575 191 1621 dere
214 1575 505 1636 Evangelistae
530 1573 653 1635 quod
671 1575 730 1619 ait
752 1593 761 1619 :
791 1593 811 1616 «
836 1576 942 1618 Erat
967 1573 1028 1617 ibi
1050 1582 1188 1618 mater
1210 1577 1339 1634 Jesu3
1368 1594 1386 1617 »
1413 1585 1478 1633 et,

93 1667 114 1691 «
148 1647 264 1693 Dixit
289 1647 328 1691 ei
356 1655 494 1691 mater
522 1647 629 1706 ejus.
659 1664 679 1687 »
715 1647 822 1698 Quis
850 1653 913 1689 est
942 1653 1088 1689 autem
1111 1646 1187 1707 qui
1216 1647 1371 1692 resistit
1390 1664 1481 1693 ser-—

90 1719 211 1780 penti
233 1727 277 1763 et
298 1726 420 1762 tenet
441 1717 690 1773 veritatem,
713 1717 836 1776 cujus
868 1715 1091 1776 virginitas
1112 1716 1253 1762 cordis
1275 1735 1365 1764 non
1387 1736 1484 1765 cor-

91 1791 308 1851 rumpitur
323 1789 480 1834 astutia
503 1787 697 1837 diaboli?
721 1788 797 1849 qui
815 1797 1054 1849 utrumque
1076 1804 1230 1834 verum
1253 1792 1415 1847 credit,
1441 1801 1484 1836 et

92 1861 194 1922 quia
207 1870 299 1905 erat
315 1861 529 1904 ibimater
551 1863 670 1916 Jesu,
695 1870 739 1905 et
759 1861 862 1922 quia
878 1860 990 1906 illud
1012 1863 1236 1923 respondit
1258 1865 1385 1910 matri
1407 1868 1483 1910 Je-

92 1946 177 1977 sus.
212 1931 297 1977 Sed
324 1932 359 1976 si
393 1930 592 1976 nondum
615 1931 820 1992 intelligit
841 1934 1214 1993 quemadmodum
1236 1935 1392 1982 dixerit
1412 1940 1486 1982 Je-

93 2019 164 2049 sus
187 2023 196 2048 :
221 2003 370 2067 «Quid
387 2003 495 2047 mihi
513 2012 556 2048 et
578 2003 657 2048 tibi
679 2013 743 2049 est
757 1994 948 2049 mulier?
965 2026 980 2046 n
1007 2006 1181 2051 interim
1200 2007 1348 2053 credat
1364 2009 1484 2070 quod

94 2073 276 2130 dixerit,
301 2083 345 2118 et
379 2072 499 2135 quod
522 2074 649 2119 matri
681 2073 851 2120 dixerit.
883 2075 946 2120 Sit
980 2076 1121 2136 primo
1157 2078 1294 2138 pietas
1316 2080 1363 2124 in
1390 2096 1486 2134 cre-

97 2144 252 2200 dente,
273 2154 317 2189 et
338 2144 419 2188 erit
446 2143 615 2190 fructus
635 2145 680 2190 in
702 2144 989 2205 intelligente„

155 2218 258 2262 vll.
275 2219 506 2276 Interrogo
527 2231 626 2272 VOS,
652 2232 678 2262 o
695 2216 845 2262 fideles
867 2219 1121 2276 Christiani,
1146 2223 1251 2266 Erat
1272 2221 1333 2266 ibi
1349 2231 1487 2268 mater

97 2288 232 2348 Jesu‘?
254 2286 534 2348 respondete,
560 2296 666 2332 erat.
693 2288 818 2333 Unde
840 2289 984 2342 scitis?
1005 2292 1287 2352 respondete,
1312 2296 1407 2340 Hoc
1422 2294 1490 2340 lo-

98 2358 248 2420 quitur
270 2357 573 2418 Evangelium.
599 2357 716 2412 Quid
737 2360 959 2420 respondit
979 2362 1107 2407 matri
1129 2366 1252 2408 Jesus
1269 2366 1287 2407 ⁶?
1307 2380 1489 2426 respon-

99 2428 200 2475 dete
223 2449 231 2475 :
260 2448 281 2472 «
305 2429 419 2483 Quid
441 2430 608 2475 mihiet
628 2430 709 2475 tibi
731 2440 795 2476 est
818 2432 1005 2479 mulier?
1027 2434 1225 2487 nondum
1242 2437 1362 2484 venit
1382 2438 1488 2488 hora

149 2521 162 2540 ¹
179 2517 271 2549 Joan.
291 2527 331 2557 11,
354 2515 385 2550 3.
407 2532 448 2538 -·
469 2522 482 2539 ²
502 2515 583 2549 lbid.
606 2515 638 2558 4.
