1809 3173
385 156 468 192 226
819 160 852 190 S.
890 161 1118 191 AUGUS'l'lNl
1152 165 1331 192 EPISCOPI

382 239 471 286 tes3
496 237 539 271 et
558 235 606 271 ut
626 226 867 281 videamus,
903 228 1196 272 convertimus
1225 243 1303 272 nos
1326 226 1380 271 ad
1414 230 1514 270 eum
1537 240 1668 286 quem
1700 227 1765 271 vi-

382 299 587 356 deamu53
620 306 663 342 et
683 299 732 342 fit
754 298 799 341 in
821 298 945 342 nobis
967 299 1073 343 visio
1106 315 1206 358 quae
1227 315 1317 343 non
1339 307 1444 353 erat,
1482 297 1660 357 quando
1687 313 1765 342 nos

382 379 526 414 tamen
548 384 731 413 eramus.
756 370 833 412 Est
850 369 967 412 enim
989 370 1120 413 homo
1141 384 1232 413 non
1259 368 1426 423 videns,
1451 377 1495 412 et
1519 368 1635 411 idem
1674 368 1765 427 ipse

380 455 480 485 cum
499 439 670 494 viderit,
706 437 865 483 dicitur
891 439 1024 483 homo
1051 437 1219 483 videns.
1243 441 1342 485 Non
1363 454 1466 498 ergo
1491 439 1577 483 hoc
1607 446 1672 482 est
1700 437 1766 482 illi

379 511 540 567 videre,
566 510 689 571 quod
702 525 792 555 esse
813 509 1038 555 hominem
1064 528 1075 554 ι
1099 524 1200 553 nam
1222 509 1256 553 si
1274 510 1359 554 hoc
1379 509 1443 553 illi
1476 518 1586 554 esset
1621 508 1766 553 videre

380 581 500 643 quod
521 596 610 626 esse
642 581 868 626 hominem
886 615 897 635 ‚
929 595 1156 639 nunquam
1191 587 1302 623 esset
1326 580 1460 624 homo
1487 579 1569 623 nisi
1594 578 1764 624 videns.
1806 611 1809 626 ⁴

379 655 491 699 Cum
521 667 626 698 vero
648 661 712 696 est
731 652 865 696 homo
897 665 988 694 non
1011 649 1180 705 videm,
1217 659 1261 694 et
1285 651 1444 710 quaerit
1467 649 1615 695 videre
1647 648 1767 710 quod
1805 637 1809 717 Γ

378 739 465 768 non
495 722 641 780 videt3
673 731 736 766 est
769 721 846 782 qui
885 730 1070 782 quaerat,
1101 729 1144 764 θῖ
1181 729 1244 764 θεῖ
1275 720 1352 781 qui
1382 736 1426 765 se
1462 729 1689 765 convertat
1716 729 1767 765 ut
1801 724 1809 796 Γ

376 793 521 840 videat
547 813 556 839 :
588 803 632 839 et
652 809 754 838 curn
779 808 822 837 se
852 793 965 836 bene
988 792 1250 837 converterit
1284 801 1328 836 et
1355 792 1528 847 viderit,
1557 793 1608 836 fit
1633 791 1766 836 homo
1801 797 1809 851 Γ

379 864 542 918 videns,
562 864 639 924 qui
661 863 779 923 prius
801 872 891 907 erat
911 864 1042 908 homo
1073 878 1162 907 non
1190 862 1359 907 videns.
1385 863 1543 906 Videre
1565 877 1668 921 ergo
1690 876 1765 906 ac·¹¹
1800 859 1809 916 Γ

375 934 489 979 cedit
515 933 594 989 illi,
619 944 663 978 et
684 932 848 978 recedit
865 933 1012 978 abillo
1042 952 1051 977 ε
1079 932 1246 977 accedit
1266 933 1329 976 illi
1351 948 1450 977 cum
1470 948 1513 977 se
1536 940 1765 978 converte·

373 1006 445 1060 rit,
465 1004 628 1050 recedit
657 1005 711 1049 ab
733 1004 809 1049 illo
836 1020 937 1049 cum
958 1020 1001 1048 se
1026 1004 1245 1049 averterit.
1265 1003 1492 1064 Numquid
1522 1004 1581 1048 ita
1603 1002 1765 1047 Filius?
1799 994 1809 1056 Γ

374 1075 499 1120 absit.
531 1077 764 1136 Nunquam
787 1074 872 1119 fuit
900 1075 1028 1118 Filius
1058 1090 1148 1119 non
1176 1075 1345 1129 videns,
1376 1083 1420 1118 et
1447 1083 1594 1133 postea
1624 1072 1763 1118 factus
1802 1087 1809 1140 Γ

373 1155 437 1190 θεῖ
463 1146 617 1191 videns
644 1165 652 1191 ε
678 1146 753 1190 sed
779 1146 926 1191 videre
958 1149 1131 1190 Patrem
1149 1180 1159 1200 ,
1184 1146 1268 1190 hoc
1288 1144 1352 1189 illi
1373 1154 1436 1189 est
1465 1157 1554 1189 esse
1585 1144 1759 1190 Filium.
1803 1154 1809 1208 ,Γ

372 1219 458 1263 Nos
476 1217 593 1261 enim
614 1216 850 1262 avertendo
872 1216 927 1261 ad
945 1226 1188 1276 peccatum,
1214 1216 1450 1260 amittimus
1474 1215 1761 1260 illuminatio·
1802 1210 1809 1274 Γ

374 1303 474 1331 nem
493 1308 504 1345 3
530 1296 573 1332 et
590 1286 884 1332 convertendo
905 1302 982 1330 nos
1007 1286 1061 1331 ad
1083 1290 1239 1339 Deum,
1261 1286 1522 1345 percipimus
1541 1285 1765 1329 illumina·
1802 1307 1809 1315 ι’

377 1359 557 1403 tionem.
583 1357 717 1403 Aliud
734 1367 798 1403 est
816 1359 931 1402 enim
947 1358 1098 1401 lumen
1112 1373 1201 1417 quo
1218 1356 1535 1412 illuminamur,
1551 1356 1669 1400 aliud
1687 1370 1765 1401 nos
1800 1375 1802 1413 ᾗ

375 1430 453 1490 qui
474 1429 788 1473 illuminamur.
814 1432 985 1473 Lumen
1007 1437 1153 1472 autem
1171 1427 1314 1487 ipsum
1341 1443 1429 1486 quo
1447 1426 1762 1482 illuminamur,
1800 1445 1802 1449 ·

377 1513 457 1545 nec
479 1500 688 1545 avertitur
711 1516 734 1544 a
755 1515 814 1554 se,
852 1515 932 1544 nec
959 1498 1102 1559 ρθιάἰῖ
1140 1498 1284 1542 lucem
1301 1498 1436 1557 ,quia
1474 1497 1549 1541 lux
1585 1507 1663 1542 est.
1697 1497 1766 1542 Sic
1798 1487 1809 1557 Γ

378 1586 482 1630 ergo
498 1569 769 1615 demonstrat
787 1572 912 1614 Pater
931 1584 1021 1612 rem
1043 1584 1175 1629 quam
1200 1567 1302 1612 facit
1328 1566 1450 1622 Filio,
1486 1577 1537 1612 ut
1562 1569 1608 1611 in
1640 1571 1766 1611 Patre
1798 1563 1809 1613 Γ

377 1642 524 1686 videat
545 1641 690 1685 omnia
720 1639 865 1695 Filius,
892 1649 935 1683 θῖ
953 1639 999 1682 in
1018 1642 1145 1683 Patre
1166 1638 1221 1682 sit
1239 1639 1382 1682 omnia
1404 1637 1546 1682 Filius.
1569 1637 1766 1682 Videndo
1792 1614 1809 1686 ιΓ

380 1712 495 1755 enim
525 1721 652 1755 natus
685 1719 764 1766 est,
791 1720 835 1754 et
860 1708 1078 1762 nascendo
1115 1707 1248 1753 videt.
1294 1708 1378 1753 Sed
1412 1723 1502 1752 non
1530 1707 1796 1770 aliquando
1791 1687 1809 1756 Γ

378 1797 468 1827 non
489 1790 580 1825 erat
602 1790 744 1836 natus,
778 1789 821 1824 et
844 1789 989 1840 postea
1016 1788 1143 1823 natus
1163 1788 1254 1836 θεῖς
1278 1778 1390 1823 sicut
1414 1794 1504 1822 non
1529 1776 1798 1841 aliquandost

380 1867 468 1897 non
489 1852 615 1907 vidit,
641 1860 684 1895 et
706 1859 853 1911 postea
874 1849 984 1894 vidit
1004 1865 1012 1890 :
1038 1849 1114 1893 sed
1133 1849 1179 1892 in
1206 1864 1257 1892 eo
1277 1848 1399 1909 quod
1421 1857 1484 1893 est
1503 1848 1565 1892 illi
1593 1848 1761 1904 videre,
1789 1827 1801 1911 Γ

379 1924 425 1967 in
446 1938 498 1968 eo
520 1931 583 1967 est
604 1921 667 1967 illi
688 1937 793 1976 esse,
817 1921 863 1964 in
884 1936 935 1964 eo
957 1928 1020 1964 est
1052 1918 1115 1962 illi
1150 1928 1301 1962 natum
1340 1934 1444 1973 esse,
1470 1919 1516 1962 in
1538 1934 1589 1963 eo
1617 1928 1681 1962 est
1696 1917 1760 1962 illi
1789 1914 1791 1949 Γ

380 2009 650 2073 permanere,
673 1994 719 2037 in
741 2008 792 2037 eo
821 2001 884 2037 est
920 1990 1094 2035 illinon
1117 1990 1291 2045 mutari,
1327 1990 1373 2033 in
1410 2005 1461 2034 eo
1494 1999 1557 2033 est
1578 1989 1640 2034 illi
1679 1980 1789 2053 sine}

382 2066 503 2110 initio
525 2075 567 2110 et
590 2065 680 2109 sine
695 2065 781 2108 fine
799 2062 1037 2122 persistere.
1063 2063 1158 2106 Non
1197 2075 1298 2118 ergo
1331 2060 1560 2104 carnaliter
1584 2060 1794 2126 accipiar}

383 2152 477 2180 mus
498 2136 600 2196 quia
612 2134 733 2180 sedet
752 2138 892 2189 Pater,
911 2133 1068 2176 etfacit
1087 2146 1213 2190 opus,
1229 2140 1273 2175 et
1294 2130 1562 2175 demonstrat
1576 2130 1708 2175 Filio·
1700 2139 1780 2189 ,et
1787 2134 1805 2205 Γ

386 2206 507 2250 videt
520 2207 648 2250 Filius
657 2221 767 2265 opus
778 2203 895 2265 quod
916 2207 1042 2247 Pater
1059 2202 1178 2256 facit,
1196 2199 1355 2246 etfacit
1371 2200 1508 2245 illud
1499 2217 1544 2245 in
1557 2201 1640 2245 alio
1652 2201 1791 2257 Ιοθο,
1786 2232 1792 2261 Γ

382 2285 458 2319 aut
480 2292 528 2320 ex
552 2277 634 2320 alia
658 2275 852 2320 materia.
882 2293 902 2316 «
926 2273 1083 2317 Omnia
1107 2272 1222 2316 enim
1245 2286 1321 2330 per
1340 2272 1481 2330 ipsum
1512 2270 1625 2316 facta
1648 2212 1805 2330 sunnia

386 2364 405 2386 »
442 2356 485 2389 ct
519 2347 607 2389 sine
642 2346 736 2406 ipso
770 2343 935 2389 factum
970 2352 1034 2387 cst
1066 2342 1275 2386 nihi11.»
1309 2342 1505 2386 Verbum
1534 2341 1670 2386 Patris
1705 2339 1803 2408 estiis

385 2415 529 2471 lilius,
562 2415 672 2460 nihil
700 2414 808 2459 dixit
830 2417 943 2458 Deus
966 2413 1086 2472 quod
1115 2427 1203 2457 non
1227 2409 1366 2455 dixit
1356 2427 1402 2455 m
1428 2411 1548 2456 Filio
1571 2411 1766 2458 Dicendo
1787 2409 1803 2466 Γ]

431 2505 439 2522 ¹
457 2500 548 2531 Joan.
565 2507 589 2539 1,
610 2499 639 2530 3.
1785 2478 1801 2548 γΓ

1783 2584 1800 2664 Γ
