1809 3173
361 199 441 239 114
803 206 837 235 s.
874 206 1103 234 AUGUS‘l'fflt
1136 205 1315 232 Emscom

354 291 465 321 sum.
490 275 574 316 Vos
603 271 825 317 Christum
847 270 1011 329 diligite
1029 304 1040 325 ‚
1067 279 1110 314 et
1132 284 1210 314 nos
1237 269 1282 312 in
1304 267 1401 322 illo,
1425 268 1470 310 in
1492 280 1582 325 quo
1599 273 1642 308 et
1663 279 1738 309 vos

354 363 378 392 a
401 343 522 390 nobis
552 342 797 403 diligimini.
825 343 1017 387 Invicem
1039 356 1083 385 se
1104 340 1287 398 diligant
1308 337 1527 392 membra,
1552 334 1628 380 sed
1650 349 1741 379 om-

355 418 424 462 nia
440 414 521 459 sub
543 413 683 474 capite
703 413 865 458 vivant.
893 410 1049 457 Dolore
1071 409 1268 471 quidem,
1293 407 1447 452 fratres
1469 406 1581 461 mei,
1601 404 1740 448 multa

356 494 528 533 coactus
548 499 645 536 sum
672 483 844 539 dicere,
871 492 915 527 et
941 497 1072 542 parva
1091 480 1180 525 dixi
1208 498 1217 524 :
1242 479 1475 523 lectionem
1497 476 1622 520 finire
1651 490 1741 520 non

356 556 503 620 potui,
527 555 668 601 aderit
688 555 899 600 Dominus
924 562 975 598 ut
992 560 1240 612 opportune
1260 549 1453 594 finiatur.
1478 547 1609 593 Nolui
1626 546 1743 590 enim

356 627 538 688 amplius
553 641 733 672 onerare
747 625 879 671 corda
901 633 1058 679 vestra,
1078 638 1179 683 quae
1200 619 1301 667 volo
1317 634 1470 665 vacare
1493 618 1740 678 gemitibus,

357 709 399 744 et
419 699 688 745 orationibus
707 712 790 758 pro
805 697 872 742 his
893 696 970 757 qui
991 694 1138 740 adhuc
1158 691 1280 739 surdi
1296 699 1398 736 sunt
1419 724 1431 746 ‚
1454 698 1499 735 et
1515 704 1606 735 non
1621 687 1744 734 intel-

355 770 515 830 ligunt.

359 931 1252 956 mmmmmmmwmmwuwummmmmm

1466 927 1606 946 mm
1609 926 1748 945 mm

769 1060 1176 1110 TRACTATUS
1210 1060 1337 1107 XIV.

358 1228 427 1274 Ab
459 1243 511 1273 eo
543 1225 769 1286 Evangelii
797 1225 894 1270 loco
917 1244 926 1269 ι
948 1222 1062 1269 Hoc·
1086 1237 1201 1285 ergo
1221 1218 1455 1283 gaudium
1478 1233 1633 1262 meum
1662 1218 1750 1261 im·

413 1297 595 1359 pletum.
619 1306 688 1342 est
699 1332 714 1353 ,
740 1305 823 1341 etc.
839 1330 850 1352 ,
877 1310 1017 1355 usque
1040 1293 1095 1338 ad
1113 1292 1158 1338 id
1182 1312 1189 1337 :
1224 1293 1324 1355 Qui
1344 1300 1505 1335 (cutem
1528 1286 1751 1333 incredu-

418 1368 488 1415 lus
511 1379 581 1414 esc
602 1366 751 1424 Filio,
767 1383 863 1412 non
882 1364 1059 1412 videbit
1084 1365 1251 1421 vitam,
1270 1361 1358 1409 secl
1377 1363 1451 1407 ἱνα
1475 1360 1575 1406 Dei
1589 1367 1753 1405 manet

419 1456 564 1501 super
585 1455 706 1485 eum.

419 1591 454 1632 I.
481 1590 638 1631 LEc‘mo
660 1586 740 1630 ista
763 1584 818 1629 de
841 1592 991 1629 sancto
1007 1581 1247 1640 Evangelio
1270 1578 1570 1623 excellentiam
1593 1575 1755 1622 divini-

365 1659 460 1702 tatis
488 1657 662 1702 Domini
685 1655 822 1701 nostri
839 1657 867 1698 »J
873 1669 948 1698 esu
970 1651 1158 1707 Christi,
1185 1659 1228 1694 et
1254 1648 1548 1693 humilitatem
1569 1647 1757 1692 hominis

362 1730 439 1790 qui
460 1728 620 1774 meruit
640 1727 725 1771 diei
749 1726 911 1771 amicus
945 1723 1115 1784 sponsi,
1148 1737 1226 1766 nos
1254 1721 1382 1766 docet
1410 1739 1418 1765 ι
1443 1728 1494 1764 ut
1515 1719 1756 1777 distingua-

363 1815 460 1844 mus
492 1799 601 1860 quid
625 1798 794 1843 intersit
814 1797 927 1841 inter
950 1794 1174 1840 hominem
1202 1793 1423 1837 hominem
1441 1827 1451 1846 ,
1472 1800 1515 1835 et
1536 1790 1759 1836 hominem

365 1875 522 1916 Deum.
549 1871 661 1925 Quia
684 1871 818 1915 homo
842 1871 955 1912 Deus
983 1865 1194 1911 Dominus
1224 1873 1370 1909 noster
1392 1865 1515 1907 Jesus
1532 1862 1755 1917 Christus,

366 1944 476 1986 Deus
497 1950 597 1986 ante
620 1940 764 1985 omnia
781 1937 962 1992 saecula,
982 1946 1026 1982 et
1041 1937 1175 1980 homo
1197 1935 1242 1978 in
1259 1943 1407 1979 nostro
1430 1932 1588 1978 saeculo
1615 1952 1623 1977 :
1646 1935 1760 1976 Deus

370 2012 421 2057 de
440 2016 568 2057 Patre
584 2047 595 2068 ,
621 2012 753 2056 homo
776 2009 830 2054 de
851 2008 1017 2067 virgine
1034 2042 1045 2063 ,
1072 2021 1186 2050 unus
1208 2014 1354 2049 tamen
1376 2013 1507 2064 atque
1534 2003 1650 2047 idern
1674 2005 1761 2047 Do-

372 2085 514 2130 minus
536 2094 580 2129 et
598 2083 785 2129 salvator
806 2083 931 2126 Jesus
955 2079 1174 2133 Christus,
1200 2076 1336 2121 Filius
1357 2076 1434 2120 Dei
1452 2110 1462 2130 ,
1488 2078 1601 2119 Deus
1623 2083 1666 2117 et
1679 2073 1762 2118 ho-

373 2170 457 2201 mo.
469 2158 493 2200 J
498 2170 660 2201 oannes
683 2169 785 2199 vero
803 2151 1051 2197 excellentis
1071 2149 1220 2208 gratiae
1240 2146 1390 2191 missus
1405 2155 1583 2190 estante
1600 2145 1758 2204 ipsum,

373 2225 641 2272 illuminatus
664 2226 719 2270 ab
737 2223 812 2270 illo
830 2223 905 2285 qui
921 2222 1071 2267 lumen
1094 2229 1171 2265 est.
1189 2222 1250 2264 De
1268 2221 1436 2262 ,Ioanne
1458 2216 1573 2261 enim
1595 2214 1762 2260 dietum

376 2307 464 2343 est:
491 2318 511 2341 «
535 2301 633 2345 Nou
655 2306 746 2341 erat
764 2295 837 2340 ille
857 2295 1008 2339 lumen
1028 2328 1038 2349 ,
1063 2291 1140 2337 sed
1161 2299 1210 2335 ut
1233 2288 1532 2334 testimonium
1556 2285 1762 2346 perhibe-

379 2388 400 2412 »
435 2381 498 2414 ret
518 2371 573 2415 de
609 2368 776 2414 lumine
797 2370 826 2411 ¹.
851 2385 871 2408 »
906 2369 1052 2410 Potest
1074 2363 1253 2424 quidem
1276 2360 1362 2405 dici
1387 2360 1563 2413 lumen,
1588 2368 1631 2403 et
1652 2358 1764 2401 bene

379 2440 535 2485 dieitur
552 2449 595 2485 et
618 2440 711 2500 ipse
732 2438 882 2483 lumen
908 2455 916 2481 ε
942 2434 1017 2480 sed
1037 2433 1333 2479 illuminatum
1349 2466 1360 2487 ,
1382 2446 1472 2476 non
1490 2429 1756 2474 illuminans.

431 2556 438 2571 ¹
455 2550 544 2580 Joan.
566 2558 590 2589 1,
607 2551 638 2581 3.
