1825 3214
270 213 309 238 ιΝ
346 212 519 239 mammis
554 210 831 238 ιῡνΑΝοειιυΜ
854 229 863 247 ,
899 212 1043 239 Times.
1085 212 1178 239 xxv.
1335 204 1415 240 287

37 295 56 318 »
90 277 243 336 pendit
270 280 436 331 Petrus,
461 279 527 320 'ru
541 291 584 320 cs
609 277 809 321 Christus
831 276 964 321 Filius
984 278 1055 320 Dei
1078 278 1203 322 vivi¹.
1222 278 1298 322 lllc
1313 278 1419 324 dixit

31 362 75 391 se
98 347 238 393 filium
264 347 474 401 Ιιοηιίηἰε,
505 355 549 390 et
584 350 734 390 Petrus
762 362 862 390 eum
896 346 1004 390 dixit
1029 347 1185 391 Filium
1215 349 1288 392 Dei
1315 348 1415 395 vivi.

30 418 205 479 Optime
227 417 299 463 ille
321 418 693 464 commemorabat
716 417 837 478 quod
861 418 1192 462 misericorditer
1210 420 1421 465 exhibue-

31 498 126 536 rat:
152 489 223 534 ille
251 490 623 535 commemorabat
660 489 782 550 quod
815 490 859 535 in
881 489 1077 537 claritate
1118 492 1414 548 permanebat.

30 563 227 609 Verbum
245 562 321 607 Dei
343 562 623 610 commendat
638 561 930 609 humilitatem
949 576 1087 617 suam,
1109 561 1240 609 homo
1263 577 1420 621 agnos-

29 633 89 678 cit
120 632 361 680 claritatem
394 634 567 679 Domini
589 633 669 677 sui.
697 635 753 677 Et
777 648 948 688 revera,
977 631 1146 686 fratres,
1180 641 1288 692 puto
1321 634 1422 692 quia

26 704 195 764 justum
213 714 277 750 est
298 724 307 751 ;
333 704 578 750 humiliavit
597 719 640 748 se
663 713 837 763 propter
860 719 954 758 nos,
985 703 1277 762 glorificemus
1298 703 1422 749 illum

33 790 127 819 nos.
148 777 247 820 Non
280 776 396 821 enim
420 775 532 821 lilius
551 775 739 820 hominis
763 784 937 834 propter
959 791 1003 820 se
1025 784 1106 830 est,
1141 774 1217 820 sed
1244 784 1423 834 propter

34 862 126 892 nos.
151 850 266 906 Ergo
307 856 401 892 erat
438 846 552 891 filius
589 847 774 892 hominis
812 846 888 892 illo
925 849 1075 903 modo,
1100 863 1199 892 cum
1227 848 1422 893 Verbum

32 933 132 964 caro
146 917 311 965 factum
329 928 410 974 est,
428 928 471 962 et
502 918 709 963 habitavit
731 919 776 962 in
810 919 952 964 nobis.
989 918 1093 964 Ideo
1114 919 1229 965 enim
1251 938 1270 963 «
1294 921 1423 965 Hune

35 1007 54 1030 n
92 993 204 1035 Deus
221 993 348 1034 Pater
370 990 570 1049 signavit.
592 1008 610 1030 »
634 991 812 1048 signare
833 988 941 1049 quid
964 998 1050 1044 est,
1088 989 1168 1036 nisi
1197 990 1423 1049 proprium

32 1059 197 1121 aliquid
220 1063 411 1121 ponere?
436 1063 528 1106 Hoc
552 1071 615 1105 est
633 1072 697 1105 est
718 1062 835 1105 enim
862 1061 1053 1119 signare,
1086 1062 1309 1121 imponere
1341 1061 1423 1106 ali-

32 1130 141 1191 quid
174 1130 296 1190 quod
320 1147 412 1176 non
437 1130 737 1176 confundatur
766 1147 866 1176 cum
896 1132 1077 1176 caeteris.
1118 1132 1324 1190 signare,
1360 1140 1425 1177 est

31 1202 201 1260 signum
232 1202 292 1247 rei
333 1217 510 1261 ponere.
539 1203 814 1262 Cuicumque
844 1202 906 1246 rei
941 1202 1066 1261 ponis
1093 1202 1290 1261 signum,
1327 1202 1425 1247 ideo

34 1273 158 1332 ponis
172 1274 362 1333 signum,
379 1288 433 1318 ne
445 1272 627 1318 confusa
643 1288 743 1317 cum
757 1272 865 1327 aliis,
884 1289 906 1317 a
926 1282 967 1318 te
979 1289 1069 1318 non
1083 1274 1216 1333 possit
1234 1274 1423 1332 agnosci.

36 1363 58 1386 «
84 1347 212 1389 Pater
231 1365 247 1386 ι
262 1359 397 1402 ergo«
413 1359 515 1388 eum
531 1344 765 1402 signavit.»
783 1342 901 1397 Quid
918 1353 999 1399 est,
1020 1363 1039 1386 «
1056 1344 1271 1402 signavit?
1286 1363 1305 1385 υ
1321 1348 1427 1389 Pro-

35 1415 177 1473 prium
195 1414 408 1475 quiddam
430 1415 490 1459 illi
508 1414 646 1469 dedit,
668 1429 722 1458 ne
754 1415 919 1460 caeteris
941 1424 1216 1473 comparetur
1238 1415 1426 1462 homini„

35 1484 132 1529 bus.
159 1484 264 1530 Ideo
292 1485 348 1529 de
377 1486 452 1530 illo
475 1485 642 1530 dictum
673 1494 750 1529 est.
777 1504 798 1528 «
822 1486 950 1530 Unxit
974 1495 1015 1530 te
1040 1489 1152 1531 Deus
1183 1488 1296 1530 Deus
1326 1494 1427 1530 tuus

38 1573 58 1596 »
94 1554 191 1601 oleo
209 1556 502 1610 exultationis,
527 1571 616 1616 prae
644 1556 879 1615 particibus
909 1555 994 1600 tuis
1009 1557 1041 1600 ².
1071 1558 1230 1615 »Ergo
1258 1556 1427 1614 signare

37 1625 145 1687 quid
163 1629 255 1672 est?
279 1631 524 1687 Exceptum
542 1628 702 1672 habere
720 1647 728 1672 :
746 1628 829 1672 hoc
851 1636 931 1682 est,
953 1643 1042 1686 prae
1064 1628 1300 1687 particibus
1322 1628 1423 1672 tuis.
1491 1688 1495 1691 .

40 1701 194 1758 Itaque
217 1698 369 1754 nolite,
395 1700 554 1759 inquit,
576 1714 646 1743 me
666 1708 963 1754 contemnere,
983 1699 1085 1759 quia
1099 1699 1214 1744 silius
1235 1715 1332 1744 sum
1343 1700 1427 1744 ho-

38 1769 105 1813 nis
131 1789 140 1814 :
165 1779 208 1814 et
229 1771 411 1830 quaerite
434 1787 457 1815 a
475 1785 544 1814 me
571 1789 591 1811 «
608 1769 756 1814 cibum
775 1785 864 1815 non
881 1769 957 1829 qui
972 1770 1100 1829 perit,
1126 1769 1202 1814 sed
1227 1770 1303 1830 qui
1326 1785 1427 1829 per-

44 1858 64 1882 »
99 1849 247 1885 manet
285 1843 331 1885 in
363 1842 496 1886 vitam
522 1850 746 1889 aeternam.
779 1859 800 1883 »
838 1841 906 1886 Sic
943 1842 1059 1887 enim
1092 1840 1207 1885 filius
1240 1841 1428 1886 hominis

41 1926 156 1967 sum,
180 1922 228 1957 ut
251 1927 340 1957 non
362 1913 440 1956 sim
459 1927 573 1956 unus
595 1927 646 1955 ex
667 1912 814 1958 vobis:
833 1912 893 1956 sic
909 1927 1005 1956 sum
1022 1910 1136 1956 filius
1156 1911 1358 1967 hominis,
1379 1921 1430 1956 ut

44 1986 171 2028 Pater
205 1987 320 2028 Deus
344 1999 413 2028 me
449 1983 652 2042 signaret.
686 1983 801 2036 Quid
831 1992 922 2038 est,
961 1984 1177 2041 signaret?
1202 1983 1429 2043 Proprium

45 2052 212 2113 aliquid
247 2054 355 2098 mihi
392 2053 539 2110 daret,
564 2069 653 2114 quo
689 2069 779 2101 non
815 2052 1109 2098 confunderer
1141 2069 1241 2098 cum
1274 2069 1430 2113 genere

44 2124 254 2180 humano,
279 2123 355 2169 sed
376 2139 452 2184 per
475 2139 544 2168 me
566 2124 822 2170 liberaretur
838 2140 973 2185 genus
993 2126 1249 2170 humanum.

104 2198 206 2241 XII.
231 2214 251 2237 «
277 2195 490 2240 Dixerunt
510 2210 614 2254 ergo
636 2194 693 2240 ad
713 2211 831 2251 eum,
852 2196 966 2249 Quid
983 2194 1190 2240 faciemus
1209 2205 1259 2240 ut
1279 2211 1432 2255 opere-

50 2285 71 2309 »
105 2282 205 2315 mur
239 2282 369 2327 opera
407 2268 554 2312 Dei3?
577 2285 597 2308 »
634 2267 806 2312 Dixerat
834 2268 946 2315 enim
977 2267 1085 2323 illis,
1123 2287 1144 2311 «
1178 2267 1431 2327 operamini

51 2354 74 2379 ιο
107 2353 264 2395 escam,
283 2353 372 2382 non
388 2354 488 2398 quae
505 2338 631 2397 perit,
649 2336 724 2382 sed
736 2353 835 2397 quae
853 2348 1080 2397 permanet
1093 2338 1139 2384 in
1151 2339 1285 2387 vitam
1303 2347 1432 2382 eeter-

51 2428 72 2452 »
107 2425 224 2455 nam.
249 2410 366 2464 Quid
388 2409 611 2465 faciemus,
632 2428 651 2452 »
678 2410 916 2469 inquiunt?
931 2410 1039 2470 quid
1056 2411 1329 2457 observando
1349 2410 1432 2454 hoc

49 2490 315 2541 praeceptum
336 2480 516 2541 implere
532 2480 800 2541 poterimus?
819 2499 839 2522 «
857 2480 1097 2542 Respondit
1113 2484 1255 2537 Jesus,
1271 2490 1314 2526 et
1327 2480 1433 2529 dixit

101 2571 110 2588 ¹
131 2565 251 2598 Matth.
268 2577 335 2607 xvx,
357 2565 410 2607 13,
426 2569 491 2598 etc.
512 2581 552 2589 —·
569 2572 582 2587 ²
601 2564 685 2597 Psal.
705 2576 791 2606 κων,
810 2567 842 2598 8.
864 2581 906 2589 -
927 2563 1043 2599 3Joan.
1062 2576 1111 2607 vx,
1134 2566 1188 2598 28.
