1809 3173
369 211 421 247 88
749 220 783 248 S.
830 218 1060 250 AUGUSTINI
1092 224 1270 252 EPlscol‘I

360 286 476 329 onim
497 293 670 329 secutus
691 286 750 330 ait
770 302 779 328 :
803 304 822 327 «
843 286 909 330 Sic
927 296 990 331 est
1007 296 1050 332 et
1071 288 1209 332 omnis
1234 289 1309 348 qui
1329 297 1454 333 natus
1484 298 1547 333 est
1568 304 1617 333 cx
1639 291 1737 349 Spi-

367 376 384 397 n
421 364 522 399 l'ltu.
547 374 567 397 ))

414 428 490 469 VI.
516 444 536 467 «
556 425 798 485 Respondit
821 426 1098 483 Nicodemus,
1119 437 1162 472 et
1184 429 1291 473 dixit
1310 429 1363 484 ei,
1383 429 1615 483 Quomodo
1639 445 1743 490 pos-

362 515 381 538 »
417 505 518 540 sunt
538 496 632 539 haec
665 496 815 540 fieri1‘?
841 515 859 537 »
886 500 943 541 Et
965 513 1112 542 revera
1140 498 1384 555 carnaliter,
1409 516 1498 543 non
1526 499 1743 559 intellige-

362 568 452 611 bat.
478 570 528 611 In
550 566 625 611 illo
646 566 778 611 fiebat
800 567 921 628 quod
942 567 1106 613 dixerat
1128 570 1353 624 Dominus,
1378 585 1530 614 vocem
1563 570 1746 629 Spiritus

359 637 580 692 audiebat,
613 646 656 681 et
673 637 893 682 nesciebat
914 638 1033 682 unde
1057 648 1250 694 venerat,
1282 649 1324 682 et
1346 655 1434 699 quo
1459 641 1563 684 ibat.
1594 659 1613 681 «
1642 644 1746 684 Res-

362 727 382 751 »
418 707 573 768 pondit
594 710 734 762 Jesus,
775 717 818 751 et
839 709 945 751 dixit
965 709 1003 752 ei
1023 728 1030 753 :
1052 712 1116 752 Tu
1139 724 1181 753 cs
1217 709 1419 767 magister
1444 709 1488 753 in
1531 710 1678 765 Israel,
1704 719 1747 754 ct

360 798 380 821 »
415 780 510 822 haec
528 779 722 836 ignoras²
738 778 988 832 POfratres,
1014 779 1137 839 quid,
1169 788 1372 837 putamus
1394 780 1626 824 Dominum
1645 781 1747 823 huic

354 850 560 908 magistro
604 848 858 892 Judaeorum
899 849 1021 908 quasi
1060 847 1270 892 insultare
1311 848 1524 893 voluisse?
1560 853 1748 895 Noverat

356 921 567 964 Dominus
608 918 715 978 quid
755 919 927 977 agebat,
968 918 1143 963 volebat
1174 919 1299 963 illum
1336 921 1452 964 nasci
1474 935 1526 963 ex
1567 921 1745 980 Spiritu.

357 993 493 1036 Nemo
522 1005 574 1033 ex
597 989 758 1048 Spiritu
794 991 999 1045 nascitur,
1025 991 1106 1034 nisi
1136 990 1311 1034 humilis
1347 989 1506 1034 fuerit:
1535 992 1636 1051 quia
1659 992 1749 1050 ipsa

357 1060 579 1106 humilitas
602 1059 704 1104 facit
743 1076 822 1105 nos
842 1061 960 1105 nasci
981 1061 1036 1105 de
1062 1062 1221 1121 Spiritu
1241 1083 1251 1119 3
1277 1062 1378 1121 quia
1416 1077 1552 1121 prope
1574 1072 1638 1106 est
1660 1065 1749 1106 Do-

359 1132 502 1176 minus
525 1131 695 1177 obtritis
715 1131 861 1176 corde.
891 1131 969 1175 Ille
993 1133 1239 1191 magisterio
1264 1133 1440 1177 inflatus
1463 1142 1570 1188 erat,
1603 1142 1646 1177 et
1669 1133 1749 1177 ali-

360 1205 483 1262 cujus
506 1202 717 1247 momenti
740 1203 821 1247 sibi
843 1218 931 1247 esse
966 1203 1211 1259 videbatur,
1249 1205 1349 1264 quia
1373 1204 1524 1248 doctor
1556 1214 1648 1248 erat
1669 1207 1691 1248 J
1698 1221 1751 1248 u-

363 1275 559 1318 daeorum
581 1293 590 1318 ι
616 1273 796 1334 deponit
830 1275 868 1317 ei
886 1275 1150 1334 superbiam,
1184 1285 1234 1331 ut
1262 1275 1395 1335 possit
1417 1276 1535 1320 nasci
1569 1276 1623 1320 de
1662 1277 1753 1336 Spi-

360 1347 447 1389 ritu
475 1364 483 1389 :
509 1345 689 1389 insultat
725 1341 933 1405 tanquam
963 1346 1141 1391 indocto
1162 1368 1172 1405 3
1194 1362 1282 1391 non
1314 1348 1416 1407 quia
1443 1347 1638 1406 superior
1658 1347 1754 1391 vult

362 1415 499 1460 videri
522 1416 745 1460 Dominus.
763 1417 875 1470 Quid
894 1433 1102 1476 magnum
1126 1421 1238 1462 Deus
1262 1419 1316 1461 ad
1335 1418 1573 1472 hominem,
1596 1419 1754 1462 veritas

367 1486 421 1530 ad
452 1486 760 1531 mendacium?
798 1489 938 1547 Major
970 1488 1167 1532 Christus
1198 1504 1329 1549 quam
1366 1488 1629 1534 Nicodemus
1666 1489 1753 1533 dici

368 1557 515 1612 debet,
551 1556 636 1602 dici
668 1567 826 1617 potest,
857 1559 1138 1617 cogitandum
1180 1561 1272 1603 est?
1302 1561 1343 1604 Si
1372 1559 1590 1603 diceretur
1618 1561 1754 1619 major

363 1627 560 1672 Christus
578 1644 709 1688 quam
738 1627 910 1687 Angeli,
936 1628 1167 1672 ridendum
1191 1638 1282 1673 erat
1307 1648 1315 1673 ε
1354 1629 1754 1688 incomparabiliter

363 1698 480 1741 enim
498 1700 635 1758 major
647 1699 766 1743 omni
782 1708 993 1754 creatura,
1011 1714 1087 1758 per
1105 1714 1236 1759 quem
1256 1698 1369 1743 facta
1386 1692 1455 1742 'est
1477 1699 1616 1743 omnis
1638 1715 1753 1744 crea-

366 1777 478 1813 tura.
507 1767 590 1813 Sed
608 1770 793 1827 exagitat
814 1768 1062 1828 superbiam
1082 1769 1270 1813 hominis
1297 1788 1305 1813 :
1335 1788 1354 1811 «
1383 1772 1449 1813 Tu
1481 1785 1524 1813 es
1552 1770 1755 1828 magister

371 1859 391 1882 »
427 1841 472 1883 in
496 1839 641 1894 Israel,
680 1848 722 1883 et
751 1840 845 1883 haec
880 1839 1080 1897 ignoras?
1115 1857 1135 1880 »
1170 1842 1395 1898 Tanquam
1437 1838 1599 1894 dicens,
1641 1843 1754 1884 Ecce

368 1910 476 1956 nihil
499 1910 629 1965 nosti,
650 1910 849 1969 princeps
871 1909 1098 1968 superbus,
1120 1924 1292 1952 nascere
1307 1924 1357 1952 ex
1373 1909 1533 1968 Spiritu
1558 1928 1566 1953 :
1587 1909 1620 1953 si
1639 1910 1754 1953 enim

372 1991 500 2026 natus
515 1980 646 2025 fueris
668 1996 719 2024 ex
744 1981 921 2040 Spiritu,
941 1981 1030 2025 vias
1052 1979 1128 2023 Dei
1152 1980 1334 2035 tenebis,
1352 1988 1402 2023 ut
1423 1979 1581 2024 Christi
1605 1981 1755 2024 humi-

371 2053 538 2097 litatem
556 2051 762 2111 sequaris.
786 2052 852 2095 Sic
871 2051 986 2094 enim
1009 2050 1119 2094 altus
1142 2059 1205 2095 est
1222 2066 1351 2110 super
1373 2065 1521 2095 omnes
1545 2050 1750 2110 Angelos,

373 2125 473 2184 quia
497 2142 517 2165 «
542 2125 655 2168 Cum
681 2123 727 2166 in
755 2120 891 2166 forma
921 2122 996 2166 Dei
1019 2131 1143 2177 esset,
1183 2137 1272 2166 non
1305 2122 1498 2181 rapinam
1522 2122 1754 2167 arbitratus

377 2212 397 2235 »
433 2202 497 2237 est
523 2208 612 2237 esse
634 2208 677 2237 se
707 2191 921 2252 aequalem
949 2194 1065 2249 Deo,
1098 2191 1173 2235 sed
1206 2192 1484 2250 semetipsum
1519 2191 1754 2237 exinanivit

376 2283 396 2305 »
432 2262 614 2308 formam
630 2263 738 2307 servi
761 2262 987 2321 accipiens,
1010 2263 1054 2304 in
1074 2260 1399 2306 similitudinem
1417 2262 1642 2306 hominum
1662 2261 1754 2307 fac-

373 2353 395 2377 »
430 2343 515 2388 tus,
532 2342 575 2377 et
585 2333 739 2377 habitu
756 2333 957 2377 inventus
972 2341 1020 2376 ut
1037 2333 1169 2377 homo
1185 2353 1195 2390 3
1210 2333 1453 2376 humiliavit
1470 2334 1752 2393 semetipsum

375 2424 395 2447 »
431 2404 570 2449 factus
593 2404 800 2449 obediens
822 2419 959 2463 usque
972 2403 1027 2448 ad
1050 2413 1249 2459 mortem,
1274 2406 1347 2461 (et
1369 2419 1423 2447 ne
1443 2405 1592 2449 mortis
1615 2419 1751 2463 genus

371 2496 390 2517 »
426 2476 506 2521 tibi
520 2474 697 2536 aliquod
714 2475 926 2535 placeat,)
947 2484 1131 2520 mortem
1155 2484 1300 2520 autem
1321 2476 1456 2520 crucis
1472 2477 1504 2520 3.
1529 2494 1549 2517 »
1575 2475 1748 2520 Pende-

419 2569 426 2584 ¹
449 2564 538 2594 Joan.
559 2572 611 2601 m,
629 2572 661 2603 9.
684 2578 724 2585 —-
742 2567 753 2583 2
769 2561 849 2595 Ibid.
870 2572 921 2594 10.
942 2578 982 2584 ·-
1004 2560 1016 2585 3
1035 2560 1147 2603 Philip.
1167 2572 1201 2601 n,
1218 2561 1251 2593 6.
