1825 3214
0 3046 2 3131 i

282 231 322 255 ιΝ
357 228 530 256 JoANMs
564 227 870 265 ΕνΛιωιῑωυιι,
907 229 1051 256 'mac-r.
1092 232 1201 256 xxxi.
1334 221 1417 257 3:23

36 308 134 352 qum
155 307 276 337 suam
310 293 614 352 :egritudinem
645 293 730 337 cito
767 293 901 347 vidit,
945 304 986 338 ct
1017 294 1128 338 illius
1163 294 1421 340 medicinam

36 364 128 407 sine
149 363 356 408 dilatione
377 364 593 422 cognovit.
614 362 890 422 videtequid
909 364 986 406 sihi
1011 364 1163 409 dixerit
1184 367 1309 410 turba
1333 368 1422 426 ipsa

37 444 254 480 commota
288 433 518 479 miraculis.
555 454 574 476 «
607 434 832 495 Numquid
861 435 1058 479 Christus
1088 452 1187 480 cum
1227 439 1420 494 venerit,

39 523 58 546 »
97 505 219 564 plura
242 506 362 564 signa
395 506 592 551 facturus
621 508 712 550 cst?
738 524 757 546 ι)
788 506 946 566 Utique
967 508 1001 550 si
1030 508 1119 552 duo
1147 523 1235 552 non
1266 519 1420 565 erunt,

36 576 105 620 liic
121 586 196 620 est.
223 576 515 622 Crediderunt
537 593 640 636 ergo
663 578 706 620 in
729 592 830 621 eum
853 577 1046 622 dicentes
1069 579 1162 623 ista.

97 650 218 691 vlu.
248 648 466 708 Principes
488 664 590 693 vero
605 648 667 692 illi
689 648 836 693 audita
861 649 1156 694 multitudinis
1179 650 1280 705 fide,
1308 660 1350 694 et
1370 666 1421 696 eo

38 734 262 763 murmure
284 736 373 780 quo
396 721 590 765 Christus
622 720 966 778 glorificabatur,
998 740 1017 763 «
1042 722 1253 766 Miserunt
1275 723 1424 766 minis-

41 809 60 831 »
97 799 200 843 tros,
216 800 264 834 ut
279 792 656 850 apprehenderent
677 807 775 836 eum
789 795 999 846 ¹.»Quem
1019 793 1426 853 apprehenderent?

39 862 196 906 Adhuc
219 863 435 907 nolentem
450 866 467 906 Ρ
485 864 595 916 Quia
617 878 717 921 ergo
752 880 839 908 non
871 874 1071 924 poterant
1099 866 1426 925 apprehendere

39 932 279 989 nolentem,
304 935 420 978 missi
454 944 555 978 sunt
589 944 638 979 ut
665 935 892 979 audierent
930 935 1175 980 docentem.
1209 937 1327 990 Quid
1349 938 1428 982 do-

40 1007 241 1049 centem?
267 1024 286 1047 «
314 1005 425 1050 Dicit
449 1021 551 1064 ergo
571 1009 709 1061 Jesus,
733 1006 888 1051 Adhuc
909 1007 1129 1052 modicum
1153 1018 1324 1068 tempus
1346 1025 1425 1054 vo-

45 1094 64 1116 »
101 1076 268 1120 hiscum
292 1080 428 1120 sum‘2.
460 1095 478 1117 υ
503 1078 633 1129 Quod
656 1078 787 1122 modo
804 1077 936 1121 vultis
954 1077 1110 1132 facere,
1136 1078 1292 1122 facturi
1310 1082 1425 1134 estis,

43 1146 117 1190 sed
135 1163 223 1191 non
246 1147 378 1191 modo
396 1167 404 1191 ;
421 1148 522 1207 quia
540 1147 671 1192 modo
694 1147 811 1192 nolo.
829 1151 972 1201 Quare
989 1149 1133 1193 adhuc
1147 1151 1279 1194 modo
1297 1151 1431 1195 nolo?

43 1217 143 1276 quia
174 1236 192 1258 «
214 1217 357 1262 adhuc
387 1217 608 1262 modicum
637 1227 808 1278 tempus
837 1219 1062 1263 vobiscum
1087 1235 1183 1263 sum
1211 1240 1218 1265 :
1254 1230 1296 1265 et
1328 1230 1430 1266 tunc

48 1306 67 1329 »
103 1287 215 1332 vado
238 1289 291 1334 ad
316 1305 416 1333 eum
438 1290 514 1350 qui
536 1305 607 1334 me
628 1289 758 1333 misit.
787 1308 806 1331 »
835 1289 1021 1350 Implere
1043 1290 1184 1336 debeo
1206 1291 1431 1352 dispensa-

46 1359 210 1404 tionem
226 1375 384 1415 meam,
410 1368 452 1404 et
473 1361 532 1404 sic
553 1360 778 1419 pervenire
802 1360 855 1404 ad
879 1361 1121 1420 passionem
1139 1378 1296 1406 meam.

106 1431 184 1473 IX.
216 1449 236 1471 «
254 1430 466 1483 Quaeretis
490 1446 580 1485 me,
606 1439 649 1475 et
663 1445 752 1474 non
774 1431 1025 1488 invenietis,
1051 1441 1094 1475 et
1115 1432 1192 1475 ubi
1215 1449 1311 1477 sum
1326 1448 1431 1491 ego,

49 1518 68 1541 »
103 1515 179 1546 vos
215 1516 304 1545 non
342 1501 522 1560 potestis
563 1501 752 1545 veniress.
792 1519 811 1541 »
840 1502 920 1545 Hic
942 1502 1032 1561 jam
1072 1504 1432 1548 resurrectionem

47 1586 167 1615 suam
190 1571 389 1631 praedixit
416 1591 423 1616 :
450 1570 687 1616 noluerunt
708 1572 823 1614 enim
844 1587 1076 1630 agnoscere
1099 1583 1371 1632 praesentem,
1393 1584 1436 1618 et

47 1651 194 1700 postea
217 1642 504 1702 quaesierunt,
536 1656 633 1685 cum
658 1641 860 1685 viderunt
894 1642 938 1685 in
975 1657 1075 1686 eum
1105 1642 1435 1688 multitudinem

42 1712 131 1771 jam
151 1712 415 1756 credentem.
442 1715 598 1770 Magna
621 1711 737 1755 enim
759 1712 878 1770 signa
903 1712 1014 1757 facta
1036 1722 1151 1768 sunt,
1180 1715 1309 1758 etiam
1333 1731 1434 1759 cum

48 1783 259 1826 Dominus
277 1783 524 1837 resurrexit,
540 1791 583 1826 et
596 1771 848 1826 ascendit'm
865 1782 1044 1827 coelum.
1064 1787 1185 1828 Tunc
1207 1800 1283 1844 per
1304 1784 1436 1830 disci-

48 1852 175 1912 pulos
196 1853 309 1898 facta
329 1863 429 1898 sunt
444 1869 622 1912 magna,
642 1852 717 1897 sed
739 1851 812 1896 ille
829 1868 905 1912 per
917 1854 1029 1909 illos,
1050 1856 1126 1914 qui
1141 1864 1184 1898 et
1209 1871 1285 1915 per
1304 1872 1348 1900 se
1370 1857 1436 1916 ip-

50 1940 145 1969 sum
163 1944 173 1970 ι
197 1925 288 1984 ipse
309 1926 471 1984 quippe
491 1924 575 1967 illis
588 1924 755 1968 dixerat
777 1943 785 1968 ;
806 1943 826 1966 «
846 1924 946 1969 Sine
960 1940 1029 1969 me
1050 1926 1158 1969 nihil
1173 1928 1350 1986 potestis
1369 1927 1437 1972 fa—

54 2015 73 2037 »
110 2012 206 2040 cere
220 1998 251 2039 ⁴.
273 2014 292 2036 ι)
311 1996 498 2049 Quando
514 1994 695 2040 claudus
716 1995 788 2039 ille
806 1997 882 2055 qui
906 1995 1083 2041 sedebat
1101 1997 1154 2041 ad
1171 2008 1358 2057 portam,
1382 1998 1438 2043 ad

51 2082 202 2112 vocem
235 2067 349 2111 Petri
381 2066 585 2121 surrexit,
612 2075 655 2109 et
677 2066 761 2110 suis
792 2066 977 2125 pedibus
1005 2068 1268 2124 ambulavit,
1295 2070 1353 2114 ita
1389 2079 1438 2114 ut

51 2139 248 2183 homines
266 2138 544 2191 mirarentur,
568 2138 625 2181 sic
643 2151 714 2181 eos
733 2137 947 2182 allocutus
962 2147 1025 2182 est
1040 2142 1208 2195 Petrus,
1229 2141 1330 2201 quia
1348 2157 1439 2186 non

53 2209 98 2252 in
120 2223 195 2252 sua
210 2217 423 2268 potestate
444 2207 523 2251 ista
546 2206 664 2261 fecit,
690 2206 765 2251 sed
786 2207 831 2251 in
855 2208 1015 2252 virtute
1037 2208 1151 2254 illius
1167 2245 1177 2265 ,
1204 2226 1335 2270 quem
1357 2211 1438 2270 ipsi

54 2280 349 2324 occiderunt⁵.
389 2278 518 2323 Multi
552 2279 803 2337 compuncti
835 2278 1062 2335 dixerunt,
1105 2300 1123 2322 «
1158 2281 1275 2334 Quid
1307 2280 1440 2326 facie-

57 2369 76 2390 »
114 2351 270 2394 mus⁰P
291 2367 311 2390 »
349 2348 566 2392 Viderunt
593 2349 708 2392 enim
737 2364 781 2392 se
812 2349 979 2408 ingenti
1007 2352 1185 2395 crimine
1207 2353 1439 2411 impietatis

55 2421 278 2476 astrictos,
315 2419 494 2479 quando
522 2420 648 2464 illum
681 2418 956 2476 occiderunt,
998 2437 1129 2482 quem
1163 2424 1359 2467 venerari
1397 2433 1440 2468 et

81 2533 84 2536 >
121 2526 128 2542 ¹
150 2521 239 2550 Joan.
261 2529 319 2559 vn>
345 2518 396 2549 32.
427 2534 467 2540 —·
484 2524 497 2540 ²
517 2516 596 2549 lbid.
621 2517 674 2549 33.
691 2534 732 2539 —
761 2515 872 2551 ³1bid.
901 2517 953 2559 34.
976 2536 1016 2541 —-
1038 2516 1052 2542 ⁶
1077 2521 1120 2551 td.
1149 2531 1199 2561 xv,
1221 2521 1251 2552 5.
1273 2537 1310 2542 -
1330 2519 1343 2543 5
1363 2523 1435 2553 Act.

58 2583 176 2616 ni,12.
200 2591 241 2597 —-
259 2572 395 2614 6Ιι1.ιι,
417 2574 468 2616 37.

273 2639 410 2669 cxxu.
1252 2631 1303 2669 23
