1809 3173
326 148 408 185 322
755 158 788 184 s.
824 155 1054 186 Aucus'nm
1085 159 1264 186 Emscom

319 221 527 281 passionis
549 220 685 264 sancti
708 221 834 278 Xysti
851 256 862 277 ,
893 232 936 266 et
954 222 1072 268 diem
1093 222 1317 267 hodiernae
1345 221 1549 281 passionis
1565 221 1701 265 sancti

322 291 559 335 Laurentii.
589 289 799 335 Triduum
831 301 895 337 est
916 292 1125 337 medium.
1152 295 1189 337 O
1215 291 1477 338 consolatio!
1504 307 1593 335 non
1614 291 1700 346 ait,

321 360 417 406 Noli
438 376 621 406 moerere
643 361 703 406 fili
720 397 731 417 ‚
751 362 918 407 desinet
939 364 1195 422 persecutio,
1216 373 1258 407 et
1279 377 1454 408 securus
1475 362 1582 406 eris:
1605 361 1697 415 sed,

322 431 420 476 Noli
446 447 653 487 moerere,
675 447 764 492 quo
786 447 865 491 ego
886 434 1086 492 praecedo
1106 467 1117 488 ‚
1142 442 1192 476 tu
1207 432 1424 493 sequeris3
1449 447 1528 476 nec
1549 445 1703 476 conse-

323 501 441 546 cutio
465 510 540 546 tua
563 500 766 546 differtur
785 521 794 547 z
817 502 1009 549 triduum
1027 501 1221 546 medium
1238 502 1332 556 erit,
1348 511 1391 546 et
1415 516 1588 546 mecum
1605 500 1700 545 eris.

323 570 503 632 Accepit
538 571 764 617 oraculum
781 606 793 628 ‚
825 572 930 617 vicit
965 571 1191 617 diabolum
1206 605 1217 627 ,
1242 571 1442 631 pervenit
1469 572 1524 616 ad
1549 571 1704 616 trium-

322 640 475 701 phum.

325 807 465 824 mmm

678 806 747 823 ww

1102 806 1702 824 mmmmmwmmmm

667 956 1073 1004 TRACTATUS
1107 959 1307 1004 XXVIII
1329 962 1361 1001 ¹.

323 1127 392 1173 Ab
414 1142 465 1172 eo
486 1126 584 1172 loco
619 1127 843 1187 Evangelii
875 1146 884 1173 :
909 1127 981 1172 Et
997 1137 1108 1188 post
1130 1126 1233 1173 lzcec·
1252 1125 1539 1173 ambulabat
1566 1125 1707 1172 Jesus

383 1198 431 1242 ιή
470 1196 730 1242 Galz‘loeam
760 1217 769 1243 ;
797 1213 933 1258 usque
966 1199 1019 1241 ad
1053 1198 1127 1253 id,
1152 1198 1313 1245 Nemo
1348 1208 1509 1242 tamen
1536 1196 1708 1257 palam

386 1266 672 1326 loquebatur
691 1267 750 1313 de
774 1284 851 1325 eo,
867 1278 1067 1328 propter
1085 1278 1262 1313 metum
1278 1267 1318 1315 J
1314 1267 1574 1313 udoeorum.

384 1405 418 1446 I.
445 1405 498 1446 In
520 1403 601 1446 isto
626 1401 854 1461 Evangelii
885 1402 1099 1462 capitulo,
1121 1401 1274 1448 fratres
1293 1438 1304 1460 ‚
1332 1403 1541 1448 Dominus
1563 1413 1708 1448 noster

319 1473 447 1518 'Iesus
465 1473 661 1518 Christus
680 1472 920 1518 secundum
936 1474 1158 1518 hominem
1176 1490 1219 1519 se
1237 1475 1473 1535 plurimum
1491 1490 1708 1519 commen-

323 1543 443 1590 davit
466 1543 567 1588 fidei
589 1554 763 1588 nostrae.
778 1545 950 1588 Etenim
973 1560 1140 1604 semper
1163 1546 1244 1590 hoc
1268 1546 1355 1604 agit
1372 1546 1498 1590 dictis
1522 1555 1565 1589 et
1585 1545 1708 1589 factis

324 1617 409 1660 suis
425 1651 436 1671 ,
459 1625 509 1660 ut
536 1619 649 1660 Deus
671 1615 871 1660 credatur
894 1624 936 1659 et
955 1616 1087 1660 homo
1109 1636 1118 1661 :
1143 1620 1256 1661 Deus
1278 1617 1354 1677 qui
1375 1632 1452 1661 nos
1474 1615 1598 1670 fecit,
1625 1616 1705 1660 ho-

325 1702 395 1731 mo
413 1687 488 1746 qui
509 1702 587 1731 nos
606 1687 803 1748 quaesivit
822 1706 832 1732 2
857 1690 972 1731 Deus
993 1702 1094 1731 cum
1114 1690 1238 1731 Patre
1254 1702 1422 1746 semper
1442 1722 1453 1742 ‚
1477 1687 1609 1730 homo
1626 1701 1708 1730 no-

323 1757 492 1801 biscum
516 1773 566 1800 ex
604 1767 813 1816 tempore.
853 1759 950 1802 Non
985 1757 1100 1801 enim
1122 1767 1336 1817 quaereret
1365 1773 1496 1818 quem
1521 1755 1704 1811 fecerat,

323 1828 403 1872 nisi
420 1829 542 1871 fleret
564 1828 653 1887 ipse
671 1827 790 1888 quod
809 1826 982 1871 fecerat.
1006 1829 1167 1872 Verum
1189 1829 1272 1873 hoc
1289 1836 1570 1883 mementote,
1595 1836 1638 1871 et
1654 1825 1709 1870 de

323 1898 526 1945 cordibus
544 1900 692 1944 vestris
715 1897 849 1942 nolite
873 1897 1107 1954 dimittere,
1132 1899 1192 1942 sic
1212 1914 1301 1943 esse
1319 1899 1540 1943 Christum
1565 1897 1708 1941 homi-

322 1987 423 2015 nem
443 1971 609 2016 factum
623 2007 638 2028 ,
663 1982 713 2015 ut
744 1986 834 2014 non
869 1969 1082 2013 destiterit
1115 1973 1226 2014 Deus
1248 1985 1350 2014 esse.
1382 1973 1562 2014 Manens
1595 1972 1709 2013 Deus

324 2044 489 2102 accepit
520 2043 744 2087 hominem
761 2077 772 2097 ‚
810 2040 885 2102 qui
918 2039 1019 2084 fecit
1040 2041 1276 2084 hominem.
1304 2040 1491 2093 Quando
1514 2054 1616 2099 ergo
1638 2038 1704 2082 la-

324 2116 408 2159 tuit
430 2125 479 2160 ut
511 2116 670 2170 1]οωος
694 2130 783 2159 non
819 2113 1057 2173 potentiam
1093 2111 1329 2172 perdidisse
1359 2111 1579 2171 putandus
1616 2121 1702 2168 est,

323 2186 398 2229 sed
418 2185 662 2244 exemplum
682 2183 923 2229 infirmitati
939 2182 1187 2242 praebuisse.
1206 2182 1283 2226 Ille
1301 2184 1415 2227 enim
1439 2183 1615 2243 quando
1637 2198 1712 2227 vo-

323 2254 406 2298 luit
421 2254 623 2299 detentus
646 2265 730 2310 est)
755 2253 933 2315 quando
954 2253 1091 2298 voluit
1106 2253 1268 2298 occisus
1291 2263 1368 2298 est.
1395 2254 1480 2298 Sed
1497 2253 1706 2314 quoniam

324 2327 473 2371 futura
498 2336 619 2371 erant
657 2328 853 2370 membra
877 2327 988 2385 ejus,
1014 2324 1059 2368 id
1082 2335 1145 2369 est
1163 2360 1173 2379 ‚
1207 2324 1354 2369 fideles
1377 2326 1470 2385 ejus
1486 2361 1496 2381 ‚
1521 2325 1596 2385 qui
1619 2340 1709 2370 non

325 2397 537 2442 haberent
558 2397 675 2441 illam
698 2405 955 2456 potestatem
982 2409 1113 2455 quam
1148 2395 1337 2440 habebat
1364 2396 1454 2455 ipse
1478 2399 1590 2441 Deus
1607 2411 1709 2441 nos-

374 2500 382 2517 ¹
404 2493 538 2526 Habitus
555 2493 607 2526 die
621 2492 764 2535 proximo
778 2497 853 2525 ante
870 2494 1011 2524 Tractat.
1032 2490 1157 2533 subseq.
