1825 3214
253 236 292 260 m
328 235 501 262 waimis
537 235 837 275 evAn·‹:i-:r11.u,
874 244 1017 268 1111101.
1057 245 1185 271 xxxii.
1328 238 1410 275 365

33 315 51 337 υ
88 297 179 341 l'usa
199 308 261 342 est
285 301 325 343 in
350 301 553 346 cordibus
576 305 750 360 nostris,
773 321 848 365 per
872 309 1076 367 Spiritum
1099 323 1317 370 sanctum,
1337 316 1412 375 qui

30 385 49 407 »
86 366 211 411 datus
234 379 296 413 est
318 372 479 414 nobis¹.
510 391 529 412 »

92 440 164 481 lX.
192 444 331 492 Quare
353 457 455 500 ergo
480 444 688 488 Dominus
718 446 946 506 Spiritum,
977 452 1098 510 cujus
1128 455 1310 499 maxima
1336 458 1411 500 be-

26 508 178 553 neficia
201 511 362 555 suntin
386 513 533 567 nobis,
560 515 660 574 quia
680 517 864 562 charitas
885 519 960 562 Dei
989 535 1064 579 per
1094 523 1229 581 ipsum
1255 526 1410 572 dill'usa

27 581 156 624 estin
181 582 386 628 cordibus
425 586 601 640 nostris,
644 598 739 648 post
773 592 1129 637 resurrectionem
1167 612 1288 640 suam
1311 599 1414 642 dare

27 650 194 695 voluit?
216 653 322 713 quid
344 655 625 713 significavit?
649 661 701 702 Ut
730 660 773 704 in
806 665 1118 709 resurrectione
1146 677 1288 712 nostra
1312 671 1414 714 cha-

28 721 127 765 ritas
149 734 293 768 nostra
314 726 481 784 flagret,
503 737 545 771 et
576 728 630 772 ab
666 745 811 775 amore
841 734 986 778 saeculi
1021 748 1216 796 separet,
1253 749 1301 784 ut
1324 750 1413 785 tota

26 803 173 838 currat
206 794 248 838 in
281 799 432 841 Deum.
463 800 541 843 llic
570 801 684 844 enim
723 804 959 860 nascimur,
990 817 1032 851 et
1062 810 1294 867 morimur,
1332 814 1414 858 hoc

27 879 116 908 non
137 880 330 910 amemus
353 887 361 911 ε
387 868 596 914 charitate
620 872 875 930 migremus,
906 877 1112 924 charitate
1134 896 1305 926 sursum
1334 884 1414 927 ha-

27 934 237 993 bitemus,
257 937 467 983 charitate
485 939 554 984 illa
579 958 664 1001 qua
683 943 902 1003 diligimus
924 950 1075 993 Deum.
1095 951 1210 996 Nihil
1233 952 1350 998 aliud
1370 955 1415 998 in

27 1003 106 1049 hac
124 1005 223 1050 vitae
246 1010 814 1070 nostrae'peregrinationem
839 1018 1122 1076 meditemur,
1149 1023 1226 1067 nisi
1247 1026 1348 1084 quia
1372 1035 1415 1069 et

25 1075 95 1120 hic
117 1092 205 1121 non
227 1093 394 1138 semper
424 1081 603 1136 erimus,
630 1094 672 1127 et
694 1084 753 1127 ibi
775 1087 898 1131 nobis
926 1089 1071 1134 locum
1095 1092 1205 1137 bene
1228 1095 1414 1140 vivendo

26 1148 387 1207 praeparabimus,
406 1152 523 1195 unde
546 1169 769 1214 nunqnam
798 1158 1043 1215 migremus.
1070 1165 1276 1209 Dominus
1297 1167 1410 1210 enim

27 1227 172 1262 noster
200 1222 322 1264 Jesus
345 1221 562 1278 Christus,
590 1234 734 1283 postea
759 1243 889 1286 quam
915 1234 1170 1288 resurrexit,
1203 1237 1293 1295 jam
1326 1254 1414 1282 non

28 1291 210 1334 moritur
226 1327 235 1345 ‚
262 1308 375 1337 mors
393 1293 452 1337 illi
477 1294 612 1351 ultra,
638 1297 748 1341 sicut
771 1302 1004 1358 Apostolus
1019 1303 1145 1361 dicit,
1168 1322 1255 1351 non
1280 1308 1414 1354 domi-

28 1361 244 1406 nabitur2.
280 1366 393 1408 Ecce
417 1365 536 1424 quod
575 1382 781 1412 amemus.
812 1370 850 1413 Si
883 1372 1091 1429 vivimus,
1129 1377 1161 1420 si
1194 1378 1237 1420 111
1271 1379 1413 1438 ipsum

27 1433 242 1478 credimus
266 1436 340 1495 qui
364 1438 619 1495 resurrexit,
641 1438 762 1484 dabit
780 1442 922 1498 nobis,
944 1460 1031 1488 non
1047 1448 1163 1506 quod
1182 1449 1250 1493 hic
1269 1463 1415 1497 amant

27 1504 249 1560 homines,
277 1506 352 1565 qui
379 1510 515 1551 Deum
539 1524 626 1553 non
650 1521 816 1567 amant,
854 1524 928 1557 aut
958 1525 1079 1561 tanto
1101 1518 1198 1577 plus
1235 1533 1411 1579 amant,

28 1585 192 1634 quanto
210 1576 335 1621 illum
352 1579 496 1623 minus
511 1590 655 1625 amant
673 1601 680 1626 :
700 1591 819 1628 tanto
837 1594 980 1629 autem
999 1588 1080 1632 hoc
1092 1590 1234 1636 minus
1248 1604 1411 1650 amant,

28 1655 194 1705 quanto
226 1646 349 1691 illum
367 1648 464 1708 plus
487 1661 648 1695 amant.
678 1652 760 1697 Sed
785 1654 1007 1702 videamus
1030 1659 1138 1719 quid
1163 1663 1288 1708 nobis
1310 1680 1414 1724 pro-

30 1715 144 1760 misit
182 1736 190 1762 :
225 1734 315 1762 non
343 1718 512 1764 divitias
541 1730 730 1767 terrenas
759 1734 801 1768 et
832 1729 1108 1787 temporales,
1148 1748 1236 1777 non
1271 1735 1414 1781 hono-

29 1801 92 1829 res
113 1796 156 1831 et
177 1797 411 1847 potestates
440 1791 484 1834 in
507 1792 665 1837 saeculo
688 1795 769 1839 isto
797 1815 803 1839 :
830 1796 983 1843 videtis
1009 1802 1123 1845 enim
1150 1806 1294 1849 omnia
1321 1807 1414 1852 haec

30 1855 122 1900 dari
159 1867 202 1901 et
224 1858 474 1904 hominibus
497 1862 640 1917 malis,
680 1880 736 1907 ne
765 1868 909 1924 magni
941 1870 1190 1928 pendantur
1219 1891 1241 1919 a
1271 1876 1410 1922 bonis.

28 1929 127 1972 Non
158 1928 293 1988 ipsam
329 1940 548 1990 postremo
571 1936 762 1994 corporis
792 1939 1019 1985 sanitatem
1049 1959 1168 1989 :non
1191 1947 1293 2006 quia
1327 1949 1416 2008 ipse

29 1998 148 2043 illam
174 2015 264 2044 non
286 1999 382 2057 dat,
424 2002 499 2046 sed
528 2004 630 2064 quia
660 2014 710 2049 ut
737 2006 892 2052 videtis
926 2013 1156 2070 pecoribus
1193 2016 1282 2062 dat.
1319 2021 1416 2065 Non

30 2069 163 2113 vitam
197 2070 388 2129 longam.
429 2072 541 2125 Quid
574 2084 637 2119 est
667 2077 782 2120 enim
815 2078 996 2139 longum
1027 2087 1147 2144 quod
1180 2088 1418 2149 aliquando

31 2139 182 2183 finitur
198 2141 216 2184 Ρ
232 2143 329 2185 Non
357 2157 436 2201 pro
467 2159 626 2203 magno
650 2146 776 2191 nobis
798 2150 1078 2199 credentibus
1101 2159 1299 2216 promisit
1318 2160 1418 2206 lon-

33 2211 276 2270 gaevitatem
294 2247 304 2263 ‚
329 2223 405 2258 aut
424 2213 690 2275 decrepitam
713 2231 980 2267 senectutem
999 2247 1009 2283 3
1029 2243 1161 2287 quam
1178 2246 1327 2278 omnes
1345 2250 1420 2294 op-

33 2289 128 2325 tant
149 2290 382 2343 antequam
404 2285 572 2341 veniat,
595 2303 742 2333 omnes
764 2290 818 2335 de
831 2292 903 2338 illa
918 2311 1017 2340 cum
1036 2301 1202 2346 venerit
1221 2319 1420 2350 murmu-

32 2361 145 2396 rant.
171 2355 268 2398 Non
301 2354 673 2414 pulchritudinem
699 2364 912 2420 corporis,
958 2383 1089 2427 quam
1122 2371 1190 2416 vel
1227 2377 1419 2435 corporis

32 2423 232 2479 morbus,
260 2425 327 2469 vel
349 2426 440 2486 ipsa
455 2439 651 2474 senectus
674 2447 773 2491 quae
795 2445 991 2494 optatur,
1017 2445 1286 2490 exterminat.
1314 2447 1421 2492 Vult

33 2510 123 2540 esse
143 2496 352 2555 pulcher,
388 2508 431 2543 et
451 2499 546 2545 vult
568 2516 658 2546 esse
689 2519 816 2549 senex
849 2525 857 2551 ε
879 2508 957 2554 ista
988 2510 1077 2558 duo
1104 2513 1316 2563 desideria
1338 2519 1420 2563 sibi

83 2588 91 2604 ¹
109 2583 198 2615 Rom.
217 2593 252 2624 V,
273 2582 305 2616 5.
326 2600 367 2606 —
384 2591 395 2608 ²
411 2585 456 2618 Id.
477 2596 522 2627 vi,
540 2598 572 2629 9.
