1825 3214
296 202 337 228 m
373 200 546 229 somnis
580 200 884 238 EVANGELtUu,
920 200 1065 228 τηΛι-πικ
1104 205 1175 229 xx,
1345 194 1427 230 209

47 283 66 305 »
101 264 257 309 viderit
273 267 441 308 Patrem
457 264 685 308 facientem
704 284 712 309 ;
731 280 1022 326 quoecumque
1037 267 1150 309 enini
1170 270 1294 310 l'atcr
1309 266 1426 322 facit,

46 352 65 375 »
102 334 193 378 haec
214 334 363 378 cadem
384 344 425 378 et
453 334 586 378 Filius
610 335 711 378 facit
735 334 929 378 similiter
946 338 974 378 ¹.

102 406 159 448 11.
190 406 312 448 Unde
340 413 483 448 autem
519 414 646 448 natus
676 405 730 448 sit
760 420 899 448 sermo
930 405 1028 459 iste,
1061 408 1432 451 commemorandi

42 473 140 518 estis
169 483 346 533 propter
375 475 593 534 superiora
619 473 840 529 lectionis,
865 475 939 518 ubi
973 484 1197 519 curaverat
1227 477 1432 520 Dominus

41 544 276 604 quemdam
306 546 417 588 inter
450 545 570 600 illos,
602 545 677 605 qui
705 545 748 589 in
771 545 967 605 quinque
998 545 1234 605 porticibus
1258 547 1432 604 piscinae

41 613 155 658 illius
173 614 413 660 Salomonis
433 616 662 676 jacebant,
682 615 752 660 cui
770 616 960 670 dixerat,
986 634 1006 656 (ι
1026 614 1147 659 Tolle
1170 616 1405 674 grabatum
1419 652 1429 671 ,

44 703 65 725 »
101 695 226 730 tuum
247 722 257 738 ,
284 696 326 731 et
355 688 463 731 vade
497 688 541 731 in
570 687 750 731 domum
781 697 899 731 tuam
916 690 947 730 ².
970 704 990 727 »
1014 689 1107 731 Hoc
1143 696 1287 730 autern
1319 687 1433 732 fece-

42 765 108 800 rat
146 757 373 802 sabbatis:
407 758 525 802 unde
562 758 803 818 perturbati
841 758 983 802 Judaei
1020 757 1430 814 calumniabantur,

41 828 162 888 quasi
185 844 425 873 eversorem
447 840 490 873 et
516 830 887 889 prsevaricatorem
913 830 1052 888 Legis.
1081 831 1203 873 Tunc
1226 830 1283 873 eis
1309 830 1433 874 (lixe-

41 907 128 952 rat,
153 918 172 940 «
194 902 320 943 Pater
342 915 464 944 meus
482 916 620 961 usque
637 900 766 945 modo
788 909 1014 960 operatur,
1033 909 1076 943 et
1097 914 1176 957 ego
1199 915 1354 959 operor
1368 903 1428 944 ³.»

42 967 109 1013 Illi
143 970 259 1013 enim
292 970 522 1015 carnaliter
558 971 817 1030 accipientes
850 971 1018 1014 sabbati
1054 970 1400 1015 observationem
1420 1007 1430 1027 ,

40 1040 257 1099 putabant
288 1044 425 1086 Deum
459 1053 554 1102 post
587 1043 780 1086 laborem
812 1041 1008 1086 fabricati
1039 1043 1192 1085 muudi
1217 1059 1355 1102 usque
1377 1043 1432 1088 ad

41 1110 158 1155 liune
182 1111 296 1155 diem
318 1113 441 1173 quasi
464 1114 675 1169 dormire,
695 1121 737 1156 et
752 1122 979 1172 propterca
1002 1113 1289 1156 sanctificasse
1307 1113 1432 1156 illum

41 1180 180 1235 diem,
218 1197 267 1225 cx
301 1199 389 1242 quo
418 1184 553 1243 coepit
581 1182 702 1226 velut
736 1199 758 1226 a
790 1181 1013 1226 laboribus
1042 1182 1324 1242 requiescere.
1358 1186 1434 1227 Est

41 1263 184 1296 autem
228 1264 544 1298 sacramentum
588 1253 757 1297 sabbati
803 1253 993 1312 antiquis
1036 1253 1234 1298 Patribus
1276 1255 1432 1298 nostris

40 1333 332 1383 praeceptum,
359 1325 479 1385 quod
503 1340 580 1369 nos
605 1324 838 1370 Christiani
855 1323 1104 1383 spiritaliter
1126 1324 1429 1379 observamus,

40 1402 90 1437 ut
123 1394 178 1437 ab
207 1395 325 1439 omni
353 1395 496 1440 servili
519 1411 676 1456 opere,
709 1395 754 1439 id
781 1405 845 1439 est
875 1396 929 1439 ab
953 1396 1071 1440 omni
1101 1406 1277 1454 peccato
1299 1397 1431 1456 (quia

40 1465 251 1510 Dominus
287 1466 413 1522 dicit,
439 1466 631 1510 «Omnis
663 1466 738 1526 qui
774 1464 876 1510 facit
907 1475 1156 1525 peccatum,
1188 1481 1335 1510 servus
1370 1477 1433 1510 est

42 1551 63 1576 »
102 1539 267 1594 peccati
286 1539 300 1563 ⁴
321 1541 376 1595 n),
404 1538 696 1582 abstineamus
721 1553 797 1582 nos
815 1573 825 1592 ,
852 1547 894 1581 et
915 1538 1152 1581 habeamus
1173 1538 1364 1596 quietem
1388 1538 1431 1581 in

39 1610 169 1655 corde
192 1619 361 1664 nostro,
379 1609 422 1653 id
443 1619 505 1653 est
528 1608 885 1668 tranquillitatem
905 1607 1178 1667 spiritalem5.
1203 1611 1255 1651 Et
1273 1625 1431 1668 quam·

38 1682 100 1725 vis
131 1682 175 1724 iu
204 1682 285 1724 hoc
319 1679 499 1731 saeculo,
532 1679 577 1724 id
612 1695 835 1733 conemur,
863 1668 916 1722 ad
944 1695 1037 1722 eam
1062 1688 1203 1722 tamen
1238 1681 1431 1739 requiem

39 1753 276 1812 perfectam
301 1767 388 1795 non
412 1750 738 1809 perveniemus,
765 1750 844 1793 nisi
866 1765 967 1794 cum
990 1751 1044 1793 dc
1068 1750 1148 1793 hac
1169 1749 1257 1794 vita
1275 1751 1431 1794 exieri-

38 1837 150 1865 mus.
185 1820 268 1866 Sed
306 1820 403 1864 ideo
437 1821 604 1864 dictum
633 1829 697 1864 est
726 1823 864 1864 Deum
899 1819 1186 1878 requievisse,
1216 1819 1318 1879 quia
1336 1821 1428 1880 jam

37 1902 278 1938 creaturam
306 1890 471 1935 nullam
495 1890 714 1936 condebat
735 1900 966 1951 postquam
989 1891 1182 1949 perfecta
1211 1900 1313 1935 sunt
1331 1907 1427 1936 om-

37 1964 123 2008 nia.
149 1964 349 2017 Quietem
372 1978 473 2007 vero
497 1972 724 2022 propterea
756 1960 990 2021 appellavit
1014 1961 1256 2021 Scriptura,
1282 1971 1328 2006 ut
1349 1978 1428 2007 nos

37 2032 293 2078 admoneret
313 2042 409 2092 post
431 2033 546 2077 bona
562 2048 702 2092 »opera
727 2032 1014 2092 requieturos.
1046 2032 1113 2076 Sic
1139 2032 1254 2075 enim
1281 2033 1419 2092 scrip-

36 2114 131 2148 tum
167 2104 376 2148 habemus
414 2104 458 2148 in
490 2104 667 2158 Genesi,
706 2122 726 2146 ι
760 2107 818 2148 Et
848 2102 951 2148 fecit
983 2107 1095 2147 Deus
1127 2103 1272 2148 omnia
1313 2104 1424 2148 bona

39 2193 59 2215 »
93 2173 221 2219 valde
238 2209 249 2229 ,
275 2184 318 2218 et
348 2174 561 2234 requievit
592 2177 704 2218 Deus
736 2173 806 2218 die
834 2175 1017 2234 septimo
1033 2175 1076 2218 ⁰:
1103 2193 1120 2213 n
1146 2183 1194 2217 ut
1218 2183 1264 2218 tu
1291 2175 1423 2220 homo

35 2261 136 2290 cum
160 2246 346 2290 attendis
373 2246 514 2305 ipsum
540 2248 679 2289 Deum
711 2255 809 2305 post
838 2246 950 2290 bona
981 2261 1109 2305 opera
1132 2245 1419 2305 requievisse,

34 2333 124 2362 non
147 2317 228 2363 tibi
250 2333 393 2377 speres
428 2317 617 2376 requiem
632 2352 642 2371 ,
669 2317 749 2361 nisi
772 2332 871 2360 cum
897 2317 1009 2360 bona
1033 2316 1164 2360 fueris
1188 2328 1389 2375 operatus
1412 2338 1420 2363 2

83 2422 90 2438 ¹
123 2417 215 2447 Joan.
247 2426 282 2456 V,
305 2415 355 2446 16.
378 2432 417 2436 —
449 2415 561 2446 ²1bid.
579 2415 609 2447 8.
633 2430 673 2438 ——-
695 2413 805 2446 31bid.
833 2425 880 2454 ¹7·
919 2431 943 2436 --
966 2413 979 2440 l.
1000 2415 1041 2445 hl.
1067 2426 1130 2446 vm,
1157 2413 1207 2454 34.
1229 2431 1268 2436 ν·-
1291 2412 1416 2446 51⁴2xotl.
1474 2444 1477 2447 .

34 2482 87 2513 xx,
108 2474 195 2505 8.7-
216 2469 230 2493 6
247 2473 326 2504 Gen.
353 2482 374 2511 i,
396 2472 450 2512 31,
471 2477 502 2503 et
521 2483 554 2511 u,
578 2481 610 2503 2.

248 2547 370 2578 cxxu
1234 2540 1280 2575 lt
