1809 3173
376 173 459 211 ⁶256
807 181 840 206 s.
877 178 1106 207 mensum
1138 178 1316 207 zmscom

375 249 538 307 quippe
551 245 625 289 Dei
642 244 843 304 gratuita,
868 244 941 289 illa
956 244 1100 289 oleum
1118 244 1395 288 lucernarum
1417 250 1495 286 est.
1519 241 1621 286 Plus
1642 241 1758 285 enim

374 318 455 362 illis
484 316 685 361 omnibus
713 316 930 370 laboravi,
966 316 1024 359 ait
1057 314 1256 375 quaedam
1280 314 1482 358 lucerna¹
1514 332 1522 356 :
1547 321 1590 356 et
1616 327 1670 355 ne
1693 312 1758 355 vi-

374 388 494 433 ribus
514 388 598 432 suis
616 387 765 431 ardere
787 387 1023 440 videretur,
1049 386 1261 445 adjunxit,
1281 388 1377 431 Non
1398 400 1477 443 ego
1499 392 1660 437 autem,
1683 382 1758 427 sed

375 459 510 519 gratia
545 459 620 503 Dei
653 472 839 502 mecum.
878 457 1028 501 Omnis
1055 472 1157 514 ergo
1192 456 1419 515 prophetia
1457 463 1555 498 ante
1589 453 1760 498 Domini

374 531 633 584 adventum,
657 530 834 574 lucerna
861 538 924 572 est
962 547 970 572 :
993 528 1047 571 de
1072 542 1158 586 qua
1190 527 1297 570 dicit
1318 530 1471 570 Petrus
1500 524 1720 585 apostolus
1747 542 1756 569 z

376 622 396 645 «
434 603 653 647 Habemus
676 602 901 646 certiorem
927 599 1230 659 propheticum
1255 612 1514 652 sermonem,
1549 597 1620 641 cui
1648 596 1761 640 bene

376 693 396 716 »
433 673 570 718 facitis
603 673 877 717 intendentes
907 669 1278 731 quemadmodum
1301 668 1491 713 lucernae
1519 667 1682 712 lucenti
1714 668 1760 711 in

373 745 558 791 obscuro
587 744 700 797 loco,
732 741 872 786 donec
895 740 985 784 dics
1020 740 1226 790 lucescat,
1257 749 1300 783 et
1327 738 1480 782 lucifer
1512 738 1676 782 oriatur
1715 737 1761 780 in

377 834 397 857 »
433 815 637 860 cordibus
654 813 804 858 vestris
822 815 853 854 ².
884 830 903 852 »
926 814 1134 855 Lucernae
1157 811 1305 869 itaque
1327 809 1556 867 Prophetae
1573 843 1584 863 ‚
1605 817 1648 852 et
1669 822 1761 852 om-

373 887 439 930 nis
462 885 686 945 prophetia
712 899 797 927 una
816 897 970 940 magna
992 880 1183 925 lucerna.
1206 879 1322 933 Quid
1345 879 1558 938 Apostoli,
1579 893 1668 922 non
1693 876 1762 921 lu·-

373 972 515 1001 cernae
538 957 668 1000 etiam
695 954 774 1015 ipsi
792 956 810 998 P
827 952 954 1013 plane
979 952 1184 996 lucernae.
1209 950 1333 995 Solus
1356 951 1469 993 enim
1489 949 1562 993 ille
1584 965 1673 993 non
1690 948 1761 992 lu-

373 1044 518 1074 cerna.
547 1030 644 1078 Non
685 1026 801 1069 enirn
825 1023 1079 1068 accenditur
1114 1033 1156 1067 et
1192 1022 1459 1079 extinguitur
1491 1040 1499 1065 :
1527 1020 1626 1080 quia
1653 1020 1764 1063 sicut

375 1102 501 1143 Pater
537 1098 671 1141 habet
700 1096 833 1140 vitam
867 1096 911 1138 in
944 1094 1194 1152 semetipso,
1228 1093 1286 1137 sic
1309 1091 1430 1136 dedit
1458 1091 1569 1135 Filio
1602 1090 1762 1134 habere

373 1171 506 1215 vitam
529 1170 572 1213 in
596 1167 841 1226 semetipso.
869 1169 1078 1210 Lucernae
1100 1180 1200 1222 ergo
1220 1173 1263 1208 et
1286 1161 1481 1222 Apostoli
1509 1177 1517 1202 z
1543 1170 1586 1205 et
1608 1161 1764 1218 gratias

374 1250 527 1300 agunt,
554 1240 656 1300 quia
685 1248 730 1283 et
759 1238 926 1282 accensi
960 1246 1062 1281 sunt
1094 1236 1258 1279 lumine
1281 1233 1500 1287 Veritatis,
1532 1242 1575 1276 et
1596 1231 1765 1275 fervent

377 1312 539 1371 Spiritu
551 1309 787 1364 charitatis,
806 1318 849 1352 et
866 1308 1058 1367 suppetit
1072 1306 1154 1350 illis
1172 1305 1315 1350 oleum
1335 1304 1480 1363 gratiae
1497 1304 1587 1347 Dei.
1611 1302 1654 1347 Si
1675 1317 1765 1345 non

375 1390 515 1427 essent
549 1381 768 1434 lucernae,
798 1394 886 1423 non
914 1378 1077 1422 diceret
1103 1376 1186 1420 iltis
1220 1375 1430 1420 Dominus
1461 1390 1470 1415 :
1501 1393 1521 1415 «
1547 1375 1634 1417 Vos
1665 1371 1765 1416 estis

376 1473 398 1501 ,»
434 1453 584 1497 lumen
620 1450 817 1495 mundi³.
855 1468 874 1490 »
916 1451 1021 1493 Nam
1048 1456 1196 1507 postea
1224 1461 1355 1506 quam
1389 1445 1519 1498 dixit,
1557 1446 1644 1487 Vos
1666 1442 1764 1487 estis

376 1524 526 1568 lumen
544 1521 698 1567 mundi
718 1541 726 1566 ε
748 1519 939 1565 ostendit
961 1534 1015 1562 ne
1029 1517 1115 1562 tale
1142 1516 1294 1561 lumen
1319 1531 1362 1559 se
1380 1522 1585 1573 putarent
1600 1548 1611 1567 ‚
1637 1512 1765 1572 quale

376 1595 545 1640 dictum
567 1602 646 1648 est,
671 1611 691 1634 «
715 1594 817 1636 Erat
841 1590 991 1634 lumen
1010 1603 1178 1642 verum,
1204 1585 1325 1647 quod
1353 1585 1568 1629 illuminat
1592 1597 1766 1628 omnem

379 1684 400 1708 »
435 1665 659 1710 hominem
680 1663 927 1707 venientem
945 1660 990 1703 in
1015 1660 1134 1703 hunc
1152 1655 1370 1701 mundum
1386 1657 1418 1699 ⁴.
1438 1674 1457 1696 »
1477 1657 1599 1698 Tunc
1621 1662 1766 1696 autem

347 1764 350 1766 >
376 1739 462 1782 hoc
485 1738 539 1781 de
566 1735 748 1780 Domino
766 1733 933 1777 dictum
955 1740 1034 1786 est,
1056 1745 1156 1774 cum
1175 1744 1198 1772 a
1219 1731 1386 1772 Joanne
1408 1725 1762 1784 distingueretur.

379 1810 441 1852 De
464 1810 632 1852 Joanne
654 1805 816 1866 quippe
838 1802 1030 1861 Baptista
1063 1800 1231 1844 dictum
1253 1807 1345 1842 erat
1371 1816 1382 1843 2
1408 1815 1428 1838 «
1451 1799 1549 1841 Non
1580 1803 1671 1839 erat
1691 1792 1764 1837 ille

384 1897 405 1920 »
440 1878 607 1932 lumen,
624 1875 696 1920 sed
717 1884 766 1919 ut
778 1871 1075 1918 testimonium
1098 1869 1346 1929 perhiberet
1363 1866 1417 1910 de
1430 1865 1637 1910 lumine⁵.
1667 1882 1687 1905 »
1708 1866 1766 1907 Et

382 1966 436 1995 nc
474 1949 653 2003 diceres,
690 1944 914 2007 quomodo
936 1943 1086 1987 lumen
1122 1956 1211 1985 non
1248 1947 1355 1992 erat,
1377 1938 1432 1981 de
1453 1952 1540 1996 quo
1568 1935 1766 1981 Christus

381 2020 501 2075 dicit,
519 2019 619 2080 quia
638 2017 816 2062 lucerna
835 2023 925 2059 erat
938 2015 953 2040 ⁶
968 2015 985 2057 Ρ
1002 2016 1052 2057 In
1068 2008 1389 2070 comparatione
1403 2005 1576 2050 alterius
1592 2003 1767 2048 luminis

382 2107 469 2136 non
493 2099 585 2134 erat
603 2089 769 2133 lumen.
796 2106 816 2129 «
841 2088 946 2130 Erat
966 2083 1082 2128 enim
1105 2095 1255 2126 verum
1274 2079 1440 2133 lumen,
1468 2077 1588 2137 quod
1605 2075 1768 2120 illumi-

382 2172 457 2207 nat
476 2176 649 2207 omnem
666 2158 889 2204 hominem
908 2155 1155 2200 venientem
1169 2152 1215 2196 in
1232 2151 1351 2195 hunc
1366 2147 1596 2193 mundum.
1616 2164 1636 2188 »
1653 2148 1766 2203 Ergo

383 2249 483 2279 cum
507 2242 549 2277 et
581 2229 802 2290 discipulis
834 2228 996 2272 diceret
1021 2244 1031 2270 t
1060 2244 1080 2267 «
1106 2226 1192 2268 Vos
1228 2221 1326 2266 estis
1356 2220 1505 2265 lumen
1536 2215 1712 2271 mundi,
1741 2233 1762 2257 »

383 2322 439 2350 ne
464 2305 543 2349 sibi
565 2303 731 2363 aliquid
753 2301 964 2345 tributum
991 2304 1211 2357 putarent,
1249 2292 1370 2353 quod
1393 2294 1447 2336 de
1473 2290 1565 2335 solo
1593 2288 1765 2334 Christo

381 2373 715 2434 intelligendum
741 2380 865 2425 esset,
886 2379 929 2414 et
944 2369 1003 2413 ita
1025 2367 1213 2412 lucernae
1233 2372 1364 2408 vento
1384 2361 1599 2422 superbiae
1621 2358 1764 2403 extin-

431 2483 438 2498 “
464 2487 475 2507 1
502 2477 575 2507 Cor.
597 2483 652 2513 xv,
679 2483 728 2504 10,
758 2487 795 2493 ...
817 2477 829 2492 ²
849 2478 868 2501 2
885 2471 973 2501 Petr.
992 2478 1015 2508 ι,
1039 2477 1088 2508 ¹9-
1113 2482 1154 2488 —
1174 2462 1187 2487 3
1207 2461 1327 2495 Matth.
1348 2472 1380 2502 v,
1402 2459 1453 2502 14.
1479 2476 1518 2482 —
1537 2456 1553 2489 4
1571 2460 1661 2490 Joan.
1685 2468 1707 2498 ι,
1726 2468 1759 2498 9.

385 2550 424 2556 -
441 2530 552 2564 ⁵1md.
569 2530 600 2563 8.
620 2545 657 2552 -
678 2526 806 2567 61d.v‚
827 2525 879 2557 35.
