1809 3173
365 138 449 177 386
802 146 836 176 s.
871 146 1101 178 Aucus‘nm
1133 151 1315 178 131>1scor1

358 214 539 257 infirmis
562 212 697 258 oculis
718 212 917 259 lucernas
941 216 1197 275 quaerebant
1212 250 1222 270 ‚
1256 215 1359 275 quia
1386 214 1500 258 diem
1521 215 1634 259 ferre
1656 231 1746 260 non

359 294 561 344 poterant
582 305 590 330 :
617 301 719 330 nam
741 289 930 330 Joannes
947 287 1061 330 idem
1084 287 1172 345 ipse
1190 285 1408 345 apostolus
1425 321 1436 340 ,
1461 287 1584 345 cujus
1606 289 1747 331 Evan-

360 354 523 414 gelium
546 357 590 401 in
611 357 815 402 manibus
837 357 1048 402 habemus
1068 391 1078 411 ‚
1104 358 1150 401 in
1183 358 1314 416 ipsius
1338 356 1562 416 Evangelii
1583 358 1649 401 sui
1672 373 1746 402 ca-

358 426 447 485 pite
470 427 529 471 ait
557 426 611 471 de
633 430 801 472 Joanne
828 447 836 473 :
867 447 887 470 «
914 430 1020 471 Erat
1048 427 1180 471 homo
1203 428 1354 472 missus
1382 443 1405 471 a
1430 431 1518 471 Deo
1539 462 1548 480 ‚
1575 427 1646 472 cui
1668 443 1748 472 no-

361 515 381 539 »
417 513 518 542 men
539 507 630 542 erat
652 501 841 543 ,Ioannes
869 517 878 543 ε
913 498 984 542 hie
1006 499 1128 542 venit
1150 498 1196 542 in
1214 499 1510 542 testimonium
1527 533 1538 553 ‚
1563 508 1613 543 ut
1635 499 1747 542 testi-

360 586 380 609 »
415 569 612 613 monium
634 569 885 628 perhiberet
901 568 956 612 de
978 568 1162 623 lumine,
1179 577 1229 612 ut
1251 583 1401 612 omnes
1423 568 1650 613 crederent
1672 583 1749 627 per

361 657 381 680 »
416 654 532 683 eum.
567 643 665 685 Non
700 648 791 683 erat
818 638 892 683 ille
911 638 1085 695 lumen,
1111 639 1186 684 sed
1208 648 1257 684 ut
1282 639 1580 684 testimonium
1603 639 1750 698 perhi-
1790 652 1792 682 ἱ

358 726 379 750 »
416 710 538 754 beret
559 710 614 754 de
651 710 834 754 lumine.
861 713 966 755 Erat
998 711 1149 755 lumen
1180 726 1333 755 verum
1352 746 1363 766 ,
1389 710 1510 771 quod
1530 710 1749 755 illuminat
1792 719 1793 758 ἶ

357 797 378 821 n
413 796 589 825 omnem
604 781 830 826 hominem
852 782 1100 827 venientem
1124 783 1169 826 in
1185 783 1401 827 mundum
1420 785 1479 828 1.»
1495 783 1536 828 Si
1556 797 1745 837 omnem,

356 866 460 911 ergo
482 862 524 896 et
541 855 771 897 Joannem.
795 853 921 898 Unde
939 852 1044 898 dicit
1066 863 1109 897 et
1131 854 1220 913 ipse
1238 857 1442 909 Joannes,
1463 856 1583 899 «Nos
1601 869 1750 898 omnes

361 942 379 964 »
415 921 470 966 de
488 922 761 983 plenitudine
784 924 877 984 ejus
900 925 1192 984 accepimus2.
1222 942 1243 966 »
1267 924 1500 969 Discernite
1516 940 1619 983 ergo
1641 925 1720 968 ista
1735 958 1746 979 ,

359 1002 409 1038 ut
424 995 623 1052 proficiat
644 1009 765 1038 mens
787 1004 927 1039 vestra
949 995 994 1039 in
1017 995 1102 1038 fide
1124 995 1287 1040 Christi
1314 1015 1324 1040 ι
1350 1011 1404 1040 ne
1425 1010 1593 1054 semper
1608 995 1752 1039 infan-
1797 1026 1798 1043 ³

357 1074 421 1109 tes
443 1065 533 1109 sitis
552 1066 685 1109 ubera
709 1075 972 1125 quaerentes,
999 1075 1042 1110 et
1064 1081 1088 1110 a
1113 1067 1211 1111 cibo
1234 1065 1373 1110 solido
1396 1065 1641 1110 resilientes.
1671 1069 1753 1110 De·

357 1134 469 1179 betis
492 1135 610 1195 apud
632 1146 813 1180 matrem
850 1144 1043 1180 sanctam
1069 1135 1305 1180 Ecclesiam
1339 1137 1500 1181 Christi
1529 1136 1683 1180 nutriri
1709 1145 1753 1180 et

357 1204 592 1260 ablactari,
628 1215 671 1250 et
703 1206 758 1250 ad
796 1221 913 1251 escas
946 1206 1170 1251 solidiores
1206 1206 1442 1262 accedere,
1467 1215 1638 1261 mente,
1661 1222 1751 1251 non

357 1286 523 1321 ventre.
553 1279 644 1320 Hoc
669 1291 770 1334 ergo
798 1276 1030 1323 discernite
1047 1312 1058 1331 ‚
1084 1277 1205 1321 aliud
1226 1293 1314 1322 esse
1337 1277 1488 1321 lumen
1511 1276 1632 1337 quod
1650 1277 1751 1321 illu-

356 1347 516 1402 minat,
551 1346 670 1391 aliud
706 1362 797 1390 esse
820 1347 941 1407 quod
962 1347 1255 1392 illuminatur.
1281 1350 1391 1393 Nam
1414 1357 1458 1392 et
1479 1347 1594 1392 oculi
1617 1348 1752 1392 nostri

299 1417 306 1421 ’
359 1418 526 1462 lumina
549 1417 758 1462 dicuntur
779 1436 789 1462 :
814 1427 857 1462 et
880 1419 1180 1479 unusquisque
1198 1420 1257 1463 ita
1276 1420 1416 1478 jurat,
1444 1428 1624 1478 tangens
1646 1435 1753 1464 ocu-
1808 1476 1809 1480 Ἰ

359 1488 423 1532 los
444 1504 566 1542 suos,
591 1504 668 1548 per
689 1488 856 1532 lumina
874 1504 970 1544 sua,
995 1489 1062 1533 Sic
1078 1489 1229 1534 vivant
1250 1488 1418 1532 lumina
1441 1505 1535 1533 mea
1562 1509 1571 1534 2
1597 1490 1752 1534 usitata
1808 1493 1809 1506 ¹

355 1561 518 1621 juratio
540 1569 618 1604 est.
646 1563 754 1614 Quae
789 1559 954 1604 lumina
981 1560 1014 1604 si
1035 1560 1202 1605 lumina
1219 1571 1321 1604 sunt
1339 1596 1350 1614 ,
1385 1561 1497 1605 desit
1528 1562 1676 1605 lumen
1707 1561 1753 1604 in
1805 1571 1806 1582 ³

362 1631 568 1677 cubiculo
586 1642 663 1676 tuo
685 1631 830 1676 clauso
844 1667 854 1686 ,
888 1641 1066 1691 pateant
1087 1642 1130 1676 et
1151 1631 1330 1676 luceant
1350 1632 1430 1676 tibi
1459 1650 1468 1677 z
1494 1648 1582 1676 non
1600 1632 1752 1691 utique
1807 1684 1809 1691 y

364 1713 560 1762 possunt.
582 1703 810 1756 Quomodo
827 1718 930 1761 ergo
948 1702 1027 1746 ista
1051 1702 1097 1745 in
1122 1702 1230 1746 facie
1252 1718 1350 1761 quae
1372 1702 1584 1746 habemus
1599 1737 1609 1757 ,
1631 1712 1673 1746 et
1689 1702 1753 1745 lu·

365 1774 483 1818 mina
502 1789 823 1833 nuncupamus,
839 1782 881 1817 et
897 1771 1075 1833 quando
1092 1788 1193 1816 sana
1211 1782 1312 1816 sunt
1333 1782 1375 1817 et
1390 1772 1566 1832 quando
1584 1781 1750 1831 patent,
1808 1803 1809 1816 ¹

364 1844 562 1903 indigent
598 1845 862 1888 extrinsecus
900 1842 1116 1902 adjutorio
1137 1841 1312 1887 luminis
1333 1863 1344 1900 3
1368 1859 1456 1902 quo
1492 1842 1638 1886 ablato
1673 1851 1750 1887 aut

365 1933 456 1961 non
478 1915 597 1959 illato
613 1951 624 1969 ‚
650 1931 752 1959 sana
774 1923 877 1958 sunt
895 1949 906 1968 ,
945 1923 1092 1972 aperta
1130 1923 1257 1967 sunt,
1284 1929 1364 1957 nec
1387 1923 1534 1957 tamen
1563 1912 1715 1957 vident
1740 1932 1750 1959 ε

367 1989 427 2033 sic
449 2002 570 2030 mens
589 1995 735 2030 nostra
751 2020 762 2039 ,
787 1984 864 2045 qui
891 1993 954 2027 est
986 1984 1138 2028 oculus
1157 1984 1312 2028 animae
1335 2018 1346 2037 ,
1375 1984 1454 2027 nisi
1471 1984 1662 2028 veritatis
1684 1984 1753 2027 lu-

368 2059 485 2103 mine
514 2058 732 2109 radietur,
757 2065 800 2099 et
833 2054 888 2098 ab
910 2054 986 2098 illo
1020 2054 1095 2113 qui
1112 2053 1328 2098 illuminat
1345 2069 1425 2098 nec
1451 2054 1722 2098 illuminatur
1739 2089 1750 2109 ,

369 2128 625 2173 mirabiliter
647 2126 903 2180 illustretur,
922 2141 1001 2169 nec
1016 2125 1071 2168 ad
1093 2125 1345 2183 sapientiam
1366 2140 1446 2169 nec
1469 2124 1523 2168 ad
1539 2124 1753 2184 justitiam

370 2199 531 2259 poterit
567 2195 807 2258 pervenire.
834 2199 930 2255 Ipsa
953 2205 1016 2239 est
1038 2195 1153 2239 enim
1181 2195 1249 2239 via
1271 2204 1416 2239 nostra
1446 2196 1563 2255 juste
1588 2194 1750 2239 vivere.

372 2269 605 2324 Quomodo
642 2280 788 2313 autem
815 2282 905 2311 non
927 2265 1123 2310 offendat
1144 2267 1190 2309 in
1214 2265 1281 2309 via
1296 2300 1307 2320 ,
1332 2265 1403 2309 cui
1425 2281 1516 2310 non
1539 2264 1656 2309 lucet
1682 2264 1755 2309 lu-

371 2343 502 2386 men?
530 2343 592 2385 Ac
615 2355 690 2399 per
711 2338 860 2383 hocin
886 2337 962 2381 tali
993 2337 1062 2381 via
1091 2337 1239 2381 videre
1266 2351 1375 2395 opus
1398 2345 1489 2391 est,
1514 2336 1561 2380 in
1588 2335 1663 2380 tali
1684 2336 1755 2381 via

372 2412 519 2459 videre
543 2425 750 2470 magnum
786 2418 863 2453 est.
889 2411 998 2455 Nam
1032 2408 1186 2453 Tobias
1208 2408 1253 2452 in
1285 2406 1394 2452 facie
1415 2407 1563 2452 oculos
1589 2407 1755 2452 clausos

423 2502 539 2532 'Joan⁴
555 2511 579 2541 1,
605 2499 655 2540 ¹6,
673 2501 738 2530 etc.
755 2514 796 2519 —
816 2496 928 2528 21bid.
954 2496 1006 2528 16.
