1825 3214
260 218 301 242 nv
335 214 509 243 sommis
543 214 846 251 ενΑιωΒιιυΜ,
882 215 1028 243 TaAc'r.
1068 218 1190 243 xLin.
1333 203 1418 243 479

30 281 284 324 necessitate
303 282 563 325 moriturum
586 279 882 324 consolaretur
899 316 910 335 ‚
936 282 1161 325 voluntate
1186 282 1296 325 mori
1319 282 1418 340 dig-

30 361 156 394 natus
180 361 258 395 est.
293 351 479 404 Quando
505 350 624 394 vides
647 351 867 394 Christum
894 362 1116 395 mortuum
1135 387 1144 405 ‚
1171 351 1419 410 dedignaris

30 425 169 466 mori?
194 426 308 481 Ergo
332 422 568 466 moriturus
589 438 633 466 es
663 442 671 466 :
697 438 784 482 qua
817 422 971 466 evadas
1000 424 1104 478 hoc,
1140 439 1229 467 non
1268 424 1415 468 habes.

32 493 172 538 llodie
191 494 260 547 sit,
281 509 372 538 eras
392 495 460 547 sit,
484 494 683 538 futurum
702 502 765 538 est
782 529 793 548 ‚
819 493 1018 537 debitum
1041 503 1104 538 est
1126 494 1416 538 reddendum.

30 562 148 616 Quid
164 578 267 622 ergo
290 563 376 621 agit
396 564 527 608 homo
552 565 705 607 timens
723 599 733 617 ‚
759 562 930 623 lugiens
947 599 958 618 ‚
979 563 1203 608 occultans
1222 579 1265 608 se
1282 579 1336 608 ne
1358 566 1422 608 in-

30 634 229 678 veniatur
246 634 302 678 ab
326 634 534 678 inimico?
553 635 778 694 Numquid
796 635 885 693 agit
908 643 958 678 ut
979 650 1068 679 non
1090 635 1423 680 moriaturPSed

31 713 80 748 ut
102 705 232 763 paulo
250 705 384 748 serius
404 705 632 749 moriatur.
664 707 760 750 Non
783 705 940 764 accipit
961 705 1099 749 debiti
1115 705 1390 749 securitatem
1410 739 1420 759 ‚

33 774 109 819 sed
125 775 314 834 postulat
335 775 604 819 dilationem.
631 775 965 828 Quantumlibet
987 775 1063 820 diu
1085 775 1329 831 differatur,
1346 791 1426 820 ve-

34 846 125 890 niet
145 846 267 906 quod
283 846 500 890 differtur.
515 845 636 890 Illam
654 855 838 890 mortem
859 846 1087 890 timeamus
1109 862 1242 906 quam
1264 847 1426 891 timue-

35 924 139 960 runt
168 926 250 960 tres
276 917 378 972 viri,
415 918 593 977 quando
629 916 832 960 dixerunt
851 917 939 975 regi
968 935 976 962 :
1000 936 1021 960 «
1050 920 1208 961 Potens
1231 927 1293 962 est
1312 921 1426 962 Deus

39 1006 58 1028 »
93 987 222 1032 etiam
243 987 297 1031 de
315 988 394 1032 ista
419 988 592 1031 flamma
615 986 800 1032 liberare
818 1003 896 1032 nos
913 1023 924 1042 ,
945 988 1020 1032 sed
1041 997 1085 1032 et
1105 988 1289 1032 sin0u1.
1317 1007 1336 1030 n
1361 989 1429 1032 Ibi

34 1057 120 1102 suit
142 1059 271 1103 timor
290 1059 405 1103 illius
430 1059 577 1102 mortis
593 1094 603 1113 ,
625 1074 758 1116 quam
785 1058 915 1102 modo
940 1060 1148 1103 Dominus
1176 1060 1422 1104 commina-

37 1139 109 1173 tur
125 1166 135 1185 ‚
159 1129 338 1191 quando
353 1130 583 1185 dixerunt,
612 1130 694 1175 Sed
717 1142 760 1174 et
783 1131 814 1173 si
834 1130 1025 1174 noluerit
1043 1140 1189 1190 aperte
1211 1130 1394 1175 liberare
1413 1164 1424 1187 ‚

37 1210 180 1260 potest
197 1201 241 1244 in
263 1200 438 1245 occulto
459 1216 678 1245 coronare.
696 1200 818 1245 Unde
833 1210 877 1244 et
896 1201 986 1260 ipse
1002 1202 1209 1245 Dominus
1231 1202 1434 1246 facturus

37 1274 250 1329 Martyres
265 1306 276 1326 ,
298 1281 341 1315 ct
354 1281 486 1330 caput
509 1281 749 1328 martyrum
773 1271 949 1315 futurus
968 1271 1049 1316 ait:
1072 1272 1253 1317 «Nolite
1277 1273 1431 1316 timere

42 1360 62 1383 »
97 1357 170 1386 eos
202 1343 278 1402 qui
302 1341 511 1387 occidunt
538 1358 723 1401 corpuS,
765 1351 807 1386 et
830 1351 978 1401 postea
1011 1358 1100 1386 non
1139 1343 1304 1387 habent
1326 1343 1433 1403 quid

43 1432 62 1454 »
98 1412 301 1458 faciant'2.
331 1436 347 1455 »
374 1413 606 1467 Quomodo
624 1429 713 1457 non
732 1413 897 1456 habent
916 1413 1024 1472 quid
1046 1412 1237 1457 faciant?
1259 1413 1378 1467 Quid
1399 1414 1433 1458 si

39 1500 139 1528 cum
160 1484 414 1538 occiderint,
430 1501 587 1543 corpus
606 1484 749 1528 bestiis
767 1483 1050 1527 lacerandum
1067 1492 1111 1527 et
1132 1483 1432 1544 diripiendum

41 1556 214 1599 alitibus
237 1556 465 1615 projiciant
481 1557 530 1599 ³?
551 1555 726 1599 videtur
755 1554 899 1598 adhue
925 1554 1089 1598 saevitia
1128 1555 1290 1599 habere
1311 1555 1436 1615 quod

43 1625 186 1670 faciat.
213 1625 297 1671 Sed
314 1626 383 1670 cui
407 1625 510 1669 facit
525 1626 541 1666 ’ἰ
559 1626 635 1684 qui
659 1625 874 1684 migravit.
904 1628 1022 1668 Inest
1042 1640 1221 1684 corpus,
1241 1625 1316 1670 sed
1339 1626 1438 1670 nul-

42 1695 110 1740 lus
131 1705 194 1740 est
215 1712 378 1740 sensus.
410 1697 628 1740 Habitatio
651 1696 788 1755 jacet,
822 1696 1042 1739 habitator
1063 1695 1283 1740 abscessit.
1311 1699 1436 1756 Ergo

44 1776 193 1826 postea
214 1783 303 1811 non
327 1766 490 1810 habent
511 1765 620 1825 quid
645 1765 807 1809 iaciant
828 1785 837 1810 2
861 1781 950 1809 non
971 1766 1173 1810 sentienti
1188 1767 1304 1811 enim
1326 1767 1438 1812 nihil

45 1839 228 1882 faciunt.
250 1857 269 1879 «
292 1837 375 1882 Sed
393 1852 492 1880 eum
519 1839 666 1880 timete
688 1836 764 1896 qui
783 1837 916 1880 habet
938 1846 1199 1895 potestatem
1216 1848 1260 1882 et
1278 1854 1437 1898 corpus

52 1928 71 1949 »
106 1918 150 1952 et
181 1908 370 1952 animam
393 1907 589 1951 occidere
625 1908 670 1950 in
708 1907 903 1965 gehenna
923 1907 1049 1965 ignis.
1080 1926 1098 1947 υ
1126 1910 1238 1952 Ecce
1276 1913 1330 1953 de
1353 1927 1441 1970 qua

47 1989 187 2024 morte
205 1979 495 2038 loquebatur,
520 1993 620 2022 cum
644 1977 808 2021 diceret
833 1996 842 2022 ε
869 1997 888 2019 «
912 1978 997 2030 Qui
1017 1994 1264 2023 sermonem
1289 1996 1436 2026 meum

55 2069 74 2092 »
109 2051 364 2104 servaverit,
398 2059 582 2094 mortem
606 2065 695 2093 non
717 2048 885 2093 videbit
907 2049 952 2093 in
977 2059 1208 2093 aeternum.
1238 2069 1258 2092 υ
1287 2055 1441 2098 Serve-

53 2136 150 2165 mus
166 2136 285 2179 ergo,
310 2119 480 2174 fratres,
500 2135 745 2163 sermonem
760 2119 893 2178 ipsius
915 2119 960 2163 in
979 2120 1065 2164 fide
1083 2140 1092 2165 :
1116 2124 1369 2180 perventuri
1383 2124 1440 2169 ad

54 2192 241 2251 speciem
258 2225 269 2246 ,
291 2206 392 2234 cum
416 2189 707 2250 acceperimus
730 2189 1019 2249 plenissimam
1041 2191 1303 2239 libertatem.

94 2264 218 2306 xm.
240 2261 314 2305 Isti
330 2270 473 2305 autem
487 2259 763 2319 indignantes
776 2261 955 2316 mortui,
973 2271 1016 2305 et
1028 2264 1155 2307 morti
1168 2265 1443 2325 sempiternae

59 2332 353 2393 praedestinati
374 2367 385 2387 ,
433 2330 755 2391 respondebant
796 2331 1039 2376 conviciose
1058 2367 1069 2388 ,
1118 2343 1162 2378 et
1202 2334 1408 2381 dicebant
1429 2371 1441 2393 ‚

65 2425 86 2448 «
115 2404 248 2450 Modo
278 2405 558 2462 cognovimus
591 2403 695 2463 quia
724 2402 992 2447 daemonium
1020 2404 1154 2450 habes
1180 2425 1189 2451 :
1224 2407 1447 2453 Abraham

67 2495 87 2518 »
123 2486 322 2522 mortuus
344 2484 471 2520 estet
493 2475 762 2534 Prophetae&
789 2493 808 2516 »
839 2475 924 2520 Sed
942 2477 1021 2521 ista
1050 2487 1190 2522 morte
1208 2494 1339 2538 quam
1366 2483 1449 2525 Do-

115 2569 123 2585 ¹
149 2565 227 2594 Dan.
244 2572 290 2603 ni,
310 2572 361 2604 ¹7·
389 2577 425 2584 -
452 2566 465 2582 ²
482 2560 597 2593 Matth.
617 2570 648 2601 x,
671 2559 725 2592 28.
746 2576 788 2583 -
812 2558 824 2583 ³
843 2561 920 2593 Luc.
940 2572 998 2602 xn,
1017 2561 1051 2604 4.
1072 2578 1114 2586 -
1128 2561 1145 2592 4
1162 2564 1253 2596 Joan.
1278 2574 1348 2606 vin,
1367 2565 1421 2598 52.
