1825 3214
296 225 336 250 m
372 223 546 251 joam-is
580 224 864 254 ammonium
882 245 892 264 ‚
928 230 1075 258 mer.
1112 232 1209 258 xiii.
1358 224 1430 260 111

55 302 75 324 »
111 286 305 344 gentium
323 288 352 331 ¹.
381 305 400 329 »
430 290 540 332 Ecce
567 288 676 348 quid
698 290 817 335 emit.
846 293 956 335 Ecce
978 295 1186 352 quoniam
1206 310 1278 339 rex
1300 298 1439 340 omnis

52 364 176 401 terrae
197 359 310 402 Deus
332 367 396 403 est
416 373 599 418 sponsus
621 369 735 405 tuus.
755 362 871 415 Quid
894 379 998 422 ergo
1018 365 1073 409 ad
1098 381 1264 424 pannos
1286 367 1347 412 vis
1365 367 1440 412 de-

49 426 151 472 duci
182 427 313 472 talem
340 428 549 474 divitem?
575 434 799 491 Agnosce:
829 442 970 478 totum
1006 436 1134 491 emit,
1160 446 1203 480 et
1229 446 1274 481 tu
1305 438 1435 494 dicis,

50 498 220 543 Partem
239 499 309 544 hic
331 499 479 546 habes.
503 504 540 545 Ο
555 501 588 546 si
604 502 794 563 placeres
816 520 974 564 sponso
995 541 1006 561 ,
1031 522 1057 552 o
1071 507 1105 551 si
1125 523 1213 553 non
1234 519 1437 568 corrupta

46 566 285 629 loquereris
301 605 312 626 ,
329 580 373 616 et
393 582 622 632 corrupta,
643 575 763 634 quod
791 576 912 635 pejus
934 586 997 622 est
1013 612 1024 632 ,
1049 577 1183 623 eorde
1200 614 1211 634 ,
1232 595 1322 624 non
1347 596 1438 625 cor-

47 654 167 699 pore.
188 642 319 686 Amas
336 641 558 687 hominem
593 659 670 704 pro
693 644 895 701 Christo,
924 661 1040 692 amas
1076 647 1312 705 dicentem,
1344 654 1436 710 Ego

45 710 242 771 baptizo:
258 713 447 759 amicum
461 715 606 775 sponsi
628 731 718 761 non
743 718 866 762 audis
882 718 1098 765 dicentem
1121 740 1129 765 ;
1151 740 1170 763 α
1191 722 1271 766 Hic
1283 731 1346 766 est
1361 723 1437 783 qui

48 800 68 824 ιι
104 783 322 843 baptizat²
342 803 385 829 ι»
404 801 493 830 ιιοιι
515 785 639 832 audis
657 787 875 833 dicentem
892 824 903 845 ‚
924 790 1039 843 «Qui
1057 791 1190 836 habet
1207 808 1408 853 sponsam
1423 831 1432 849 ,

47 870 67 893 »
102 868 284 913 sponsus
302 864 380 900 est.
402 874 421 898 »
441 858 534 914 Ego
558 873 646 902 non
665 858 805 904 habeo
821 874 1023 919 sponsam
1046 882 1054 906 :
1075 861 1183 907 dixit
1201 882 1210 908 ;
1234 864 1310 908 sed
1328 864 1435 924 quid

42 926 170 969 sum?
190 925 406 971 «Amicus
424 936 571 971 autern
593 930 738 987 sponsi
760 931 836 989 qui
857 940 940 976 stat
963 942 1007 977 et
1030 933 1154 979 audit
1176 950 1299 991 eum,
1324 952 1434 996 gau-

44 1011 65 1036 »
100 993 174 1040 dio
193 996 355 1054 gaudet
380 1005 558 1055 propter
580 1012 732 1042 vocem
759 1002 945 1060 sponsiss.
967 1020 987 1044 »

99 1066 197 1110 XV.
214 1064 451 1110 Evidenter
463 1081 566 1125 ergo
583 1101 594 1123 ,
623 1068 776 1114 tratres
795 1072 904 1127 mei,
924 1073 1033 1117 nihil
1050 1073 1224 1133 prodest
1239 1077 1328 1121 istis
1342 1092 1434 1122 ser-

39 1150 140 1180 vare
152 1136 460 1195 virginitatem,
475 1136 637 1183 habere
656 1141 985 1198 continentiam,
1001 1144 1297 1203 eleemosynas
1311 1147 1429 1204 dare,

40 1206 187 1252 omnia
202 1205 276 1252 illa
297 1223 397 1267 quae
417 1207 656 1254 laudantur
672 1210 717 1254 in
735 1211 949 1269 Ecclesia,
977 1214 1086 1259 nihil
1105 1212 1189 1260 illis
1217 1228 1401 1276 prosunt
1420 1241 1430 1277 3

39 1278 141 1338 quia
167 1278 459 1324 conscindunt
476 1279 688 1334 unitatem
706 1316 717 1338 ,
743 1281 789 1326 id
810 1292 900 1339 est,
928 1286 1118 1330 tunicam
1147 1286 1265 1333 illam
1290 1290 1432 1334 chari-

39 1348 152 1393 tatis.
178 1348 296 1403 Quid
317 1347 517 1395 faciunt?
539 1350 693 1396 Diserti
710 1363 812 1398 sunt
831 1355 959 1399 multi
980 1355 1206 1403 interillos
1222 1393 1234 1415 ,
1259 1374 1429 1420 magnae

37 1416 201 1478 linguae
222 1419 404 1464 flumina
421 1419 685 1479 linguarum.
702 1425 929 1485 Numquid
950 1427 1143 1487 angelice
1159 1428 1431 1490 loquuntur?

37 1489 232 1535 Audiant·
253 1490 442 1536 amicum
466 1492 612 1550 sponsi
641 1493 855 1540 zelantem
877 1512 1036 1556 sponso
1053 1533 1064 1554 ,
1094 1515 1184 1544 non
1206 1501 1288 1546 sibi
1304 1537 1315 1556 ,
1345 1521 1364 1544 «
1387 1504 1428 1547 Si

39 1579 60 1602 »
93 1560 255 1622 linguis
275 1562 507 1610 hominum
523 1563 679 1626 loquar
700 1574 744 1610 et
765 1568 1052 1627 Angelorum,
1077 1571 1333 1616 charitatem
1356 1588 1430 1617 au-

38 1649 60 1673 »
95 1626 188 1677 teni
205 1648 296 1678 non
323 1634 510 1679 habeam
527 1669 538 1690 ,
575 1635 716 1681 factus
745 1652 841 1682 sum
866 1647 917 1683 ut
943 1650 1229 1686 aeramentum
1247 1657 1425 1699 sonanS,

38 1719 59 1745 ιι
94 1711 170 1747 aut
190 1703 442 1762 cymbalum
461 1705 692 1751 tinniens⁴.
716 1725 736 1749 »

93 1776 215 1819 XVI.
233 1774 319 1820 Sed
331 1773 439 1835 quid
451 1773 606 1820 dicunt
618 1777 635 1818 ⁶?
649 1777 870 1824 Habemus
881 1780 1161 1840 baptismum.
1178 1784 1337 1840 Habes,
1352 1786 1428 1830 sed

34 1859 126 1889 non
147 1853 289 1890 tuum.
315 1845 449 1891 Aliud
470 1855 535 1890 est
555 1847 736 1902 habere,
759 1848 878 1894 aliud
900 1850 1129 1898 dominari.
1155 1856 1426 1915 Baptismum

33 1915 168 1962 habes
183 1951 195 1972 ‚
219 1916 322 1976 quia
339 1917 541 1977 accepisti
563 1927 614 1962 ut
631 1918 874 1979 baptizatus
895 1921 967 1976 sis,
994 1925 1197 1984 accepisti
1218 1934 1425 1988 tanquam

33 1984 304 2032 illuminatus
322 2008 333 2045 3
349 1988 384 2032 si
404 1996 548 2032 tamen
572 2003 596 2032 a
612 1997 655 2033 te
674 2004 764 2034 non
785 1991 1063 2039 tenebratus:
1081 2003 1124 2039 et
1137 1997 1315 2056 quando
1330 1997 1422 2054 das,

33 2056 228 2102 minister
262 2058 359 2113 das,
396 2074 487 2103 non
510 2074 726 2119 possessor
746 2082 757 2118 3
781 2077 924 2122 praeco
947 2064 1130 2122 clamas,
1163 2083 1254 2112 non
1269 2068 1419 2128 judex.

34 2131 116 2174 Per
130 2144 376 2188 praeconem
392 2129 591 2190 loquitur
606 2131 764 2191 judex,
786 2142 831 2177 et
846 2133 893 2178 in
908 2136 1025 2180 Actis
1048 2147 1195 2183 tamen
1216 2155 1307 2184 non
1326 2142 1422 2185 scri-

33 2198 167 2255 bitur,
193 2203 357 2256 Praeco,
374 2200 498 2256 dixit,
521 2200 598 2246 sed
619 2202 754 2262 judex
776 2202 898 2248 dixit.
917 2206 1103 2251 Proinde
1121 2208 1220 2253 vide
1239 2210 1272 2254 si
1295 2219 1421 2256 tuum

32 2279 97 2315 est
117 2270 240 2330 quod
263 2270 353 2327 das,
369 2280 598 2331 potestate.
617 2273 659 2317 Si
681 2282 827 2319 autem
844 2277 1069 2337 accepisti,
1090 2281 1297 2326 confitere
1318 2297 1421 2327 cum

33 2342 173 2387 amico
189 2343 351 2402 sponsi,
373 2345 503 2390 «Non
526 2353 668 2404 potest
691 2345 822 2392 homo
845 2347 1037 2408 accipere
1058 2351 1318 2413 quidquam,
1339 2355 1419 2399 nisi

34 2429 56 2454 »
90 2411 244 2457 datum
256 2411 388 2458 fuerit
402 2414 441 2458 ei
463 2413 518 2458 de
539 2414 669 2460 coelo.
699 2433 719 2456 »
739 2417 959 2463 Confitere
975 2435 1075 2465 cum
1095 2423 1234 2468 amico
1254 2425 1415 2485 sponsi,

37 2501 58 2526 α
91 2484 177 2538 Qui
197 2484 331 2531 habet
350 2501 551 2546 sponsam
566 2521 577 2542 ,
603 2498 897 2552 sponsusrest3
921 2493 1083 2539 amicus
1104 2504 1251 2541 autem
1273 2496 1418 2556 sponsi

80 2574 89 2591 ¹
110 2567 190 2603 Psal.
211 2580 276 2612 xxi,
291 2572 348 2613 28,
367 2578 421 2614 29.
442 2587 483 2594 —
501 2576 513 2593 ²
531 2573 623 2605 Joan.
645 2583 668 2614 1,
692 2571 744 2606 33.
768 2589 809 2597 —
830 2571 909 2609 ³1d.
929 2586 976 2619 ιιι,
996 2585 1050 2620 29.
1071 2594 1112 2603 -—
1126 2577 1143 2610 4
1160 2591 1173 2613 1
1195 2581 1268 2614 Cor.
1287 2591 1342 2622 ιιι,
1361 2590 1392 2613 2.
