1825 3214
296 228 338 254 m
372 226 547 256 JoAMus
580 223 894 262 ΕνΑΝοΕιιυΜ,
930 225 1075 254 wimer.
1114 229 1204 256 xix.
1352 220 1423 256 191

51 312 69 333 »
107 302 229 336 trem.
254 310 274 333 »
299 293 414 345 Quid
443 294 476 337 si
501 293 782 336 inveniuntur
814 293 889 351 qui
925 296 1092 336 Patrem
1124 295 1428 351 honorificant,

45 372 88 407 et
126 378 214 407 non
246 363 535 407 honorificant
572 362 760 405 Filium?
789 365 884 406 Non
915 371 1069 421 potest,
1107 364 1264 422 inquit,
1303 367 1389 409 fieri
1419 385 1427 410 :

49 453 68 474 «
103 434 187 486 Qui
203 448 289 477 non
311 433 569 478 honorificat
591 433 764 486 Filium,
786 448 873 477 non
889 434 1145 477 honorificat
1170 437 1336 478 Pau-cm
1355 438 1429 496 qui

48 522 67 545 n
102 504 215 548 misit
240 503 379 548 illum.
403 523 422 545 »
444 507 541 548 Non
564 513 704 563 potest
726 518 826 562 ergo
848 504 993 548 dicere
1026 504 1197 564 aliquis,
1234 509 1322 562 Ego
1350 511 1430 551 Pa-

46 583 153 618 trem
177 574 534 627 honorificabam,
571 575 673 634 quia
699 573 856 618 Filium
882 590 969 618 non
997 589 1220 618 noveram,
1251 577 1291 619 si
1315 592 1430 620 non-

45 645 150 689 dum
194 644 351 689 Filium
390 645 722 698 honorificabas,
764 660 844 689 nec
881 649 1051 689 Patrem
1094 646 1426 691 honorificabas.

44 715 162 768 Quid
183 725 246 760 est
267 716 381 760 enim
408 717 690 761 honorificare
710 719 897 770 Patrem,
924 717 1002 760 nisi
1026 716 1146 777 quod
1176 718 1335 762 babeat
1358 721 1390 761 F
1396 719 1431 762 i-

43 785 182 829 lium?
204 786 335 831 Aliud
353 797 415 831 est
437 787 551 832 enim
573 802 672 831 cum
698 787 775 832 tibi
814 788 1146 833 commendatur
1166 792 1292 844 Deus,
1327 790 1430 850 quia

44 859 158 901 Deus
179 867 242 902 est
258 879 268 915 3
287 867 330 902 et
352 858 470 902 aliud
495 868 559 903 est
579 874 679 903 cum
703 859 782 903 tibi
812 859 1146 903 commendatur
1174 863 1303 916 Deus,
1329 862 1431 920 quia

45 930 171 972 Pater
202 938 280 972 est.
315 930 427 973 Cum
452 929 529 972 tibi
562 930 662 989 quia
693 933 803 973 Deus
834 939 896 974 est
927 930 1282 986 commendatur,
1316 947 1430 976 crea·

44 1007 112 1043 tor
124 999 203 1043 tibi
218 999 565 1054 commendatur,
591 1001 764 1059 spiritus
787 1001 966 1060 quidam
985 1017 1194 1060 summus,
1221 1012 1426 1058 aeternus,

43 1069 282 1126 invisibilis,
308 1070 675 1116 incommutabilis
709 1072 786 1115 tibi
811 1071 1143 1116 commendatur
1169 1088 1177 1113 :
1203 1088 1303 1117 cum
1327 1089 1430 1118 vero

43 1140 119 1184 tibi
142 1141 244 1200 quia
279 1144 403 1185 Pater
433 1150 497 1185 est
522 1141 877 1195 commendatur,
904 1141 1013 1185 nihil
1042 1142 1120 1185 tibi
1143 1142 1262 1186 aliud
1297 1159 1430 1203 quam

43 1219 86 1254 et
122 1210 257 1255 Filius
289 1212 652 1269 commendatur3
683 1212 785 1271 quia
815 1215 941 1255 Pater
969 1211 1055 1255 dici
1084 1227 1172 1256 non
1204 1222 1368 1271 potest,
1396 1214 1431 1257 si

43 1280 202 1326 Filium
224 1297 313 1327 non
334 1282 490 1337 habet,
522 1282 727 1327 sicutnec
747 1281 898 1336 Filius,
923 1282 956 1325 si
976 1286 1147 1326 Patrem
1172 1299 1260 1328 non
1278 1283 1425 1328 habet.

44 1350 129 1396 Sed
151 1367 207 1396 ne
234 1352 348 1397 forte
371 1356 542 1396 Patrem
564 1352 743 1413 quidem
768 1352 1026 1397 honorifices
1063 1362 1269 1413 tanquam
1289 1356 1427 1414 majO-

43 1435 149 1476 rem,
175 1421 333 1466 Filium
347 1437 450 1466 vero
467 1432 676 1483 tanquam
691 1424 920 1478 minorem,
940 1431 988 1466 ut
1005 1422 1121 1467 dicas
1139 1424 1261 1478 mihi,
1284 1427 1428 1469 Hono-

43 1492 161 1536 rifieo
184 1495 372 1547 Patrem,
398 1493 486 1537 scio
505 1493 621 1537 enim
643 1493 765 1552 quod
784 1493 943 1537 habeat
961 1494 1138 1548 Filium,
1165 1503 1207 1538 et
1226 1510 1314 1539 non
1332 1511 1428 1540 erro

42 1562 86 1606 in
103 1563 238 1608 Patris
251 1564 444 1622 nomine,
459 1579 547 1608 non
563 1564 681 1608 enim
697 1568 867 1608 Patrem
890 1564 1084 1623 intelligo
1099 1566 1190 1609 sine
1202 1565 1335 1623 Fili03
1352 1567 1429 1611 ho·

42 1633 223 1678 notifico
233 1642 382 1678 tamen
395 1633 608 1678 etFilium
623 1643 830 1694 tanquam
844 1635 1056 1679 minorem
1074 1654 1082 1679 ε
1097 1635 1273 1694 corrigit
1285 1645 1326 1680 te
1339 1637 1427 1695 ipse

43 1703 193 1760 Filius,
217 1713 261 1749 et
282 1713 455 1749 revocat
476 1713 518 1748 te
536 1704 699 1759 dicens,
728 1723 748 1746 «
777 1707 832 1749 Ut
863 1720 1012 1749 omnes
1038 1706 1329 1751 honorificent
1351 1710 1383 1751 F
1389 1708 1426 1750 i-

45 1793 66 1816 »
99 1774 207 1819 lium
224 1809 235 1830 ‚
260 1793 282 1816 1»
301 1790 391 1819 non
413 1774 608 1830 inferius,
633 1776 709 1820 sed
735 1795 752 1815 «
779 1776 890 1820 sicut
916 1776 1206 1821 honorificant
1235 1781 1423 1822 Patrem.

46 1862 67 1886 ι)
101 1846 218 1899 Qui»
233 1860 334 1903 ergo
354 1864 375 1888 «
390 1861 480 1889 non
496 1846 754 1890 honorificat
772 1845 948 1900 Filium,
973 1861 1063 1891 non
1076 1847 1334 1892 honorificat
1352 1851 1427 1892 Pa-

45 1932 67 1957 »
102 1925 212 1960 trem
233 1916 309 1976 qui
329 1916 444 1960 misit
465 1915 604 1960 illum.
629 1934 649 1957 n
676 1919 786 1975 Ego,
806 1916 965 1977 inquis,
987 1918 1194 1977 majorem
1217 1919 1426 1963 honorem

43 1985 143 2031 volo
192 1986 296 2031 dare
339 1987 483 2041 Patri,
519 1987 734 2032 minorem
784 1987 910 2031 Filio.
954 1987 1022 2031 Ibi
1060 1987 1175 2031 tollis
1215 1989 1426 2032 honorem

45 2059 178 2114 Patri,
203 2059 278 2103 ubi
300 2059 513 2103 minorem
535 2059 612 2103 das
644 2058 769 2103 Filio.
795 2058 912 2111 Quid
947 2059 1059 2103 enim
1092 2059 1210 2104 aliud
1247 2060 1326 2104 tibi
1361 2060 1428 2105 vi-

46 2127 174 2172 detur
196 2129 254 2173 ita
275 2128 494 2183 sentienti,
523 2128 603 2172 nisi
640 2129 742 2188 quia
776 2132 903 2173 Pater
933 2128 1146 2189 aequalem
1166 2130 1247 2174 sibi
1270 2129 1428 2174 Filium

49 2213 253 2258 generare
280 2207 355 2242 aut
379 2198 536 2253 noluit,
561 2208 638 2243 aut
653 2214 742 2244 non
766 2200 942 2259 potuit?
973 2201 1015 2244 Si
1038 2199 1195 2256 noluit,
1239 2201 1396 2246 invidit
1419 2219 1428 2245 :

49 2269 83 2312 si
116 2284 206 2313 non
239 2269 410 2328 potuit,
453 2267 629 2312 defecit.
666 2271 763 2313 Non
796 2283 898 2327 ergo
929 2270 1065 2325 vides,
1100 2271 1203 2330 quia
1234 2271 1294 2315 ita
1330 2285 1431 2315 sen-

49 2338 198 2384 tiendo
223 2340 299 2383 ubi
319 2340 523 2399 majorem
540 2340 751 2384 honorem
770 2340 835 2384 'vis
853 2339 957 2384 dare
978 2341 1110 2396 Patri,
1131 2341 1194 2385 ibi
1217 2356 1261 2386 es
1275 2351 1432 2386 contu-

49 2409 252 2454 meliosus
265 2409 311 2453 in
338 2412 510 2453 Patrem
528 2410 546 2450 ?
564 2409 753 2454 Proinde
773 2409 832 2454 sic
848 2410 1089 2456 honorifica
1113 2411 1288 2467 Filium,
1318 2427 1433 2472 quo-

50 2479 183 2524 modo
204 2479 468 2524 honorificas
502 2482 688 2535 Patrem,
723 2480 756 2523 si
788 2479 850 2524 vis
872 2480 1159 2526 honorificare
1178 2490 1222 2526 et
1243 2485 1430 2537 Patrem,

52 2548 288 2595 etFilium.
