1809 3173
378 171 430 206 ⁶20
813 175 844 204 s.
885 176 1110 204 AUGUSTINt
1145 178 1323 204 EPlSCOl‘t

372 245 518 289 salutis
542 243 651 287 sacta
675 243 932 302 impudens,
966 243 1164 298 accessit,
1198 258 1285 286 non
1317 240 1371 285 ad
1393 249 1523 300 caput
1551 240 1748 295 Domini,

373 331 460 358 non
489 314 543 358 ad
565 330 718 358 manus
734 349 744 369 ,
777 314 852 358 sed
888 314 943 357 ad
966 313 1095 373 pedes
1117 335 1126 370 3
1151 314 1254 358 lavit
1275 329 1345 358 eos
1378 312 1579 369 lacrymis
1596 347 1606 366 ,
1637 311 1753 354 tersit

371 382 557 443 capillis,
590 383 780 428 osculata
813 393 876 428 est
912 399 1008 439 eos,
1042 385 1165 427 unxit
1199 392 1451 442 unguento,
1477 397 1629 441 pacem
1653 380 1754 425 fecit

370 470 471 499 cum
494 454 679 513 vestigiis
698 454 869 499 Domini
892 454 1122 513 peccatrix.
1139 453 1436 514 Reprehendit
1457 452 1528 496 ille
1543 461 1753 512 tanquam
1772 474 1782 484 ·

371 540 499 569 sanus
521 524 736 570 medicum
751 560 762 580 ,
787 524 859 569 ille
883 525 1120 569 Pharisaeus
1146 525 1222 585 qui
1247 525 1333 569 illic
1355 523 1686 580 discumbebat,
1712 531 1755 566 et

373 597 432 642 ait
456 595 574 656 apud
586 612 655 640 se:
678 615 696 637 «
711 595 790 640 Hic
811 596 844 639 si
858 605 966 640 esset
987 596 1221 656 propheta,
1247 596 1374 640 sciret
1395 610 1494 654 quae
1517 592 1671 638 mulier
1692 591 1754 636 illi

376 689 394 710 »
412 667 542 727 pedes
556 667 802 725 tetigisset1.
820 685 840 708 »
860 666 963 711 Ideo
978 676 1124 712 autem
1145 667 1384 726 suspicatus
1406 675 1497 709 erat
1517 680 1616 709 eum
1635 665 1756 723 igno-

370 754 495 793 rasse,
516 738 615 798 quia
633 754 721 782 non
744 737 863 781 illam
886 738 1065 797 repulit,
1083 738 1206 797 quasi
1223 752 1278 780 ne
1300 734 1536 780 immundis
1555 735 1755 779 manibus

372 818 621 868 tangeretur
643 828 651 854 ;
673 818 852 853 noverat
875 817 1019 852 autem
1037 807 1109 851 ille
1124 842 1135 863 ,
1161 808 1352 868 permisit
1374 823 1417 852 se
1441 807 1582 865 tangi,
1604 814 1652 850 ut
1671 815 1755 850 tac-

371 890 438 924 tus
457 881 546 938 ipse
571 889 752 924 sanaret.
781 879 990 923 Dominus
1006 878 1158 924 videns
1179 895 1253 924 cor
1271 879 1502 933 Pharisaei,
1528 878 1756 938 proposuit

370 950 723 995 similitudinemt
748 969 765 991 «
790 952 886 994 Duo
908 948 1126 994 debitores
1146 959 1268 994 erant
1289 949 1461 994 cuidam
1475 948 1752 1007 foeneratori3

373 1040 392 1063 »
430 1036 543 1065 unus
565 1021 603 1064 ei
625 1020 814 1065 debebat
837 1021 1154 1082 quinquaginta
1172 1022 1391 1076 denarios,
1414 1019 1521 1064 alter
1538 1021 1757 1080 quingen-

374 1110 393 1134 »
430 1101 495 1136 tos
519 1110 527 1136 ;
553 1106 652 1136 cum
683 1106 772 1135 non
803 1091 1014 1135 haberent
1040 1091 1158 1136 unde
1182 1091 1435 1146 redderent,
1461 1091 1639 1135 donavit
1662 1105 1755 1133 am·-

373 1183 392 1205 »
429 1163 569 1208 bobus
590 1182 598 1206 2
617 1162 712 1222 quis
730 1177 830 1206 eum
853 1163 950 1222 plus
972 1162 1153 1207 dilexit?
1175 1165 1231 1207 Et
1253 1162 1325 1206 ille
1346 1182 1354 1207 :
1376 1161 1534 1217 Credo,
1554 1162 1753 1216 Domine,

374 1252 394 1275 »
430 1233 500 1278 cui
525 1232 616 1290 plus
638 1232 830 1278 donavit.
859 1236 915 1277 Et
942 1249 1174 1278 conversus
1196 1233 1251 1277 ad
1273 1231 1498 1276 mulierem
1517 1267 1527 1287 ,
1560 1232 1668 1276 dixit
1693 1232 1756 1276 Si-

374 1325 393 1347 »
432 1306 548 1349 moni
572 1324 581 1350 :
602 1305 730 1349 Vides
752 1305 875 1349 istam
895 1305 1151 1349 mulierem?
1171 1305 1333 1349 Intravi
1354 1304 1399 1347 in
1420 1303 1599 1348 domum
1619 1313 1754 1357 tuam,

377 1395 397 1418 »
432 1391 587 1437 aquarn
615 1376 720 1420 mihi
739 1376 794 1420 ad
812 1375 942 1435 pedes
968 1392 1057 1421 non
1078 1375 1262 1434 dedisti,
1292 1375 1364 1419 illa
1388 1385 1534 1419 autem
1555 1373 1757 1432 lacrymis

376 1465 396 1490 »
432 1447 539 1493 lavit
560 1448 691 1507 pedes
718 1463 858 1503 meos,
895 1456 938 1491 et
960 1446 1124 1507 capillis
1150 1447 1236 1491 suis
1258 1446 1378 1490 tersit
1399 1465 1407 1490 ε
1434 1445 1631 1490 osculum
1653 1445 1759 1488 mihi

377 1536 397 1559 »
431 1533 522 1562 non
539 1517 717 1575 dedisti,
737 1517 810 1562 illa
828 1534 918 1562 non
934 1518 1098 1562 destitit
1116 1517 1246 1577 pedes
1260 1533 1377 1561 meos
1394 1516 1577 1561 osculari
1592 1515 1758 1560 :oleum

378 1607 398 1630 »
434 1588 541 1632 mihi
577 1604 666 1633 non
702 1587 884 1643 dedisti,
924 1587 996 1632 illa
1026 1587 1156 1647 pedes
1187 1603 1304 1632 meos
1339 1588 1463 1632 unxit
1493 1595 1720 1646 unguento
1746 1604 1755 1630 :

378 1678 398 1701 »
434 1668 662 1718 propterea
684 1657 783 1703 dieo
804 1659 900 1714 tibi,
922 1657 1204 1702 dimittuntur
1226 1659 1264 1702 ei
1287 1667 1462 1718 peccata
1480 1657 1634 1712 multa,
1653 1671 1761 1717 quo·

378 1750 398 1773 »
435 1731 549 1775 niam
572 1730 720 1774 dilexit
744 1730 932 1774 multum
960 1751 968 1775 :
995 1731 1065 1775 cui
1089 1739 1233 1774 autem
1256 1730 1479 1775 modicum
1497 1729 1758 1784 dimittitur,

380 1820 390 1843 )
436 1800 658 1846 modicum
681 1800 863 1858 diligit2.
896 1819 915 1842 »
942 1803 1036 1845 Hoc
1053 1810 1117 1845 est
1138 1800 1281 1845 dicere
1303 1820 1311 1845 ε
1339 1801 1435 1859 plus
1451 1809 1634 1859 {aegrotas
1651 1835 1662 1855 ,
1686 1799 1761 1842 sed

379 1889 531 1917 sanum
560 1882 602 1917 te
623 1882 779 1932 putas:
812 1872 1033 1917 modicum
1062 1881 1189 1932 putas
1220 1872 1296 1915 tibi
1322 1871 1504 1926 dimitti,
1529 1886 1629 1915 cum
1665 1870 1763 1930 plns

381 1943 552 1987 debitor
574 1944 641 1987 sis.
664 1945 779 1986 Bene
800 1943 879 1986 ista
897 1978 907 1998 ,
933 1943 1034 2003 quia
1056 1941 1181 1987 dolus
1202 1942 1246 1986 in
1268 1941 1340 1985 illa
1362 1957 1449 1986 non
1469 1950 1580 1996 erat,
1606 1941 1765 1985 meruit

384 2013 657 2058 medicinam.
674 2013 790 2066 Quid
812 2022 889 2067 est,
915 2012 1041 2057 dolus
1063 2014 1107 2056 in
1129 2011 1201 2056 illa
1224 2028 1312 2056 non
1335 2013 1457 2056 erat?
1475 2011 1765 2056 confitebatur

384 2086 676 2144 peccata.Hoc
698 2094 739 2128 et
765 2083 914 2127 laudat
936 2084 981 2127 in
1016 2082 1281 2128 Nathanae'le
1300 2118 1309 2138 ,
1338 2082 1459 2143 quod
1481 2081 1607 2126 dolus
1628 2082 1672 2126 in
1689 2080 1765 2126 illo

385 2171 474 2200 non
493 2165 583 2199 erat
605 2174 614 2199 :
638 2155 739 2215 quia
762 2154 889 2198 multi
912 2154 1112 2198 Pharisaei
1142 2155 1218 2214 qui
1240 2153 1524 2197 abundabant
1551 2153 1733 2213 peccatis
1752 2187 1763 2207 ,

384 2228 522 2286 justos
546 2241 589 2269 se
605 2225 833 2278 dicebant,
859 2233 901 2268 et
919 2223 1067 2268 dolum
1091 2224 1331 2268 afferebant
1348 2259 1358 2279 ,
1382 2239 1457 2283 per
1474 2239 1605 2284 quem
1628 2222 1768 2267 sanari

388 2312 476 2341 non
501 2306 710 2356 poterant.

449 2371 547 2412 XX.
572 2370 690 2412 Vidit
713 2369 913 2427 ergojam
931 2368 1060 2411 istum
1078 2367 1121 2410 in
1142 2382 1230 2427 quo
1245 2366 1370 2410 dolus
1386 2381 1474 2410 non
1497 2374 1602 2419 erat,
1629 2373 1671 2408 et
1687 2364 1765 2407 ait:

396 2460 415 2482 «
449 2444 562 2485 Ecce
585 2456 682 2484 vere
705 2440 896 2484 Israelita
913 2475 923 2493 ,
949 2440 993 2482 in
1015 2454 1104 2498 quo
1125 2437 1251 2483 dolus
1273 2453 1361 2483 non
1387 2447 1464 2482 est.
1494 2437 1603 2481 Dicit
1624 2435 1662 2479 ei
1685 2438 1771 2481 Na-

392 1820 400 1843 υ

442 2528 446 2540 ¹
475 2529 549 2558 Luc.
571 2538 632 2565 vn,
652 2527 703 2568 39.
730 2543 764 2550 -
787 2532 797 2547 ²
820 2525 899 2557 lbid.
923 2523 977 2566 41,
1002 2528 1065 2556 etc.
