1825 3214
255 236 298 262 m
330 234 504 262 sommis
535 229 844 267 numanum,
878 227 1024 256 rnltcr.
1061 228 1192 256 xxvn.
1349 215 1427 253 311

46 301 210 347 dictum
234 307 319 350 ost,
349 318 368 340 a
395 298 502 343 Vivo
527 304 702 357 propter
732 297 926 348 Patrem,
953 312 973 334 »
1000 292 1102 352 quia
1131 292 1220 351 ipse
1252 290 1307 335 (lo
1335 290 1432 345 illo,

47 388 135 417 non
158 371 230 415 ille
261 370 315 414 do
338 370 429 429 ipso
458 377 521 412 est.
548 386 556 412 :
582 368 673 411 sino
703 365 966 410 detrimento
989 361 1248 424 {equalitatis
1270 362 1438 406 dictum

47 453 125 490 est.
150 445 240 488 Nee
262 451 409 486 tamen
433 439 644 494 dicendo,
669 457 688 480 «
714 440 770 482 Et
798 436 873 496 qui
899 434 1136 481 manducat
1159 449 1249 488 mo,
1276 444 1318 478 et
1349 434 1438 492 ipse

50 533 70 557 »
104 514 222 559 vivet
243 520 421 572 propter
442 525 534 565 me,
555 528 575 551 »
597 506 794 553 eamdem
828 521 949 551 suam
981 514 1024 549 ot
1048 513 1239 549 nostram
1259 503 1440 564 acquali-

48 593 182 631 tatem
201 582 462 643 significavit
483 600 492 627 ε
515 579 589 626 sed
610 578 789 638 gratiam
813 576 1060 622 mediatoris
1083 571 1288 619 ostendit.

105 657 205 700 XX.
235 672 256 697 «
287 654 368 698 Hic
395 661 458 696 est
483 651 630 711 panis,
666 650 741 710 qui
765 649 819 693 de
841 647 953 693 coelo
982 645 1209 691 descendit
1237 646 1267 688 ¹.
1302 663 1309 688 :
1339 661 1359 685 »
1391 652 1442 688 ut

47 727 171 771 illum
199 722 505 769 manducando
526 722 722 766 vivamus
739 755 750 776 ,
771 719 872 779 quia
896 727 1101 763 aeternam
1126 716 1261 761 vitam
1284 730 1335 759 ex
1362 730 1444 760 no-

50 798 116 843 bis
137 797 300 841 habere
322 809 411 839 non
440 806 684 853 possumus.
717 810 737 832 «
762 791 859 835 Non
889 790 1022 844 sicut,
1055 788 1225 848 inquit,
1251 784 1442 830 mandu-

52 887 72 910 »
107 874 315 912 caverunt
344 874 484 925 patros
516 862 647 908 vestri
682 865 866 914 manna,
905 869 948 904 ot
989 859 1149 903 mortui
1179 864 1283 902 sunt
1323 876 1331 901 :
1365 856 1442 916 qui

51 957 72 980 »
108 936 342 982 manducat
365 937 482 979 hunc
501 947 675 993 panem,
694 932 812 976 vivet
829 931 874 974 in
897 938 1126 974 aeternum.
1151 945 1171 968 »
1193 925 1323 981 Quod
1340 942 1443 987 ergo

50 1008 111 1053 illi
132 1008 294 1052 mortui
318 1014 435 1061 sunt,
460 1005 518 1049 ita
540 1004 636 1049 vult
663 1001 864 1061 intelligi,
890 1009 940 1045 ut
962 1015 1052 1045 non
1072 999 1220 1044 vivant
1242 998 1287 1042 in
1311 1007 1443 1043 aeter-

49 1096 172 1125 num,
212 1082 322 1125 Nam
362 1075 657 1137 temporaliter
690 1083 734 1119 et
759 1074 804 1118 hi
827 1071 1025 1133 profecto
1061 1071 1327 1126 morientur,
1365 1071 1442 1130 qui

49 1152 270 1198 Christum
287 1149 573 1203 manducant,
598 1145 675 1193 sed
694 1145 849 1192 vivunt
862 1145 909 1190 in
927 1152 1156 1200 aeternum‚
1177 1141 1279 1203 quia
1300 1141 1440 1188 Chris-

52 1232 120 1268 tus
138 1231 201 1267 est
221 1222 311 1268 vita
333 1230 510 1266 aeterna.

53 1382 1443 1411 wmmwwmwwmlmmmmmwwmwmwmmww

417 1513 829 1565 TRACTATUS
862 1508 1082 1561 XXV112.

54 1697 123 1742 Ab
141 1711 194 1741 eo
219 1692 341 1755 quod
369 1692 579 1752 scriptum
598 1699 678 1745 est,
705 1687 831 1733 Hcee
856 1685 982 1731 clc'oez't
1003 1685 1051 1730 in
1072 1698 1326 1746 synagogav
1357 1680 1441 1728 clo-

112 1781 226 1812 cens
252 1762 460 1810 sabbato
495 1763 543 1806 in
573 1758 928 1820 Caphar-naz'itn
953 1774 964 1801 :
1003 1770 1143 1816 usque
1165 1755 1221 1799 ad
1248 1754 1321 1809 id,
1345 1752 1440 1798 Ille

114 1837 241 1882 enim
263 1833 527 1880 traditurus
550 1841 658 1878 erat
679 1845 804 1886 eum,
823 1844 932 1874 cum
953 1835 1075 1873 esset
1095 1841 1215 1871 unus
1238 1841 1302 1871 ex
1319 1822 1438 1870 dao-

113 1907 283 1953 decim.

114 2058 150 2100 Ι.
175 2056 323 2099 VERBA
351 2050 528 2097 Domini
545 2065 595 2094 ex
617 2048 856 2108 Evangelio
873 2082 885 2103 ,
909 2063 1008 2109 quae
1028 2059 1271 2092 sermonem
1292 2045 1440 2105 pristi-

55 2141 163 2171 num
184 2130 513 2182 consequuntur
529 2155 541 2176 ‚
565 2119 824 2165 audivimus.
850 2120 962 2164 Hinc
985 2133 1127 2163 sermo
1153 2117 1341 2162 debetur
1362 2131 1442 2161 au-

55 2196 175 2241 ribus
204 2204 248 2239 et
279 2193 501 2238 mentibus
524 2191 676 2236 vestris
691 2225 703 2245 ,
739 2199 783 2234 et
802 2190 1016 2235 hodierno
1036 2188 1122 2233 diei
1146 2203 1235 2233 non
1270 2188 1438 2247 impor-

56 2276 188 2313 tunus
209 2273 273 2310 est.
299 2283 308 2309 ι
329 2272 392 2307 est
412 2262 528 2306 enim
551 2260 606 2306 de
627 2275 808 2319 corpore
830 2260 1024 2315 Domini,
1057 2258 1179 2320 quod
1200 2258 1373 2303 dicebat
1393 2273 1438 2303 se

56 2338 159 2383 dare
180 2335 235 2381 ad
251 2332 608 2379 manducandum
630 2339 807 2390 propter
827 2340 1033 2375 aeternam
1055 2331 1205 2374 vitam.
1227 2330 1438 2389 Exposuit

57 2417 204 2454 autem
231 2406 413 2451 modum
438 2402 731 2449 attributionis
747 2402 874 2461 hujus
896 2410 940 2446 et
962 2402 1065 2446 doni
1088 2401 1180 2457 sui,
1211 2400 1436 2461 quomodo

56 2480 180 2525 daret
194 2492 369 2524 carnem
390 2491 512 2521 suam
534 2473 812 2529 manducare,
832 2472 980 2518 dicens
1006 2492 1016 2519 ε
1046 2491 1066 2515 «
1090 2473 1176 2527 Qui
1199 2470 1436 2517 manducat

106 2593 117 2610 ¹
139 2587 230 2620 Joan.
250 2595 297 2626 w,
317 2583 371 2628 59.
392 2599 432 2607 —-
453 2590 467 2607 ²
486 2579 666 2616 Habitusin
679 2578 871 2615 cehebritate
886 2579 918 2613 S.
937 2579 1111 2613 Laurentii.
