1825 3214
301 234 339 258 ix
375 227 548 258 somnis
580 226 894 266 ΕνΑΝαΕιιυΜ,
929 225 1076 257 Tutor.
1115 230 1220 256 xxx.
1366 216 1444 257 341

61 300 167 344 mini
187 335 197 353 ,
219 306 262 342 et
284 306 463 358 propter
479 311 557 340 nos
577 295 786 354 seriptum
810 303 873 337 est
890 329 900 348 ,
926 303 969 338 et
989 295 1114 338 nobis
1139 304 1379 351 servatum,
1410 307 1453 342 et

59 380 240 433 propter
269 386 346 414 nos
369 370 599 414 recitatum
619 402 629 422 ,
663 376 706 410 et
727 365 980 410 recitabitur
999 367 1127 409 etiam
1151 377 1329 426 propter
1352 384 1454 428 pos-

60 453 173 488 teros
196 451 379 495 nosti-03,
405 450 448 485 et
470 440 610 485 donec
632 437 840 483 saeculum
866 438 1057 481 finiatur.
1082 440 1260 482 Sursum
1286 449 1349 484 est
1368 444 1454 484 Do-

59 515 203 559 minus
229 533 237 558 :
266 512 340 557 sed
362 512 491 556 etiam
526 512 596 554 hic
620 519 682 554 est
703 509 858 553 veritas
884 509 1107 554 Dominus.
1151 511 1319 568 Corpus
1340 513 1454 555 enim

0 623 1 628 ,
62 585 233 630 Domini
271 585 314 627 in
349 599 436 644 quo
471 581 727 635 resurrexit,
749 595 839 624 uno
861 579 958 624 loco
987 595 1076 623 esse
1097 589 1240 638 potest
1266 601 1275 624 ;
1301 582 1455 625 veritas

0 671 1 681 ¹
61 658 150 717 ejus
172 656 339 715 ubique
363 654 522 697 (litl'usa
539 662 616 696 est.
636 651 870 696 Dominum
888 665 990 709 ergo
1008 650 1251 704 audiamus,
1271 660 1313 694 et
1335 652 1455 711 quod

59 729 150 787 ipse
172 726 398 770 donaverit
420 725 475 768 de
497 724 640 768 verbis
663 724 753 783 ejus
771 758 781 776 ,
802 730 846 767 et
869 738 946 766 nos
966 722 1177 767 dicamus.

0 842 1 855 ἶ
122 802 179 842 11.
212 817 230 839 «
257 800 412 842 Nonne
446 799 640 854 Moyses,
667 795 833 855 inquit,
869 794 992 839 dedit
1025 794 1146 838 vobis
1189 800 1342 854 Legem
1362 830 1372 850 ,
1415 805 1458 840 et

0 883 1 921 j
63 889 83 912 »
119 885 248 914 nemo
271 885 320 913 ex
342 868 466 913 vobis
490 867 591 912 facit
626 871 783 926 Legem
804 868 821 909 ‘3
843 865 955 920 Quid
980 882 1047 910 me
1071 866 1264 927 quaeritis
1289 867 1457 912 interfi-

62 962 83 985 »
118 957 215 987 cere
231 944 276 986 ¹?
298 961 316 983 »
341 940 445 985 Ideo
462 941 578 984 enim
595 940 788 1000 quaeritis
807 955 876 983 me
899 939 1168 994 interficere,
1195 939 1296 999 quia
1325 955 1455 984 nemo

0 1002 1 1027 ³
59 1031 109 1060 ex
132 1015 255 1060 vobis
288 1012 391 1058 facit
424 1016 582 1072 Legem
612 1031 619 1056 :
647 1027 747 1055 nam
785 1013 818 1055 si
849 1014 1008 1070 Legem
1034 1011 1259 1066 faceretis,
1286 1012 1331 1056 in
1357 1013 1457 1072 ipsis

60 1086 214 1131 litteris
236 1085 458 1129 Christum
482 1083 772 1142 agnosceretis
791 1118 801 1138 ,
828 1093 871 1127 et
893 1093 1150 1142 praesentem
1176 1099 1266 1128 non
1289 1083 1458 1128 occide-

61 1159 177 1203 retis.
207 1160 263 1201 Et
287 1156 350 1200 illi
373 1154 692 1214 responderunt
719 1173 727 1199 :
760 1173 778 1196 «
806 1153 1049 1214 Respondit
1072 1156 1109 1198 ei
1132 1156 1276 1199 turba.
1306 1174 1326 1196 »
1352 1159 1458 1200 Res-

59 1229 214 1291 pondit
236 1228 357 1288 quasi
395 1227 524 1271 turba
559 1243 648 1270 non
670 1225 932 1286 pertinentia
959 1226 1013 1270 ad
1037 1227 1233 1271 ordinem
1252 1263 1262 1282 ,
1289 1228 1362 1271 sed
1403 1228 1457 1272 ad

62 1300 434 1362 perturbationem
469 1317 477 1343 :
505 1297 696 1358 denique
718 1297 847 1341 turba
872 1297 1046 1341 turbata
1077 1297 1219 1343 videte
1237 1297 1345 1359 quid
1366 1314 1456 1343 res-

0 1371 1 1375 *
61 1372 283 1433 ponderit:
307 1370 616 1414 «Daemonium
636 1369 770 1413 habes
783 1405 797 1425 ,
823 1371 919 1430 quis
940 1378 982 1413 te
1004 1370 1163 1430 quaerit
1188 1371 1386 1415 occidere
1403 1373 1450 1415 P»

58 1444 191 1498 Quasi
225 1458 314 1486 non
343 1443 464 1501 pejus
492 1439 624 1485 fuerit
660 1439 831 1495 dicere,
869 1460 888 1483 «
924 1442 1200 1485 Daemonium
1234 1442 1392 1497 habes,
1431 1462 1451 1483 n

57 1531 190 1577 quam
215 1530 314 1560 eum
340 1514 550 1558 occidere.
575 1513 625 1556 Ei
655 1513 819 1573 quippe
854 1513 1022 1557 dietum
1058 1523 1121 1558 est
1142 1513 1262 1574 quod
1286 1514 1452 1559 daemo-

58 1589 179 1632 nium
202 1587 384 1631 haberet
399 1621 409 1641 ,
431 1585 506 1646 qui
523 1584 743 1629 daemones
761 1584 1020 1644 expellebat.
1047 1585 1161 1639 Quid
1180 1587 1314 1645 possit
1333 1586 1453 1632 aliud

59 1659 202 1703 dicere
226 1657 355 1702 turba
378 1655 668 1700 turbulenta?
691 1655 803 1708 Quid
826 1656 960 1715 possit
990 1655 1109 1700 aliud
1128 1656 1244 1701 olere
1275 1673 1452 1702 coenum

59 1730 361 1775 commotum?
381 1728 526 1771 Turba
540 1727 716 1770 turbata
734 1736 813 1782 est,
834 1727 985 1772 unde?
1003 1744 1025 1772 a
1048 1729 1245 1773 veritate.
1260 1730 1451 1773 Turbam

59 1800 333 1862 lippitudinis
355 1799 550 1844 turbavit
567 1798 738 1843 claritas
751 1799 1017 1844 lueis.Oculi
1039 1801 1155 1844 enim
1178 1816 1266 1845 non
1285 1801 1454 1846 haben-

60 1883 123 1917 tes
145 1873 371 1917 sanitatem
386 1907 396 1926 ,
422 1886 510 1915 non
533 1878 714 1930 possunt
743 1868 855 1912 ferre
876 1868 1053 1913 luminis
1076 1871 1331 1916 claritatem.

139 1946 222 1987 111.
257 1942 467 1986 Dominus
497 1949 642 1984 autem
679 1955 767 1984 non
798 1939 927 2000 plane
961 1941 1185 1997 turbatus,
1211 1943 1352 1987 sedin
1375 1960 1451 1989 sua

59 2015 241 2060 veritate
268 2010 530 2072 tranquillus
552 2032 562 2068 3
587 2026 677 2054 non
700 2009 893 2054 reddidit
912 2010 1075 2055 malum
1100 2028 1179 2072 pro
1202 2013 1317 2058 malo
1335 2050 1346 2069 ,
1372 2029 1452 2058 nec

62 2083 341 2129 maledictum
366 2098 445 2142 pro
482 2081 715 2125 maledieto
733 2083 764 2126 ².
795 2081 966 2135 Quibus
987 2082 1019 2125 si
1048 2082 1239 2139 diceret,
1277 2087 1453 2130 Daemo-

62 2158 184 2201 nium
214 2154 382 2199 habetis
403 2169 479 2198 vos
499 2175 509 2210 3
533 2167 686 2197 verum
707 2153 860 2213 utique
884 2153 1061 2198 diceret.
1093 2157 1191 2200 Non
1214 2157 1327 2200 enim
1352 2157 1453 2202 talia

62 2227 124 2272 illi
141 2226 310 2271 veritati
327 2225 537 2280 dicerent,
558 2224 636 2268 nisi
657 2239 727 2268 eos
746 2224 910 2269 diaboli
932 2224 1093 2270 falsitas
1110 2227 1311 2273 irritaret.
1335 2229 1449 2283 Quid

62 2315 165 2358 ergo
187 2296 441 2358 respondit?
466 2294 704 2341 Audiamus
727 2296 988 2356 tranquille,
1012 2306 1055 2341 et
1072 2299 1357 2359 tranquillum
1383 2301 1452 2344 bi-

62 2372 216 2415 bamus
245 2389 253 2414 :
283 2389 303 2411 «
324 2371 467 2413 Unum
493 2384 602 2428 opus
625 2366 731 2423 feci,
758 2377 801 2413 et
823 2383 972 2413 omnes
993 2370 1255 2415 miraminiss.
1285 2391 1304 2413 »
1335 2375 1451 2416 Tan-

63 2456 193 2502 quam
227 2439 373 2484 dicens
390 2474 400 2494 ,
426 2439 544 2493 Quid
565 2439 600 2483 si
623 2440 767 2484 omnia
788 2455 918 2499 opera
941 2456 1035 2485 mea
1058 2441 1292 2486 videretis?
1315 2444 1454 2501 Ipsius

66 2513 181 2558 enim
204 2526 336 2571 opera
361 2519 484 2555 erant
506 2526 606 2571 quae
629 2510 675 2554 in
695 2510 863 2555 mundo
894 2510 1124 2567 videbant,
1156 2522 1197 2557 et
1219 2512 1359 2572 ipsum
1379 2515 1453 2573 qui

115 2599 230 2629 ¹Joan.
251 2605 444 2638 v11,19,2o.
470 2613 509 2618 ·—-
530 2598 789 2636 ‘ipen-1159.
811 2611 851 2618 —-
867 2593 880 2617 3
897 2597 988 2627 Joan.
1005 2608 1065 2633 vn,
1083 2605 1137 2627 Ἥ.
