1809 3173
334 244 385 280 12
760 253 792 280 s.
830 249 1059 280 Aucus'nm
1093 251 1271 279 Episcom

330 318 494 362 dictum
517 324 579 360 est
601 315 654 360 dc
676 316 882 376 sapientia
902 336 911 362 :
937 320 1131 376 «Legem
1151 325 1295 361 autem
1309 324 1352 360 et
1374 312 1708 358 misericordiam

332 406 351 429 »
388 388 431 430 in
454 387 597 444 lingua
618 395 761 446 portat
776 389 805 430 ¹.
835 405 855 428 »
880 387 976 432 Noli
1002 387 1147 430 timere
1163 422 1173 438 ,
1192 402 1245 431 ne
1261 386 1439 446 implere
1461 385 1602 443 legem
1622 399 1711 429 non

327 458 476 518 possiS‚
503 457 606 515 fuge
627 458 682 502 ad
705 457 1056 502 misericordiam.
1085 458 1128 503 Si
1145 458 1333 502 multum
1350 464 1414 501 est
1435 455 1489 500 ad
1509 464 1549 499 te
1570 454 1711 514 legem

327 530 535 589 implere,
561 538 683 573 utere
706 538 832 588 pacto
856 529 931 573 illo
947 564 957 584 ,
986 538 1108 573 utere
1130 529 1415 588 chirographo
1431 563 1442 583 ‚
1469 536 1590 571 utere
1612 542 1712 586 pre-

327 602 449 645 cibus
474 616 581 661 quas
608 600 689 645 tibi
720 601 943 645 constituit
971 609 1014 645 et
1043 601 1286 660 composuit
1319 600 1593 660 jurisperitus
1620 613 1712 643 coe-

328 672 459 716 lestis.

391 745 472 787 XI.
506 743 591 796 Qui
619 743 730 787 enim
766 743 931 787 habent
959 758 1152 797 causam,
1196 752 1239 787 et
1274 741 1429 787 volunt
1468 741 1713 801 supplicare

326 814 581 873 Imperatori
601 848 612 868 ,
657 822 861 874 quaerunt
907 813 1095 873 aliquem
1147 812 1452 858 scholasticum
1484 812 1712 872 jurisperi-

326 894 441 939 tum,
468 900 491 928 a
523 899 612 944 quo
636 884 717 928 sibi
753 888 905 928 Preces
934 894 1254 944 componantur
1277 904 1285 929 :
1315 900 1370 928 ne
1400 883 1511 929 forte
1533 883 1567 928 si
1590 883 1714 927 aliter

323 954 526 1014 petierint
544 970 674 1014 quam
711 964 912 1014 oportet,
939 972 1027 1000 non
1049 957 1190 1001 solum
1215 972 1305 1001 non
1335 957 1570 1016 impetrent
1591 955 1713 1015 quod

324 1034 505 1084 petunt,
530 1025 605 1068 sed
637 1034 679 1069 et
702 1041 879 1085 poenam
902 1042 981 1086 pro
1004 1028 1216 1072 beneficio
1236 1035 1574 1086 consequantur.
1600 1027 1713 1069 Cum

324 1111 427 1155 ergo
461 1105 707 1156 quaererent
738 1096 980 1156 supplicare
1018 1098 1243 1158 Apostoli,
1287 1107 1329 1142 et
1358 1113 1447 1142 non
1468 1097 1714 1141 invenirent

324 1166 548 1227 quomodo
573 1166 742 1210 adirent
759 1167 1064 1226 imperatorem
1088 1172 1224 1212 Deum
1243 1203 1254 1223 ,
1275 1168 1481 1211 dixerunt
1503 1167 1675 1211 Christo
1702 1186 1711 1211 :

331 1256 351 1280 «
387 1238 590 1293 Domine,
615 1236 722 1282 doce
751 1253 828 1282 nos
862 1254 983 1283 orare
1011 1259 1019 1284 :
1051 1260 1067 1280 ·»
1092 1240 1174 1284 hoc
1208 1248 1271 1283 est
1292 1274 1302 1294 ‚
1328 1237 1580 1297 jurisperite
1614 1252 1716 1281 nos-

327 1319 391 1353 ter
407 1345 417 1363 ,
442 1324 648 1365 assessor,
675 1311 761 1354 imo
783 1326 1005 1355 consessor
1027 1312 1130 1367 Dei,
1155 1326 1369 1370 compone
1398 1310 1524 1354 nobis
1546 1323 1709 1367 preces,

325 1383 382 1424 Et
414 1381 564 1424 docuit
592 1382 801 1425 Dominus
829 1381 883 1426 de
905 1382 1016 1427 libro
1042 1383 1150 1443 juris
1183 1382 1395 1436 coelestis,
1427 1380 1577 1425 docuit
1600 1395 1714 1439 quo-

324 1452 455 1496 modo
479 1461 652 1496 orarent
675 1472 682 1497 :
712 1461 752 1496 et
774 1454 819 1496 in
841 1454 934 1512 ipso
962 1453 1083 1514 quod
1113 1453 1289 1507 docuit,
1315 1452 1461 1512 posuit
1477 1451 1714 1511 (piamdam

324 1521 619 1566 conditionem
646 1541 654 1567 ε
680 1524 893 1567 «Dimitte
916 1524 1042 1568 nobis
1073 1522 1221 1567 debita
1245 1532 1390 1567 nostra
1407 1557 1418 1577 ,
1440 1522 1551 1566 sicut
1572 1530 1614 1564 et
1636 1535 1714 1565 nos

327 1593 614 1637 »dimittimus
628 1593 899 1638 debitoribus
915 1595 1141 1639 nostris2.»
1157 1594 1199 1639 Si
1213 1610 1302 1639 non
1317 1609 1446 1638 secun
1454 1593 1557 1636 dum
1572 1591 1713 1650 legem

326 1663 512 1722 petieris,
535 1679 630 1708 reus
649 1665 744 1708 eris.
766 1665 1071 1709 Contremiscis
1087 1668 1399 1724 Imperatorem
1421 1663 1561 1707 factus
1586 1663 1714 1706 reus?

324 1734 434 1778 offer
443 1734 698 1778 sacrificium
710 1735 980 1789 humilitatis,
994 1736 1104 1779 offer
1117 1734 1374 1779 sacrificium
1388 1732 1710 1787 misericordiae,

302 1804 394 1850 ,dic
426 1805 471 1848 in
494 1804 720 1863 precibus,
748 1805 925 1849 Dimitte
946 1806 1084 1859 mihi,
1108 1805 1317 1865 quoniam
1346 1814 1389 1848 et
1412 1819 1492 1863 ego
1522 1803 1710 1848 dimitto.

327 1874 411 1919 Sed
434 1875 468 1918 si
499 1874 630 1930 dicis,
657 1874 740 1919 fac.
769 1874 885 1928 Quid
907 1876 1023 1919 enim
1047 1874 1241 1919 facturus
1262 1890 1328 1929 es,
1365 1889 1454 1934 quo
1477 1874 1616 1918 iturus
1639 1889 1681 1917 es
1701 1908 1711 1928 ‚

325 1947 357 1988 si
381 1945 588 1989 mentitus
615 1943 745 1988 fueris
773 1946 819 1988 in
851 1945 1087 2004 precibus?
1108 1948 1205 1990 Non
1239 1943 1462 2005 quomodo
1485 1943 1643 1988 dicitur
1670 1944 1715 1987 in

325 2015 420 2059 foro
438 2051 448 2070 ‚
477 2015 642 2060 carebis
671 2015 882 2060 beneficio
908 2016 1124 2076 rescripti3
1149 2015 1224 2060 sed
1247 2031 1326 2060 nec
1354 2015 1609 2074 rescriptum
1632 2015 1715 2057 im-

324 2087 527 2145 petrabis.
554 2088 578 2129 J
584 2087 669 2129 uris
693 2087 808 2130 enim
830 2085 1010 2130 forensis
1028 2096 1114 2141 est,
1140 2095 1190 2130 ut
1211 2087 1287 2147 qui
1308 2086 1351 2130 in
1369 2085 1572 2145 precibus
1593 2099 1714 2127 men-

325 2157 427 2201 titus
450 2156 597 2211 fuerit,
620 2172 709 2201 non
731 2155 794 2199 illi
817 2157 950 2216 prosit
971 2157 1091 2216 quod
1109 2157 1371 2216 impetravit.
1400 2156 1483 2201 Sed
1501 2157 1584 2200 hoc
1602 2156 1715 2198 inter

324 2228 537 2281 homines,
564 2228 665 2287 quia
688 2236 832 2286 potest
852 2227 946 2271 falli
968 2228 1125 2285 homo3
1149 2228 1293 2286 potuit
1321 2226 1412 2270 falli
1436 2230 1679 2286 Imperator
1698 2259 1710 2279 ,

323 2298 499 2358 quando
522 2313 669 2357 preces
692 2298 846 2342 misisti
867 2317 875 2342 :
909 2297 1051 2343 dixisti
1076 2299 1194 2342 enim
1215 2296 1336 2358 quod
1357 2296 1558 2352 voluisti,
1579 2306 1621 2341 et
1642 2297 1713 2341 cui

324 2368 480 2423 dixisti,
506 2368 641 2412 nescit
663 2383 718 2412 an
734 2383 886 2412 verum
905 2368 959 2412 sit
978 2367 1164 2412 :dimisit
1186 2377 1228 2412 te
1251 2367 1495 2412 adversario
1520 2376 1594 2411 tuo
1613 2383 1717 2411 con-

322 2438 587 2483 vincendum
604 2473 616 2494 ‚
640 2444 691 2482 ut
712 2439 744 2482 si
767 2448 864 2482 ante
881 2439 1073 2498 judicem
1104 2438 1328 2483 convictus
1345 2437 1477 2481 fueris
1500 2437 1554 2481 de
1586 2453 1715 2481 men-

324 2508 472 2564 dacio,
509 2509 610 2568 quia
644 2524 733 2553 non
766 2509 908 2568 potuit
940 2508 1013 2552 ille
1049 2509 1131 2553 nisi
1168 2518 1396 2568 praestare,
1431 2509 1628 2552 nesciens
1658 2523 1714 2552 an

373 2600 379 2615 ¹
404 2596 494 2626 prov.
518 2604 606 2635 xxti,
629 2594 681 2627 26,
705 2610 745 2616 -
769 2601 781 2615 2
803 2595 876 2625 Lucv
903 2604 945 2631 xi,
969 2593 1033 2634 1-4.
