1825 3214
287 215 331 241 m
364 211 539 241 JOANNIS
571 209 878 248 EVANGELIUM,
912 210 1060 239 cruor.
1098 211 1209 238 xxix.
1350 202 1433 240 330

118 281 237 324 v111.
267 281 391 334 «Qui
420 296 443 325 a
481 280 712 339 semetipso
750 278 972 337 loquitur,
1015 279 1195 337 gloriam
1218 279 1437 338 propriam

48 367 69 391 η
103 351 261 411 quaerit
276 352 306 395 ¹.
328 369 347 393 »
372 352 464 395 Hoc
482 350 563 394 erit
581 349 653 394 ille
675 349 752 410 qui
769 358 951 394 vocatur
972 350 1281 405 Antichristus,
1304 350 1440 394 extol-

43 420 137 466 lens
170 437 242 477 se,
278 422 390 466 sicut
422 420 658 481 Apostolus
690 420 774 475 ait,
809 435 941 478 supra
963 434 1092 463 omne
1125 420 1246 479 quod
1280 420 1439 465 dicitur

47 494 158 536 Deus
172 527 183 547 ,
209 501 253 537 et
273 490 395 552 quod
412 491 611 537 colitur2.
633 493 786 551 Ipsum
813 491 976 551 quippe
998 491 1264 535 annuntians
1290 491 1439 535 Domi-

43 579 124 608 nus
148 563 329 622 gloriam
351 579 474 609 suam
491 564 795 624 quaesiturum,
821 577 910 606 non
934 562 1120 621 gloriam
1138 562 1290 618 Patris,
1309 562 1369 607 ait
1386 562 1442 607 ad

43 636 249 682 Judaeos:
272 656 292 679 «
317 640 411 696 Ego
434 637 533 683 veni
557 637 603 681 in
624 637 801 681 nomine
823 635 960 680 Patris
983 635 1084 690 mei,
1115 644 1158 680 et
1185 650 1275 680 non
1297 650 1443 680 susce-

47 726 66 748 »
103 708 222 766 pistis
247 724 316 752 me
331 710 346 733 ³
375 727 383 752 :
411 726 430 749 »
463 708 572 752 alius
594 708 740 752 veniet
764 707 812 751 in
829 706 1006 752 nomine
1027 722 1108 751 suo
1123 742 1138 762 ,
1162 706 1282 752 hunc
1304 706 1443 752 susci-

44 779 183 837 pietis.
207 779 474 837 Significavit
493 795 565 824 eos
588 778 904 824 Antichristum
924 787 1223 838 suscepturos,
1245 779 1321 838 qui
1345 776 1443 837 glo-

45 849 152 893 riam
174 850 365 894 nominis
388 850 455 894 sui
474 850 736 910 quaesiturus
757 859 837 903 est,
857 849 1061 905 inflatus,
1078 865 1168 894 non
1191 849 1354 895 solidus
1371 870 1383 907 3
1401 858 1446 894 et

44 920 142 965 ideo
159 936 248 965 non
263 921 445 975 stabilis,
462 920 539 966 sed
553 921 706 981 utique
725 921 942 965 ruinosus.
955 922 1166 965 Dominus
1183 930 1329 965 autem
1347 935 1447 965 nos-

0 1037 1 1053 ,
44 1000 108 1035 ter
126 994 250 1036 Jesus
273 992 471 1037 Christus
494 1007 706 1051 magnum
727 990 975 1051 exemplum
998 991 1124 1036 nobis
1146 991 1336 1051 praebuit
1359 992 1444 1035 hu-

44 1062 236 1108 militatis
266 1082 274 1107 :
298 1079 454 1123 nempe
477 1062 657 1123 aequalis
679 1072 743 1107 est
768 1063 908 1117 Patri,
935 1078 1093 1121 nempe
1117 1081 1136 1103 «
1158 1064 1202 1105 in
1228 1063 1444 1122 principio

47 1153 66 1175 »
102 1144 198 1179 erat
218 1135 430 1190 Verbum,
449 1145 492 1179 et
510 1135 706 1179 Verbum
729 1143 821 1178 erat
839 1134 957 1194 apud
977 1137 1132 1188 Deum,
1150 1143 1193 1178 et
1218 1138 1330 1178 Deus
1353 1144 1446 1179 erat

49 1225 67 1246 »
104 1206 301 1250 Verbum
318 1227 330 1264 3
350 1225 369 1247 n
392 1221 548 1266 nempe
567 1206 658 1266 ipse
674 1206 797 1261 dixit,
814 1215 857 1250 et
874 1205 1095 1250 verissime
1110 1205 1219 1249 dixit
1238 1225 1246 1250 :
1267 1225 1287 1248 «
1306 1209 1446 1250 Tanto

49 1296 68 1318 »
105 1286 302 1338 tempore
316 1277 544 1323 vobiscum
566 1293 680 1333 sum,
695 1287 739 1322 et
761 1293 851 1322 non
873 1277 1136 1337 cognovistis
1158 1277 1253 1321 me⁴¹
1267 1278 1316 1320 22»
1339 1278 1445 1322 Phi-

0 1367 1 1371 *
45 1348 164 1408 lippe
182 1384 193 1404 ,
218 1351 293 1409 qui
316 1349 428 1395 vidit
446 1365 537 1405 me,
572 1349 682 1394 vidit
704 1357 747 1393 et
770 1352 970 1406 Patrem3
1007 1363 1165 1407 nempe
1188 1348 1280 1408 ipse
1302 1348 1409 1394 dixit
1430 1384 1441 1405 ‚

44 1430 87 1465 et
114 1422 333 1465 verissime
365 1421 474 1465 dixit
504 1440 512 1465 :
543 1440 564 1463 «
588 1423 683 1480 Ego
711 1430 754 1465 et
788 1424 915 1464 Pater
948 1435 1088 1464 unum
1120 1423 1310 1464 sumus⁵.
1341 1439 1361 1462 »
1400 1421 1444 1466 Si

43 1508 147 1552 ergo
168 1492 241 1537 ille
261 1509 363 1537 cum
387 1496 514 1537 Patre
542 1508 705 1549 unum,
730 1491 909 1552 aequalis
939 1492 1080 1547 Patri,
1105 1494 1218 1536 Deus
1242 1491 1296 1536 de
1320 1495 1409 1537 Deo
1425 1527 1437 1549 ,

46 1565 156 1608 Deus
178 1562 298 1623 apud
320 1566 482 1619 Deum,
508 1572 769 1619 coaeternus,
789 1562 1069 1616 immortalis,
1090 1562 1251 1622 pariter
1272 1563 1442 1608 incom-

44 1633 287 1690 mutabilis,
313 1636 474 1695 pariter
495 1637 586 1680 sine
607 1645 828 1695 tempore,
855 1634 1018 1695 pariter
1039 1642 1211 1678 creator
1227 1643 1270 1678 et
1291 1635 1442 1694 dispo-

42 1704 147 1749 sitor
164 1714 412 1765 temporum
429 1726 441 1764 3
457 1715 603 1750 tamen
627 1706 731 1766 quia
747 1705 868 1750 venit
890 1705 936 1748 in
958 1713 1169 1764 tempore,
1191 1713 1235 1749 et
1256 1703 1442 1750 formam

42 1777 151 1820 servi
167 1777 355 1836 accepit,
376 1786 419 1821 et
440 1778 595 1821 habitu
617 1786 682 1821 est
700 1777 906 1821 inventus
923 1784 974 1819 ut
997 1776 1145 1828 homo,
1173 1776 1331 1834 quaerit
1345 1775 1441 1835 glo-

42 1847 150 1892 riam
173 1850 311 1893 Patris
327 1884 339 1904 ,
371 1864 462 1894 non
488 1864 610 1894 suam
628 1849 644 1874 ⁶
666 1867 676 1892 ι
702 1847 810 1907 quid
844 1856 895 1890 tu
916 1848 1050 1890 homo
1065 1880 1076 1900 ,
1102 1844 1244 1890 facere
1279 1846 1434 1902 debes,

41 1919 118 1978 qui
155 1918 332 1979 quando
374 1919 542 1979 aliquid
575 1918 682 1963 boni
715 1917 822 1962 facis
840 1951 852 1972 ,
882 1916 1064 1975 gloriam
1094 1925 1217 1960 tuam
1246 1918 1405 1976 quaeris
1429 1937 1441 1976 3

40 1989 220 2050 quando
242 2000 387 2035 autem
411 1989 578 2050 aliquid
597 1988 701 2034 mali
734 1989 861 2043 facis,
895 1991 986 2032 Deo
1009 1986 1275 2031 calumniam
1297 1987 1438 2033 medi-

41 2060 174 2105 taris?
198 2060 382 2105 Intende
406 2060 502 2115 tibi,
526 2069 724 2105 creatura
745 2074 806 2114 es,
833 2072 1019 2118 agnosce
1041 2059 1293 2103 Creatorem
1316 2074 1435 2104 :ser-

41 2145 121 2174 vus
143 2145 186 2174 es
203 2165 214 2184 ,
239 2145 295 2174 ne
316 2139 567 2175 contemnas
595 2129 834 2174 Dominum
855 2147 864 2173 :
890 2127 1121 2186 adoptatus
1142 2142 1186 2171 es
1204 2162 1215 2180 ,
1247 2127 1324 2172 sed
1346 2143 1435 2172 non

42 2199 203 2244 meritis
225 2200 337 2257 tuis3
361 2215 509 2259 quaere
543 2200 634 2259 ejus
656 2198 862 2257 gloriam,
887 2213 910 2242 a
932 2212 1020 2258 quo
1042 2197 1176 2241 habes
1200 2198 1312 2241 hane
1338 2212 1435 2255 gra-

41 2270 172 2325 tiam,
194 2270 326 2314 homo
344 2269 597 2329 adoptatus,
618 2270 741 2330 cujus
764 2268 946 2327 gloriam
969 2267 1173 2328 quaesivit
1191 2268 1268 2328 qui
1290 2277 1354 2312 est
1375 2268 1431 2313 ab

39 2340 115 2385 illo
142 2342 298 2385 unicus
332 2352 473 2385 natus.
499 2361 519 2383 «
543 2341 625 2394 Qui
660 2350 809 2384 autem
843 2340 1002 2400 quaerit
1037 2339 1218 2398 gloriam
1242 2341 1333 2399 ejus
1355 2340 1432 2399 qui

44 2429 64 2452 »
97 2412 212 2456 misit
254 2411 406 2467 illum,
444 2411 514 2456 hic
546 2427 677 2457 verax
708 2419 799 2466 est,
831 2420 876 2455 et
907 2410 1116 2471 injustitia
1150 2410 1196 2454 in
1229 2409 1304 2454 illo
1340 2426 1429 2454 non

90 2510 210 2541 ¹Joan.
234 2518 289 2547 vu,
312 2508 364 2540 18.
391 2525 432 2530 —
447 2515 459 2530 ²
489 2519 501 2540 1
519 2509 630 2541 Thess.
653 2506 739 2549 [1,4.
760 2524 802 2530 -
822 2505 941 2539 ³Joan.
966 2506 1071 2547 v,!13.
1095 2504 1310 2546 —41d.x1v,
1329 2506 1360 2538 8.
1388 2523 1430 2529 -—

43 2565 118 2599 ⁵1d.
134 2575 167 2607 x,
185 2564 237 2597 30.
258 2580 299 2587 —
318 2562 334 2587 ⁶
349 2564 464 2608 Philip.
484 2577 521 2606 u,
541 2576 572 2607 7.

1150 2617 1214 2653 22.
1263 2615 1275 2619 i
