1825 3214
289 245 331 271 m
366 242 538 272 somma
570 242 876 283 ενΑΝοῑιιυΜ,
909 248 1056 276 rrme-r.
1092 251 1182 278 xvi.
1349 241 1430 282 155

51 317 94 352 ct
114 308 199 363 hic,
219 309 319 369 quia
339 310 486 368 patria*
505 309 634 370 ipsius
662 310 828 370 praelati
845 327 1021 371 sumus3
1045 324 1087 358 ct
1108 316 1152 359 in
1176 315 1326 362 futuro
1348 334 1430 363 sae-

52 378 167 434 culo,
199 380 299 440 quia
322 396 400 440 pro
424 381 548 425 ramis
570 378 714 425 fractis
734 380 881 426 inserti
900 398 1063 428 sumus.

106 453 158 494 V.
186 453 273 495 llos
295 452 410 496 enim
448 468 586 497 ramos
608 469 650 497 se
673 452 913 498 fracturum
945 470 1034 499 esse
1073 458 1356 514 monstrabat,
1387 470 1431 505 et

46 519 163 565 hunc
185 520 417 566 oleastrum
436 522 714 580 inserturum,
739 523 919 585 quando
941 535 1184 571 commotus
1202 528 1430 575 Centurio-

46 591 178 636 rionis
200 591 302 647 side,
329 593 404 652 qui
444 593 483 636 ei
505 593 642 640 dixit:
671 597 807 642 «Non
839 611 935 640 sum
959 596 1115 657 dignus
1144 607 1194 643 ut
1225 599 1306 643 sul>
1342 609 1429 645 tec-

46 678 67 703 »
104 670 196 706 tum
229 677 375 706 meum
400 664 547 718 intres,
569 663 644 709 sed
674 665 933 724 tantumffdic
956 668 1112 722 verbo,
1137 678 1181 712 et
1203 670 1429 715 sanabitur

46 749 67 773 »
102 747 210 792 puer
223 749 342 778 meus
359 750 479 780 :nam
494 744 536 780 ct
551 751 630 795 ego
643 736 774 781 homo
785 753 881 781 sum
899 738 981 783 sub
997 748 1208 798 potestate
1223 742 1428 786 constitu-

44 820 64 843 »
100 811 183 855 tus,
201 803 366 848 habens
378 805 460 849 sub
479 820 547 850 mc
566 806 739 862 milites,
755 807 1040 864 etdicohuic,
1064 809 1198 865 Vade,
1219 820 1262 856 et
1282 811 1425 871 vadit3

43 889 64 913 u
99 881 142 916 et
164 873 281 928 huic,
304 874 429 929 Veni,
447 876 619 921 etvenit
634 899 644 934 3
662 886 703 922 ct
717 893 840 924 servo
863 894 976 935 meo,
998 883 1083 925 Fac
1100 881 1201 938 hoc,
1228 890 1271 926 et
1295 880 1425 928 facit:

43 959 64 984 »
97 944 342 989 Conversus
360 944 414 988 ad
435 959 507 989 eos
530 948 606 1006 qui
624 962 668 991 se
689 948 999 1008 sequebantur,
1021 950 1146 1006 dixit,
1166 954 1307 997 Amen
1329 953 1427 999 dico

42 1030 62 1053 »
97 1012 234 1068 vobis,
259 1029 351 1058 non
372 1014 517 1059 inveni
542 1025 706 1061 tantam
729 1018 860 1063 fidem
875 1020 920 1063 in
944 1019 1114 1065 Isra'clk
1135 1040 1154 1062 »
1173 1023 1316 1075 Quare
1338 1039 1426 1069 non

38 1083 202 1130 invenit
223 1094 387 1130 tantam
404 1087 535 1131 fidem
555 1088 600 1132 in
625 1089 789 1134 Israel?
810 1092 916 1144 Quia
942 1111 962 1134 «
989 1094 1205 1152 Propheta
1223 1095 1268 1138 in
1292 1097 1424 1155 patria

41 1172 62 1196 >›
97 1170 173 1200 sua
200 1156 413 1202 honorem
451 1173 540 1202 non
563 1158 710 1204 habet.
738 1162 1003 1223 »Numquid
1025 1179 1114 1208 non
1148 1174 1191 1208 et
1220 1164 1283 1210 illi
1312 1168 1427 1212 Cen-

39 1227 198 1272 turioni
226 1237 394 1288 poterat
423 1228 567 1275 dicere
591 1232 813 1288 Dominus,
838 1234 959 1294 quod
981 1235 1089 1280 dixit
1111 1237 1212 1281 huic
1236 1238 1422 1297 Regulo,

40 1316 61 1340 «
95 1298 231 1354 Vade,
257 1314 364 1359 puer
387 1308 486 1345 tuus
508 1302 645 1347 vivit?
663 1321 682 1344 »
702 1303 857 1350 Videte
873 1305 1211 1352 distinctionem.
1231 1309 1426 1368 Regulus

35 1367 115 1412 iste
146 1369 379 1413 Dominum
423 1369 477 1414 ad
516 1370 694 1418 domum
730 1389 851 1418 suam
889 1374 1150 1421 descendere
1180 1378 1421 1438 cupiebat:

34 1435 108 1482 ille
138 1439 347 1484 Centurio
384 1439 612 1499 indignum
642 1458 687 1487 sc
728 1459 815 1488 esse
851 1444 1041 1491 dicebat.
1076 1447 1144 1492 Illi
1177 1448 1421 1505 dicebatur,

39 1526 60 1551 α
94 1510 188 1568 Ego
204 1511 332 1554 venio
348 1545 359 1565 ,
384 1519 427 1554 et
453 1513 618 1558 curabo
641 1518 792 1559 eum2:
826 1533 846 1557 »
872 1516 974 1562 huic
995 1516 1161 1562 dictum
1180 1528 1270 1574 est,
1300 1538 1319 1561 «
1337 1523 1424 1565 Va—

37 1595 59 1620 »
93 1578 148 1623 de
168 1614 179 1635 ,
216 1580 330 1625 filius
361 1590 460 1627 tuus
489 1583 609 1628 vivit.
650 1603 670 1626 »
696 1584 764 1629 Illi
799 1588 1073 1646 praesentiam
1102 1589 1384 1648 promittebat
1411 1611 1419 1637 :

33 1640 153 1698 hunc
180 1651 315 1696 verbo
338 1653 532 1697 sanabat.
567 1656 651 1699 Iste
682 1663 829 1700 tamen
859 1659 1134 1716 prae'sentiam
1164 1661 1254 1721 ejus
1280 1671 1422 1706 extor-

31 1719 232 1779 quebat:
266 1720 340 1766 ille
373 1737 418 1766 se
449 1725 678 1782 praesentia
712 1727 805 1786 ejus
841 1727 1069 1787 indignum
1104 1745 1193 1774 esse
1231 1731 1418 1778 dicebat.

33 1790 114 1838 Hic
139 1805 306 1837 cessum
324 1801 386 1837 est
410 1793 588 1839 elationi
616 1814 624 1840 :
649 1795 737 1840 illic
760 1812 1012 1844 concessum
1035 1800 1283 1848 humilitati.
1308 1806 1421 1848 Tan-

31 1875 164 1920 quam
201 1862 302 1906 huic
345 1862 535 1920 diceret,
577 1884 596 1906 «
629 1866 774 1923 Vade,
806 1860 920 1914 silius
956 1879 1058 1916 tuus
1091 1871 1223 1928 vivit,
1261 1891 1282 1914 »
1329 1874 1419 1919 noli

28 1919 136 1975 'mihi
167 1931 345 1976 taedium
371 1931 542 1979 facere:
572 1954 592 1978 «
617 1937 707 1981 Nisi
739 1938 860 1998 signa
888 1949 931 1984 et
960 1942 1159 2002 prodigia
1196 1943 1414 1999 videritis,

31 1998 53 2043 ai
87 2017 176 2046 non
209 2002 383 2048 creditis
420 2023 472 2050 z»
515 2009 784 2065 praesentiam
815 2025 956 2057 meam
986 2014 1050 2057 vis
1078 2014 1123 2058 in
1149 2012 1281 2059 domo
1324 2024 1413 2072 tua,

27 2086 204 2133 possum
247 2083 292 2120 et
330 2075 462 2120 verbo
491 2077 648 2136 jubere
680 2097 689 2123 :
726 2079 817 2124 noli
851 2090 900 2125 tu
941 2081 996 2126 de
1027 2083 1158 2142 signis
1182 2085 1372 2139 *credere
1403 2107 1411 2132 :

27 2142 236 2191 Centurio
263 2143 504 2203 alienigena
541 2147 726 2194 credidit
751 2165 821 2194 me
855 2152 991 2197 verbo
1032 2169 1154 2214 posse
1183 2153 1340 2212 facere,
1371 2165 1415 2201 et

28 2221 262 2273 antequam
294 2214 480 2259 facerem
507 2217 731 2264 credidit:
762 2236 838 2266 vos
876 2241 896 2265 «
933 2224 1021 2269 Nisi
1052 2225 1173 2284 signa
1206 2227 1416 2287 et-prodi-

24 2300 51 2344 ,υ
85 2283 152 2342 gia
196 2283 408 2341 videritis,
449 2303 538 2332 non
570 2290 758 2336 creditis.
801 2311 822 2335 »
858 2296 973 2353 Ergo
1006 2296 1039 2339 si
1076 2297 1135 2341 ita
1162 2307 1250 2353 est,
1290 2299 1412 2343 fran—

22 2362 182 2414 gantur
199 2356 375 2413 superbi
403 2358 526 2413 rami,
552 2359 728 2406 humilis
756 2362 969 2408 inseratur
991 2366 1173 2412 oleaster
1197 2384 1205 2408 :
1239 2380 1411 2414 maneat

12 2428 168 2482 tamen
203 2425 339 2480 radix,
364 2425 446 2472 illis
477 2429 678 2487 praecisis,
707 2431 796 2476 istis
829 2436 1024 2495 receptis,
1058 2437 1141 2482 Ubi
1167 2449 1314 2495 manet
1337 2456 1407 2484 ra-

18 2490 120 2543 dix?
137 2492 183 2537 in
206 2495 476 2540 Patriarchis.
498 2499 672 2544 Etenim
690 2502 826 2558 patria
848 2505 1008 2550 Christi
1033 2506 1217 2567 populus
1248 2508 1400 2563 Israel,

69 2582 76 2598 ¹
97 2577 208 2608 Matth.
231 2589 295 2619 vm,
314 2579 346 2619 8,
363 2584 428 2612 etc.
448 2598 487 2603 —
504 2582 612 2614 ²1bid.
640 2595 670 2624 ς.
