1809 3173
384 190 465 227 260
831 194 860 222 s.
899 195 1126 223 AUGUS'rlNi
1161 197 1337 223 Errscori

383 275 490 308 tens.
532 264 688 305 Factus
721 269 785 305 cst
817 275 918 320 ergo
952 261 1084 305 homo
1116 261 1191 321 qui
1219 271 1310 305 erat
1345 264 1478 315 Deus,
1512 260 1763 319 accipiendo

380 332 500 394 quod
523 347 610 376 non
633 340 721 375 erat
741 366 751 386 ,
789 346 879 375 non
898 331 1138 375 amittendo
1162 332 1282 391 quod
1305 341 1396 375 erat
1422 350 1429 374 :
1456 332 1515 375 ita
1538 330 1676 375 factus
1703 341 1766 376 est

380 405 513 448 homo
536 406 664 446 Deus.
692 402 757 446 Ibi
775 401 909 445 habes
931 401 1095 461 aliquid
1115 411 1292 461 propter
1308 402 1602 446 infirmitatem
1625 410 1762 456 tuam,

380 474 439 518 ibi
475 473 610 517 habes
652 471 772 517 aliud
805 481 983 531 propter
1026 470 1337 530 perfectionem
1372 482 1506 516 tuam.
1539 472 1688 530 Erigat
1725 481 1767 515 te

382 544 578 590 Christus
594 558 671 603 per
693 542 738 587 id
757 542 876 602 quod
890 543 1022 586 horno
1041 551 1118 596 est,
1143 541 1275 586 ducat
1291 552 1334 587 te
1350 558 1426 602 per
1450 543 1495 586 id
1517 542 1636 602 quod
1654 545 1768 586 Deus

380 616 513 660 homo
537 624 614 669 est,
640 613 850 672 perducat
871 621 913 656 te
937 611 992 656 ad
1012 612 1058 655 id
1079 613 1197 671 quod
1232 615 1345 656 Deus
1366 621 1443 656 est.
1471 615 1527 656 Et
1551 622 1638 657 tota
1661 628 1769 672 prae-
1800 651 1802 653 ,

382 686 540 731 dicatio
578 685 928 744 dispensatioque
961 697 1037 743 per
1056 683 1278 728 Christum
1301 684 1394 727 haec
1415 693 1503 739 est,
1531 682 1700 737 fratres,
1726 692 1770 727 et

381 757 463 801 alia
495 771 583 799 non
613 763 691 808 est,
725 763 775 798 ut
796 763 1021 811 resurgant
1045 754 1216 809 animae,
1243 763 1468 811 resurgant
1500 763 1543 798 et
1565 770 1762 814 corpora.

388 830 630 886 Utrumque
652 825 814 884 quippe
836 833 1060 868 mortuum
1086 832 1193 878 erat,
1233 840 1390 883 corpus
1413 840 1463 868 ex
1499 824 1766 879 infirmitate,

386 897 527 941 anima
550 912 600 939 ex
622 895 865 954 iniquitate.
892 894 1003 947 Quia
1031 903 1377 954 utrumqumque
1414 904 1637 939 mortuum
1659 904 1767 949 erat,

384 974 580 1024 resurgat
612 974 863 1024 utrumque.
887 964 1004 1017 Quid
1041 966 1308 1024 utrumque?
1337 966 1479 1008 anima
1514 975 1557 1009 et
1594 980 1767 1024 corpus.

385 1040 466 1081 Per
494 1036 602 1096 quid
625 1051 727 1093 ergo
749 1036 893 1078 anima
915 1035 995 1078 nisi
1019 1050 1094 1093 per
1123 1037 1264 1078 Deum
1286 1036 1536 1079 Christum?
1559 1039 1640 1079 Per
1663 1034 1775 1096 quid'

383 1122 557 1166 corpus,
601 1106 681 1149 nisi
718 1121 790 1164 per
826 1105 1049 1149 hominem
1083 1106 1334 1150 Christum?
1366 1109 1471 1150 Erat
1508 1106 1623 1150 enim
1647 1115 1690 1149 et
1725 1106 1771 1149 in

382 1178 556 1223 Christo
579 1176 721 1221 anima
743 1177 949 1230 humana,
983 1184 1073 1219 tota
1095 1176 1238 1221 anima
1261 1195 1268 1220 :
1294 1192 1382 1220 non
1405 1176 1653 1221 irrationale
1671 1186 1769 1220 tan-

385 1259 478 1294 tum
503 1248 674 1302 animae,
699 1246 773 1290 sed
791 1246 920 1290 etiam
944 1246 1153 1290 rationale
1175 1247 1296 1306 quod
1308 1261 1429 1291 mens
1452 1247 1625 1292 dicitur,
1655 1251 1684 1290 F
1694 1262 1769 1291 ue-

385 1329 490 1363 runt
527 1319 641 1362 enim
665 1316 869 1378 quidam1
892 1316 1102 1371 haeretici,
1140 1326 1182 1360 et
1204 1317 1317 1376 pulsi
1352 1326 1454 1361 sunt
1483 1318 1538 1361 ab
1560 1318 1768 1372 Ecclesia,
1791 1349 1794 1352 -

386 1391 463 1451 qui
507 1397 713 1449 putarent
753 1402 841 1431 non
872 1387 1034 1430 habere
1082 1396 1274 1431 mentem
1320 1388 1574 1432 rationalem
1615 1403 1772 1447 corpus

375 1461 569 1515 Christi,
608 1459 683 1504 sed
715 1459 838 1519 quasi
873 1458 1061 1502 animam
1098 1457 1335 1502 belluinam
1364 1478 1372 1502 :
1404 1468 1581 1518 excepta
1612 1459 1773 1520 quippe

387 1531 588 1577 rationali
609 1539 771 1585 mente,
791 1530 879 1574 vita
902 1528 1095 1573 belluina
1117 1538 1195 1573 est.
1225 1530 1308 1574 Sed
1330 1530 1431 1589 quia
1464 1530 1631 1589 expulsi
1653 1540 1769 1585 sunt,
1807 1523 1809 1526 Α

386 1615 431 1649 et
451 1604 630 1648 veritate
651 1600 817 1661 expulsi
836 1610 936 1644 sunt
963 1620 971 1645 :
997 1601 1142 1659 accipe
1164 1609 1306 1645 totum
1321 1601 1558 1656 Christum,
1580 1602 1775 1645 Verbum

387 1686 581 1722 mentem
617 1673 873 1719 rationalem
897 1682 939 1716 et
961 1688 1150 1717 earnem.
1175 1676 1268 1718 Hoc
1301 1683 1443 1718 totum
1471 1673 1666 1718 Christus
1694 1681 1773 1717 est.

391 1752 605 1805 Resurgat
626 1746 769 1790 anima
791 1755 866 1789 tua
889 1746 944 1788 ab
978 1745 1208 1805 iniquitate
1236 1760 1313 1804 per
1342 1744 1386 1788 id
1408 1744 1527 1805 quod
1549 1747 1671 1789 Deus.
1694 1752 1773 1799 est,

390 1827 587 1877 resurgat
617 1833 772 1877 corpus
805 1826 931 1860 tuum
955 1831 977 1859 a
1000 1816 1278 1875 corruptione
1315 1831 1391 1875 per
1424 1815 1470 1859 id
1498 1815 1618 1876 quod
1644 1816 1799 1860 homo’

393 1899 471 1935 est.
494 1888 696 1943 Proinde,
721 1886 974 1942 charissimi,
999 1886 1145 1930 audite
1172 1901 1374 1945 magnam
1403 1886 1598 1930 lectionis
1627 1886 1774 1945 hujus,

393 1970 608 2022 quantum
629 1959 735 2003 mihi
760 1957 957 2013 videtur,
980 1956 1351 2017 profunditatem,
1383 1965 1425 2000 et
1455 1955 1599 2000 videte
1620 1971 1776 2016 quem-

396 2030 632 2076 admodum
689 2030 894 2090 loquatur
938 2028 1008 2072 hic
1051 2028 1246 2072 Christus
1270 2062 1279 2082 ,
1320 2027 1430 2070 nihil
1482 2026 1602 2070 aliud
1644 2041 1776 2086 quam

394 2118 528 2163 quare
552 2102 717 2146 venerit
735 2101 945 2154 Christus,
962 2108 1011 2142 ut
1033 2107 1258 2157 resurgant
1280 2098 1435 2141 animae
1454 2097 1509 2141 ab
1531 2096 1776 2156 iniquitate,

394 2183 618 2231 resurgant
633 2187 812 2231 corpora
832 2189 855 2215 a
873 2171 1166 2228 corruptione.
1189 2172 1283 2213 Jam
1303 2168 1391 2212 dixi
1409 2168 1562 2211 animae
1581 2183 1656 2226 per
1674 2166 1780 2227 quid

394 2254 635 2304 resurgant,
664 2259 741 2304 per
762 2243 895 2302 ipsam
919 2242 1205 2285 substantiam
1229 2240 1305 2285 Dei
1334 2260 1342 2284 :
1368 2254 1546 2298 corpora
1579 2253 1654 2297 per
1671 2237 1792 2297 quid

394 2324 637 2374 resurgant,
675 2329 750 2373 per
776 2312 1139 2372 dispensationem
1171 2312 1406 2355 humanam
1439 2308 1609 2353 Domini
1648 2308 1781 2353 nostri

397 2389 501 2430 Jesu
519 2384 694 2430 Christi.

453 2459 553 2501 Vll.
584 2475 604 2498 «
629 2460 785 2510 Amen,
810 2469 937 2499 amen
960 2453 1057 2499 dieo
1084 2452 1223 2507 vobis,
1253 2467 1343 2497 non
1364 2460 1508 2512 potest
1529 2467 1550 2496 a
1581 2466 1625 2496 se
1646 2449 1785 2494 Filius

446 2549 453 2563 v
474 2541 701 2583 Apollinaristae
