1825 3214
270 251 312 276 ιΝ
346 250 518 276 somnus
553 247 862 286 EvANGELwM,
898 248 1042 276 ΤιιΛεΤ.
1082 251 1182 276 Χωι.
1331 238 1408 276 461

37 323 119 357 tur.
144 314 267 357 Unde
294 318 500 360 Dominus
525 313 745 372 discipulis
767 314 853 357 suis
870 315 927 358 ait
950 334 958 358 2
984 335 1002 356 «
1030 315 1183 358 Venite
1207 323 1301 374 post
1321 330 1386 358 me
1402 349 1413 369 ,

38 403 57 425 »
93 394 135 429 et
153 384 304 429 faciam
321 401 395 430 vos
413 387 641 445 piscatores
660 385 886 429 liominum
903 388 960 428 ¹.»
975 388 1070 431 Non
1091 402 1192 444 ergo
1212 387 1277 429 isti
1297 395 1419 429 erant

35 455 140 499 tales
162 475 170 500 :
192 466 235 500 et
258 466 399 499 tamen
424 456 500 499 filii
524 457 710 500 Abraliae
733 465 882 513 erant3
908 456 983 499 lilii
1008 457 1191 501 hominis
1216 457 1316 511 Dei,
1337 458 1418 501 ho-

34 526 171 569 mines
189 526 340 586 iniqui.
368 527 616 571 Trahebant
637 527 750 570 enim
782 526 920 570 earnis
945 542 1105 585 genus,
1131 526 1206 570 sed
1229 526 1418 585 degene-

35 613 100 640 res
115 597 218 642 facti
240 607 385 651 erant,
407 613 493 641 non
518 597 728 641 imitando
752 596 882 640 sidem
902 596 1015 640 illius
1037 598 1162 656 eujus
1181 598 1257 640 lilii
1279 607 1415 641 erant.

94 670 151 711 ΙΙ.
176 668 368 712 Audistis
387 678 502 712 certe
526 669 757 712 Dominum
782 667 998 712 dicentem
1021 688 1029 712 :
1056 688 1074 709 «
1101 668 1196 713 Seio
1219 669 1319 728 quia
1344 668 1419 711 lilii

37 755 57 780 »
92 739 282 782 Abralize
306 739 405 783 estis
432 759 439 783 :
470 757 489 780 »
516 739 662 783 audite
684 738 791 799 quid
813 739 927 782 dieat
950 748 1123 798 postea:
1153 759 1172 781 «
1194 742 1284 797 Ego
1302 738 1422 799 quod

38 828 58 852 »
92 809 181 854 vidi
216 811 334 870 apud
376 814 545 854 Patrem
582 826 726 854 meum
755 810 942 870 loquor,
968 821 1011 855 et
1040 827 1115 855 vos
1138 827 1237 871 quae
1259 811 1423 854 vidistis

38 900 58 923 »
93 881 211 942 apud
247 892 413 941 patrem
448 892 640 927 vestrum
671 881 809 927 facitis
828 886 859 925 ¹².
887 901 905 923 υ
931 885 1027 926 Jam
1052 882 1217 927 dixerat
1244 903 1252 928 z
1284 903 1303 924 «
1327 883 1423 927 Seio

37 971 58 994 »
92 953 194 1013 quia
217 953 293 996 filii
312 954 499 997 Abrahae
523 954 636 998 estis.
663 954 810 1007 »Quid
833 963 977 997 autem
1008 953 1204 998 faciunt?
1227 954 1345 1014 quod
1365 954 1423 997 eis

34 1023 143 1068 dixit
164 1043 172 1068 ε
203 1043 222 1066 «
250 1025 450 1077 Quaeritis
467 1040 535 1068 me
558 1024 767 1069 occidere.
788 1043 807 1065 »
822 1027 913 1068 Hoc
933 1025 1048 1083 apud
1072 1025 1291 1068 Abraham
1309 1041 1423 1068 nun-

34 1110 165 1155 quam
187 1094 406 1139 viderunt.
431 1096 638 1139 Dominus
661 1105 805 1139 autem
832 1099 1000 1139 Patrem
1020 1099 1156 1139 Deum
1180 1095 1274 1139 vult
1297 1095 1424 1139 intel-

32 1165 107 1225 ligi
123 1181 223 1210 eum
243 1165 349 1210 dicit
372 1185 379 1211 :
405 1185 424 1208 «
448 1169 556 1219 Quae
573 1166 661 1210 vidi
686 1166 801 1225 apud
826 1170 997 1210 Patrem
1022 1182 1168 1210 meum
1192 1167 1350 1227 loquor
1371 1187 1379 1211 :
1402 1186 1420 1207 η

37 1237 272 1280 Veritatem
297 1235 409 1291 vidi,
435 1237 660 1280 veritatem
694 1236 871 1296 loquor,
913 1238 1013 1297 quia
1036 1239 1193 1281 veritas
1231 1253 1342 1281 sum.
1382 1238 1424 1281 Si

33 1309 147 1353 enim
179 1308 389 1353 Dominus
421 1309 643 1352 veritatem
679 1308 876 1368 loquitur
910 1325 1040 1369 quam
1067 1308 1175 1352 vidit
1203 1309 1319 1368 apud
1343 1311 1425 1352 Pa-

35 1388 145 1423 trem
168 1399 178 1425 ι
212 1395 255 1424 se
277 1379 412 1434 vidit,
438 1395 481 1423 se
502 1379 698 1439 loquitur
717 1400 727 1436 3
752 1380 853 1439 quia
877 1380 969 1439 ipse
991 1389 1056 1424 est
1076 1379 1232 1423 veritas
1256 1380 1391 1422 Patris
1411 1414 1421 1433 ,

34 1466 166 1510 quam
191 1450 297 1495 vidit
331 1451 447 1510 apud
472 1454 641 1494 Patrem
666 1469 674 1494 ε
701 1451 788 1508 ipse
823 1459 884 1493 est
908 1450 1023 1493 enim
1052 1450 1247 1493 Verbum
1268 1485 1278 1504 ,
1305 1448 1424 1508 quod

35 1523 231 1566 Verbum
254 1531 344 1567 erat
365 1522 483 1582 apud
505 1525 657 1565 Deum.
685 1521 759 1565 Isti
783 1536 885 1579 ergo
908 1521 1069 1564 malum
1096 1519 1215 1580 quod
1240 1520 1422 1573 faciunt,

35 1595 156 1655 quod
189 1594 399 1640 Dominus
422 1593 624 1653 objurgat
647 1602 690 1636 et
713 1593 912 1652 corripit,
950 1591 1025 1635 ubi
1048 1591 1285 1635 viderunt?
1309 1589 1426 1650 apud

35 1675 202 1726 patrem
224 1681 366 1711 suum.
393 1667 505 1710 Cum
535 1661 798 1708 audierimus
820 1663 863 1706 in
894 1662 1264 1722 consequentibus
1300 1677 1425 1720 aper—

36 1738 121 1782 tius
139 1737 306 1782 dictum
329 1737 424 1797 quis
447 1737 499 1780 sit
521 1751 671 1780 eorum
696 1744 842 1792 pater,
871 1744 976 1777 tune
1002 1732 1295 1790 intelligemus
1315 1748 1426 1791 qua—

34 1808 93 1853 lia
113 1808 302 1853 viderint
324 1806 442 1865 apud
456 1804 585 1848 talem
605 1814 771 1863 patrem
788 1822 796 1847 ;
817 1803 960 1847 adhuc
979 1802 1093 1847 enim
1118 1818 1206 1846 non
1231 1803 1428 1846 nominat

37 1888 203 1939 patrem
220 1878 430 1937 ipsorum.
449 1873 585 1920 Paulo
602 1874 799 1934 superius
811 1874 1029 1917 Abraham
1050 1873 1424 1927 commemoravit,

37 1948 112 1995 sed
128 1949 269 1993 carnis
290 1947 473 2006 origine,
499 1962 588 1990 non
611 1946 710 1990 vitae
732 1943 1012 1989 similitudine
1034 1964 1042 1989 :
1069 1944 1264 1988 dicturus
1286 1954 1350 1988 est
1371 1943 1431 1987 al-

38 2033 181 2064 terum
203 2028 368 2079 patrem
393 2017 566 2061 illorum
581 2052 591 2072 ‚
617 2016 692 2076 qui
712 2031 791 2059 nec
815 2015 966 2074 genuit
987 2030 1075 2069 eos,
1102 2030 1182 2059 nee
1201 2015 1363 2059 creavit
1380 2023 1430 2058 ut

38 2092 237 2137 homines
279 2099 444 2147 essent3
484 2088 557 2133 sed
581 2099 726 2132 tamen
746 2086 824 2131 filii
856 2096 980 2131 erant
1011 2088 1103 2147 ejus
1141 2087 1187 2130 in
1209 2095 1428 2147 quantum

39 2162 143 2207 mali
167 2170 290 2207 erant
310 2196 320 2216 ‚
354 2176 443 2205 non
469 2161 512 2203 in
531 2168 747 2219 quantum
766 2158 964 2202 homines
987 2167 1111 2202 erant
1129 2179 1140 2216 3
1162 2157 1207 2201 in
1227 2172 1315 2217 quo
1332 2156 1431 2201 imi-

39 2234 145 2289 tati,
170 2249 260 2278 non
282 2231 402 2293 quod
424 2231 570 2275 creati.

116 2307 197 2348 ΙΙΙ.
239 2323 257 2345 «
292 2301 658 2361 Responderunt,
701 2308 744 2344 et
785 2298 990 2343 dixerunt
1023 2298 1062 2342 ei
1088 2317 1097 2343 :
1130 2301 1257 2343 Pater
1286 2307 1431 2344 noster

43 2394 64 2417 »
100 2375 318 2420 Abraham
356 2382 418 2418 est
439 2375 470 2417 ³.
509 2391 528 2413 »
562 2371 715 2425 Quasi,
747 2371 863 2424 Quid
897 2380 945 2415 tu
975 2369 1170 2414 dicturus
1205 2385 1248 2414 es
1280 2379 1430 2415 contra

41 2447 293 2491 Abraham?
309 2454 406 2500 aut⁷
429 2445 469 2490 Si
490 2442 653 2504 aliquid
672 2452 810 2502 potes,
831 2441 942 2486 aude
960 2441 1278 2501 reprehendere
1295 2442 1432 2486 Abra·

40 2518 157 2562 ham.
184 2520 280 2563 Non
301 2516 402 2577 quia
415 2515 626 2560 Dominus
641 2530 729 2558 non
747 2513 937 2558 audebat
958 2511 1276 2573 reprehendere
1297 2512 1432 2558 Abra-

91 2612 101 2628 1
118 2602 231 2636 matth.
248 2612 294 2645 iv,
317 2612 368 2644 19.
388 2617 430 2625 —
444 2607 456 2624 ²
472 2602 563 2634 Joan.
583 2611 653 2641 viu,
673 2599 726 2633 38,
750 2615 792 2622 -
811 2596 826 2622 3
843 2598 925 2631 Ibid.
944 2598 996 2641 39.
