1825 3214
307 166 346 190 ιΝ
382 163 554 191 mantus
587 163 891 199 EVANGEL11M3
927 164 1071 189 ‘sumna
1112 165 1185 189 uu.
1386 155 1436 191 1‘.)

59 238 141 272 tur.
171 227 375 272 intendat
392 228 589 272 Charitas
608 230 780 273 Vestra:
803 230 897 273 Non
916 227 1042 271 dolus
1064 227 1188 272 dolor
1210 239 1293 273 cst:
1312 245 1436 289 prop-

57 307 170 342 terea
189 298 308 351 (lico,
335 298 436 357 quia
467 297 592 342 multi
629 296 781 343 fratres
807 297 1090 356 imperitiores
1124 298 1345 343 latinitatis
1367 299 1435 344 lo-

0 384 2 412 i
53 378 252 429 quuntur
267 369 342 423 sic,
366 378 411 413 ut
437 369 586 414 dicant
607 368 767 414 :Dolus
793 367 912 412 illum
939 377 1127 428 torquet,
1153 385 1230 428 pro
1248 370 1437 431 eoquod

0 451 1 483 1
53 449 117 485 est
139 438 278 485 dolor.
307 439 439 485 Dolus
462 440 580 484 fraus
601 449 692 495 est,
718 438 936 484 simulatio
968 449 1046 485 est.
1074 440 1261 494 Quando
1283 441 1437 502 aliquis

52 509 217 570 aliquid
245 510 287 555 in
316 511 448 556 corde
481 511 603 568 tegit,
640 519 683 555 et
715 509 834 555 aliud
867 510 1088 570 loquitur,
1119 509 1246 556 dolus
1273 521 1363 566 est,
1395 522 1439 556 et

52 589 258 641 tanquam
283 580 372 626 duo
393 579 523 626 corda
549 579 705 627 habet:
730 595 866 626 unum
891 581 1013 640 quasi
1036 580 1177 626 sinum
1200 582 1342 626 cordis
1359 582 1438 626 ha-

52 651 126 696 bet
146 687 157 707 ,
178 652 252 698 ubi
271 651 387 697 videt
411 652 663 710 veritatem3
687 661 730 699 et
752 652 937 698 alterum
959 653 1120 708 sinum,
1146 653 1224 697 ubi
1246 654 1438 714 concipit

52 722 342 768 mendacium.
374 727 430 768 Et
453 733 502 768 ut
524 722 728 768 noveritis
746 723 864 768 hunc
882 738 972 768 esse
993 722 1162 779 dolum,
1189 723 1355 769 dictum
1374 734 1438 770 cst

50 794 95 839 in
114 794 306 850 Psalmis,
323 815 342 837 «
356 795 487 840 Labia
502 794 665 849 dolosa,
680 813 700 836 »
717 794 834 849 Quid
855 803 933 850 est,
950 814 970 838 «
988 794 1120 840 Labia
1133 794 1309 840 dolosa?
1324 814 1344 838 »
1359 798 1438 842 Se-

50 865 199 925 quitur
221 885 230 910 :
255 886 274 908 «
288 868 336 910 Iu
360 866 491 910 eorde
506 874 548 910 et
565 865 696 910 corde
716 864 852 913 locuti
871 865 1099 911 suntmala
1114 868 1145 909 ¹.
1178 885 1197 908 u
1215 867 1333 921 Quid
1354 877 1434 924 cst,

53 955 73 978 «
92 939 142 981 In
160 936 291 982 corde
314 946 356 982 et
378 938 510 982 corde
529 959 539 994 3
558 955 577 979 »
599 938 682 981 nisi
702 936 866 996 duplici
884 936 1047 983 corde?
1065 938 1105 982 Si
1121 953 1224 997 ergo
1241 938 1369 984 dolus
1391 939 1436 984 in

48 1007 131 1052 isto
153 1023 241 1053 non
264 1017 380 1063 erat,
411 1007 645 1053 sanabilem
668 1008 791 1052 illum
816 1008 1008 1053 medicus
1022 1009 1235 1068 judicavit
1257 1027 1346 1055 non
1363 1027 1434 1056 sa-

7 1106 16 1113 ·
49 1095 170 1124 num.
196 1079 330 1126 Aliud
351 1090 415 1125 cst
444 1080 560 1124 enim
587 1095 716 1124 sanus
733 1115 744 1135 ‚
770 1078 889 1125 aliud
911 1080 1138 1135 sanabilis,
1177 1081 1295 1126 aliud
1318 1083 1433 1127 insa-

47 1149 224 1195 nabilis:
239 1150 315 1210 qui
332 1159 513 1209 aegrotat
528 1165 628 1195 eum
641 1166 731 1209 spe,
749 1150 952 1194 sanabilis
966 1149 1434 1212 dicit1.1r3quiaegrotat

47 1237 146 1266 cum
165 1221 468 1282 desperatione
483 1257 494 1277 ‚
520 1221 768 1267 insanabilis
789 1242 800 1279 3
823 1223 899 1282 qui
917 1231 1061 1267 autem
1080 1224 1171 1283 jam
1193 1239 1322 1269 sanus
1339 1234 1402 1270 est
1420 1261 1431 1281 ,

46 1306 134 1338 non
156 1301 254 1352 eget
279 1291 462 1338 medico.
489 1292 683 1338 Medicus
701 1307 802 1350 ergo
819 1293 895 1353 qui
915 1303 1094 1338 venerat
1119 1309 1271 1339 sanare
1287 1331 1300 1350 ,
1322 1296 1433 1341 vidit

45 1362 175 1407 istum
206 1362 443 1408 sanabilem
461 1399 473 1418 ,
498 1363 600 1423 quia
620 1362 746 1408 dolus
765 1363 810 1408 in
840 1363 915 1409 illo
946 1379 1035 1408 non
1067 1374 1173 1410 erat.
1200 1367 1432 1420 Quomodo

46 1432 172 1478 dolus
193 1434 238 1478 in
260 1433 336 1481 illo
359 1450 446 1479 non
468 1436 591 1479 erat?
615 1435 657 1480 Si
689 1444 890 1494 peccator
912 1444 976 1479 est
994 1470 1005 1485 ,
1038 1435 1202 1481 fatetur
1216 1453 1260 1482 se
1277 1453 1430 1497 pecca—

44 1512 198 1549 torem.
219 1505 261 1550 Si
281 1506 397 1550 enim
419 1514 620 1584 peccator
637 1515 727 1561 est,
752 1515 795 1550 et
807 1506 975 1566 justum
1002 1521 1047 1551 se
1067 1505 1200 1566 dicit3
1219 1507 1345 1554 dolus
1368 1504 1432 1555 est

44 1576 88 1620 in
121 1592 196 1622 ore
226 1575 372 1636 ipsius.
406 1577 552 1635 Ergo
542 1592 587 1621 m
608 1576 875 1624 Nathanaele
911 1577 1227 1624 confessionem
1266 1582 1430 1640 peccati

42 1647 269 1706 laudavit3
293 1664 381 1694 non
398 1649 611 1709 judicavit
633 1664 722 1694 non
737 1664 826 1693 esse
844 1658 1130 1708 peccatorem.

101 1721 224 1764 XIX.
241 1722 472 1779 Propterea
495 1733 595 1765 cum
612 1719 814 1764 Pharisaei
830 1720 906 1779 qui
927 1720 1008 1764 sibi
1030 1720 1292 1766 videbantur
1304 1724 1426 1783 jusu,

44 1789 411 1849 reprehenderent
432 1790 668 1834 Dominum
691 1790 793 1850 quia
814 1790 1079 1835 miscebatur
1099 1794 1269 1850 aegrotis
1287 1794 1427 1838 medi-

42 1876 135 1916 cus,
155 1870 200 1905 et
218 1860 414 1906 dicerent
436 1879 445 1906 :
475 1862 619 1904 «Ecce
640 1875 741 1905 cum
758 1859 919 1920 quibus
940 1861 1192 1918 manducat,
1213 1879 1313 1913 cum
1338 1881 1396 1924 pu

44 1949 66 1973 »
86 1930 265 1976 blicanis
274 1930 626 1991 etpeccatoribus
637 1951 648 1988 3
663 1949 684 1972 »
700 1930 924 1990 respondit
936 1930 1129 1977 medicus
1137 1934 1397 1993 phreneticis
1409 1957 1420 1982 ι

46 2020 66 2044 «
82 2003 180 2048 Non
195 2011 261 2047 est
282 2017 392 2061 opus
414 2001 525 2046 sanis
547 2001 758 2054 medicus,
779 1999 856 2045 sed
881 2000 994 2046 male
1021 2002 1312 2063 habentibus3
1332 2023 1421 2053 non

43 2090 65 2114 »
83 2072 182 2117 veni
197 2087 351 2117 vocare
362 2072 601 2132 just'os‚sed
619 2074 937 2131 peccatores‘2.»
951 2075 1043 2118 Hoc
1057 2082 1121 2117 est
1131 2074 1276 2121 dicere
1289 2097 1297 2122 ε
1311 2080 1420 2132 Quia

40 2158 117 2188 vos
132 2143 271 2203 justos
292 2142 433 2188 dicitis
450 2177 460 2197 ,
481 2157 583 2187 cum
600 2129 695 2187 sitis'
710 2151 959 2202 peccatores
975 2178 986 2199 ,
1011 2159 1136 2189 sanos
1157 2161 1232 2191 vos
1248 2147 1421 2208 judica-

39 2213 118 2265 tis,
142 2228 243 2258 cum
262 2211 523 2271 langueatis,
549 2211 808 2258 medicinam
831 2211 1056 2272 repellitis,
1082 2230 1171 2260 non
1192 2219 1420 2265 sanitatem

39 2283 208 2327 tenetis.
243 2282 368 2327 Unde
397 2282 470 2326 ille
493 2282 731 2326 Pharisaeus
754 2283 829 2342 qui
851 2293 1079 2328 vocaverat
1102 2287 1336 2333 Dominum
1365 2289 1420 2335 ad

38 2353 294 2414 prandium,
320 2368 448 2398 sanus
467 2353 549 2397 sibi
578 2353 836 2398 videbatur:
869 2364 1027 2412 aegrota
1052 2365 1198 2401 autem
1226 2358 1298 2404 illa
1322 2376 1421 2405 mu-

36 2423 115 2469 lier
136 2424 293 2483 irrupit
309 2424 354 2468 in
375 2423 556 2473 domum
574 2458 585 2479 ‚
605 2439 694 2484 quo
716 2438 805 2472 non
822 2433 914 2469 erat
929 2425 1107 2471 invitata
1120 2462 1131 2481 ,
1149 2436 1193 2472 et
1208 2427 1421 2479 desiderio

88 2517 96 2533 ¹
117 2510 198 2543 Psal.
214 2521 261 2549 x1,
277 2510 307 2542 3.
332 2526 370 2533 —
392 2517 403 2532 ²
422 2509 541 2542 Matth.
565 2520 609 2550 tx,
632 2510 744 2542 11-13.

1194 2568 1231 2606 2,
