1825 3214
249 245 291 270 ιΝ
326 242 498 269 JOANMS
532 240 839 279 ΕνΛΝοῐηιῐἭ,
875 241 1020 268 TnAcT.
1059 242 1171 267 xxii⁴
1343 229 1427 268 300

43 317 459 369 poremorer<=ntur3
484 308 585 350 hnic
603 307 849 362 oopitraetioui
876 307 1077 361 <ligustris
1098 316 1153 348 ‹us-t
1183 321 1424 349 occurrere.

43 384 148 425 Nam
186 396 283 423 curu
309 381 478 422 ‹lixissvt
509 398 515 422 :
547 399 564 418 α
593 378 677 430 Qui
718 376 953 420 mzuulufflt
985 393 1118 419 meniu
1159 393 1360 432 «armni,
1387 387 1430 420 et

46 470 66 492 »
105 451 209 494 bibit
237 466 378 494 meum
403 450 682 507 sauguinem,
707 449 839 491 habor
858 449 987 491 vitum
1013 456 1218 490 :eternum
1245 468 1251 491 ;
1279 467 1297 488 »
1321 465 1430 492 con-

45 524 167 567 tinuo
185 522 384 582 subjecit,
407 541 425 562 «
442 524 492 564 Et
511 536 589 577 ego
608 519 870 564 resuscitabo
889 535 987 562 eum
1010 518 1297 562 innovissimo
1311 519 1426 564 die.»

46 597 101 639 Ut
125 595 282 638 habeat
304 594 475 637 iuterim
499 591 739 636 secundum
768 591 965 650 spiritum
989 590 1119 632 vitam
1150 599 1355 633 {eternam
1386 591 1431 634 in

45 666 219 725 requie,
247 681 346 725 quse
363 673 611 708 sanctorum
635 662 809 722 spiritus
832 660 1010 720 suscipit
1037 680 1044 704 2
1071 660 1190 720 quod
1214 669 1358 703 autern
1378 659 1430 704 ad

45 751 200 794 corpus
224 736 398 789 attinet,
426 750 504 778 noe
527 749 626 777 caro
649 734 739 792 ejus
772 732 855 776 vita
889 741 1049 775 aeterna
1080 729 1331 786 fraudetur,
1358 730 1434 775 sed

46 806 89 851 in
112 807 424 850 resurrectione
446 814 719 848 mortuorum
741 803 972 847 novissimo
990 801 1075 845 dio.

104 879 246 921 XVII.
277 896 296 918 «
317 878 428 920 Caro
451 876 565 918 onim
587 890 697 929 mea,
724 874 884 934 inquit,
905 888 1006 917 vere
1023 882 1085 916 est
1102 872 1226 916 cibus
1241 908 1252 928 ,
1273 882 1314 917 et
1336 889 1435 917 san-

49 965 70 987 »
107 949 201 1006 guis
233 962 354 990 meus
378 962 477 990 vero
501 956 562 990 est
586 946 913 1006 potus¹.»Cuin
937 943 1052 988 enirn
1075 943 1174 988 cibo
1197 953 1240 987 et
1261 954 1367 1003 potu
1391 945 1435 988 id

48 1027 254 1077 appetant
281 1018 506 1071 homines,
538 1025 585 1060 ut
616 1031 705 1060 non
728 1015 940 1070 esuriant,
973 1029 1115 1074 neque
1145 1015 1291 1058 sitiant
1318 1034 1326 1059 :
1352 1015 1436 1059 hoc

47 1090 255 1133 veraciter
277 1104 364 1133 non
390 1097 562 1148 praestat
588 1087 669 1131 nisi
691 1088 770 1130 iste
793 1085 917 1130 cibus
940 1094 983 1129 et
1004 1094 1155 1144 potus,
1189 1086 1266 1145 qui
1303 1100 1374 1130 eos
1412 1102 1436 1129 a

48 1160 208 1220 quibus
244 1161 450 1214 sumitur,
475 1158 741 1202 immortales
779 1170 822 1201 et
859 1156 1212 1215 incorruptibiles
1240 1155 1364 1211 facit,
1390 1156 1434 1200 id

49 1240 113 1276 est
128 1267 138 1286 ,
172 1232 350 1276 societas
378 1231 468 1289 ipsa
495 1239 766 1282 sanctorum,
788 1228 864 1271 ubi
886 1242 968 1286 pax
986 1227 1064 1270 erit
1083 1235 1124 1269 et
1142 1227 1285 1270 unitas
1309 1226 1437 1286 plena

50 1312 180 1363 atque
210 1303 417 1362 perfecta.
443 1305 675 1360 Propterea
705 1299 868 1359 quippe
886 1334 896 1351 ‚
932 1298 1042 1342 sieut
1074 1297 1203 1341 etiam
1236 1307 1337 1342 ante
1360 1314 1439 1342 nos

50 1375 133 1418 hoc
174 1373 479 1417 intellexerunt
521 1373 718 1416 homines
748 1371 846 1424 Dei,
886 1369 1094 1413 Dominus
1132 1377 1278 1413 noster
1315 1372 1438 1413 Jesus

50 1445 247 1490 Christus
268 1459 425 1503 corpus
448 1453 490 1487 et
511 1444 765 1502 sanguinem
783 1441 970 1486 suumin
994 1442 1052 1485 eis
1069 1442 1197 1485 rebus
1220 1457 1441 1486 commen-

55 1515 199 1570 davit,
225 1530 324 1575 quae
347 1514 401 1558 ad
425 1530 562 1558 unum
586 1513 750 1574 aliquid
782 1512 1040 1572 rediguntur
1059 1528 1108 1556 ex
1130 1512 1292 1556 multis.
1315 1515 1439 1558 Nani-

51 1602 137 1647 que
160 1587 277 1630 aliud
298 1587 341 1629 in
365 1602 502 1630 unuin
522 1602 572 1630 ex
595 1585 742 1630 multis
757 1584 898 1643 granis
917 1584 1053 1628 confit
1071 1603 1080 1629 ;
1099 1583 1218 1628 aliud
1235 1585 1278 1628 in
1299 1600 1438 1628 unum

52 1673 102 1701 ex
121 1658 269 1701 multis
292 1657 424 1702 acinis
442 1657 639 1701 confluit.

111 1730 276 1772 XVIII.
299 1729 498 1788 Denique
512 1729 602 1787 jam
628 1725 808 1787 exponit
829 1725 1052 1787 quomodo
1065 1725 1111 1770 id
1133 1726 1208 1770 fiat
1229 1727 1349 1787 quod
1372 1727 1441 1771 lo-

53 1800 227 1859 quitur,
252 1809 295 1843 et
311 1798 418 1859 quid
441 1799 495 1842 sit
516 1798 782 1842 manducare
803 1812 961 1858 corpus
983 1798 1095 1857 ejus,
1122 1807 1164 1841 et
1186 1798 1441 1857 sanguinem

55 1871 221 1915 bibere.
252 1890 271 1911 «
295 1871 377 1923 Qui
405 1869 640 1914 manducat
669 1884 843 1914 carnem
878 1884 1016 1912 meam
1035 1904 1046 1923 ,
1080 1877 1123 1912 et
1158 1869 1267 1914 bibit
1296 1885 1441 1914 meum

58 1961 78 1983 »
113 1942 395 2000 sauguinem,
426 1942 470 1984 in
505 1956 574 1984 me
604 1950 774 1995 manet,
811 1949 853 1984 et
878 1955 959 1999 ego
989 1940 1033 1983 in
1056 1939 1131 1983 illo
1146 1943 1178 1983 2.
1210 1959 1229 1980 »
1265 1943 1358 1984 Hoc
1381 1950 1444 1985 est

56 2028 158 2071 ergo
187 2011 452 2056 manducare
482 2010 598 2054 illum
623 2026 788 2067 escam,
809 2020 851 2054 et
872 2010 995 2054 illum
1022 2010 1172 2054 bibere
1191 2020 1343 2070 potum
1363 2048 1373 2067 ,
1399 2013 1443 2055 in

56 2085 426 2129 Christomanere
442 2119 452 2138 ,
472 2092 514 2126 et
533 2082 654 2126 illum
677 2092 921 2126 manentem
949 2083 992 2125 in
1015 2098 1059 2126 se
1081 2082 1254 2127 habere.
1279 2087 1341 2127 Ac
1368 2099 1445 2142 per

57 2155 140 2198 hoc
173 2154 249 2214 qui
283 2169 370 2198 non
410 2163 555 2196 manet
592 2153 637 2196 in
672 2153 871 2207 Christo,
902 2163 944 2197 et
974 2153 1019 2196 in
1053 2169 1141 2212 quo
1171 2169 1261 2196 non
1297 2164 1443 2197 manet

58 2226 279 2278 Christus,
314 2224 465 2284 procul
497 2223 633 2268 dubio
662 2239 741 2267 nec
762 2222 998 2268 manducat
1029 2223 1327 2282 (spiritaliter)
1351 2240 1445 2268 car-

60 2312 159 2341 nem
182 2297 272 2356 ejus
290 2331 300 2350 ,
327 2311 406 2340 nec
429 2296 540 2339 bibit
562 2297 652 2355 ejus
683 2295 935 2352 sanguinem
955 2330 965 2349 ,
997 2295 1124 2350 (licet
1146 2295 1375 2340 carnaliter
1403 2305 1447 2340 et

61 2367 287 2412 visibiliter
308 2375 476 2426 premat
498 2365 705 2409 dentibus
731 2375 1050 2409 sacramentum
1069 2366 1260 2425 corporis
1283 2375 1326 2410 et
1347 2382 1446 2410 san-

63 2437 202 2497 guinis
224 2437 382 2482 Christi
405 2455 413 2480 :
437 2435 545 2494 >sed
567 2436 701 2494 magis
719 2444 852 2479 tantae
876 2436 936 2480 rei
955 2446 1275 2480 sacramentum
1297 2436 1351 2480 ad
1369 2438 1446 2497 ju·-

68 2507 230 2552 dicium
262 2507 343 2551 sibi
374 2507 611 2552 manducat
643 2515 687 2551 et
722 2505 861 2561 bibit,
891 2507 1020 2566 (quia
1053 2506 1307 2551 immundus
1335 2522 1427 2566 prae

111 2598 121 2614 ¹
138 2594 230 2623 Joan.
253 2601 300 2633 vr,
320 2590 374 2624 56.
397 2608 438 2614 -
453 2597 467 2614 ²
483 2590 564 2622 Ibid.
583 2589 638 2631 57.
