1809 3173
346 164 429 202 312
779 179 813 208 s.
849 179 1079 213 Ave-Usum
1111 186 1291 216 Emscom

348 259 366 280 n
404 256 577 284 carnem
601 258 758 300 meam,
785 255 827 290 et
845 247 957 291 bibit
975 251 1225 306 sanguinem
1249 269 1410 311 meum,
1434 256 1478 300 in
1495 273 1564 302 me
1580 272 1727 307 manet

347 329 367 351 »
404 320 540 370 ctego
557 313 602 357 in
620 314 694 359 illo
718 319 747 361 ¹.
777 335 796 358 »
822 319 998 376 Signum
1021 322 1122 381 quia
1144 325 1423 371 manducavit
1440 337 1482 372 et
1498 330 1623 386 bibit,
1641 333 1724 377 hoc

339 391 418 434 est,
444 383 477 426 si
501 394 645 429 manet
665 395 707 430 et
729 398 944 443 manetur,
970 392 1004 434 si
1021 392 1189 436 habitat
1211 404 1253 438 et
1274 396 1556 449 inhabitatur,
1577 401 1610 444 si
1634 402 1724 446 hae-

342 464 406 498 ret
435 465 485 499 ut
515 472 603 501 non
631 457 867 504 deseratur.
896 465 988 506 Hoc
1015 478 1118 522 ergo
1140 480 1218 508 nos
1241 465 1391 512 docuit
1423 479 1465 514 et
1497 471 1725 518 admonuit

340 527 530 583 mysticis
553 528 694 572 verbis
709 565 719 584 ,
746 539 794 573 ut
811 531 943 574 simus
966 532 1011 576 in
1033 535 1122 593 ejus
1153 551 1333 595 corpore
1361 540 1442 583 sub
1465 541 1570 600 ipso-
1586 544 1725 602 capite

340 596 385 640 in
408 598 613 641 membris
635 601 749 658 ejus,
776 600 952 645 edentes
975 619 1148 648 carnem
1170 608 1261 666 ojus
1274 643 1289 663 ,
1314 624 1403 653 non
1431 611 1724 672 relinquentes

342 667 554 710 unitatem
584 669 689 727 ejus.
728 670 809 714 Sed
833 672 909 730 qui
942 673 1122 718 aderant
1147 675 1292 735 plures
1324 694 1414 723 non
1440 680 1724 741 intelligendo

339 737 613 782 scandalizati
636 749 737 784 sunt
774 760 782 785 z
818 757 907 786 non
936 745 1051 788 enim
1089 747 1341 805 cogitabant
1362 751 1457 795 haec
1479 753 1720 812 audiendo,

342 809 421 851 nisi
445 824 617 852 carnem
636 845 646 864 ,
672 811 791 870 quod
815 813 893 871 ipsi
922 824 1058 859 erant.
1084 819 1318 876 Apostolus
1351 830 1496 866 autem
1528 824 1655 881 dicit,
1682 836 1725 871 et

339 894 490 923 verum
515 879 621 924 dicit
643 899 651 924 ε
686 901 706 923 «
735 884 891 942 Sapere
927 887 1169 932 secundum
1194 905 1389 947 carnem,
1416 909 1530 938 mors
1552 905 1614 940 est
1639 900 1669 940 2.
1700 917 1719 939 n

339 952 524 994 Carnem
554 966 677 994 suam
710 952 784 996 dat
814 955 938 999 nobis
962 958 1171 1003 Dominus
1200 962 1488 1020 manducare,
1511 975 1553 1009 et
1575 982 1723 1025 sapere

337 1020 574 1064 secundum
600 1037 773 1066 carnem
809 1039 923 1069 mors
957 1035 1052 1072 est:
1079 1043 1179 1072 cum
1214 1031 1269 1074 de
1302 1047 1430 1077 carne
1465 1050 1541 1079 sua
1573 1036 1719 1092 dicat,

339 1090 441 1150 quia
464 1090 524 1134 ibi
547 1101 607 1135 est
629 1092 715 1136 vita
732 1102 907 1138 [eterna.
925 1098 1039 1154 Ergo
1056 1113 1137 1142 nec
1154 1115 1328 1145 carnem
1350 1103 1559 1149 debemus
1574 1121 1722 1166 sapere

337 1162 576 1205 secundum
600 1179 801 1221 carnem,
827 1167 938 1211 sicut
954 1168 999 1211 in
1022 1170 1086 1213 his
1108 1171 1247 1216 verbis
1279 1192 1287 1217 :

402 1236 456 1276 Π.
487 1253 504 1274 «
539 1235 668 1278 Multi
690 1236 837 1296 itaque
870 1238 1124 1286 audientes:
1156 1259 1289 1288 »non
1324 1261 1374 1288 ex
1410 1246 1613 1304 inimicis,
1645 1251 1721 1295 sed

343 1323 362 1345 «
399 1320 447 1347 ex
474 1305 694 1365 discipulis
717 1309 809 1367 ejus
830 1309 1032 1355 dixerunt
1055 1331 1063 1357 :
1089 1316 1231 1358 Durus
1254 1324 1318 1359 est
1340 1316 1411 1361 hic
1439 1333 1604 1376 sermo,
1626 1323 1721 1381 quis

342 1393 361 1414 »
397 1384 538 1432 potest
558 1391 656 1419 eum
681 1378 830 1421 audire
853 1381 901 1423 ³?
933 1399 953 1421 »
984 1382 1025 1425 Si
1054 1381 1254 1442 discipuli
1287 1386 1448 1431 durum
1470 1389 1721 1436 habuerunt

337 1446 466 1488 istum
499 1462 757 1500 sermonem,
791 1450 897 1509 quid
926 1451 1114 1497 inimici?
1136 1458 1192 1498 Et
1227 1465 1372 1501 tamen
1402 1459 1461 1503 sic
1491 1462 1720 1519 oportebat

339 1526 387 1559 ut
409 1516 640 1573 diceretur,
667 1520 786 1578 quod
809 1537 897 1565 non
921 1523 976 1566 ab
999 1526 1201 1570 omnibus
1222 1527 1549 1587 intelligeretur.
1578 1535 1719 1578 Secre-

338 1596 432 1630 tum
464 1588 538 1631 Dei
572 1589 760 1634 intentos
788 1590 919 1637 debet
940 1592 1098 1650 facere,
1125 1600 1213 1640 non'
1236 1598 1450 1645 adversos.
1478 1602 1552 1645 Isti
1575 1614 1719 1648 autem

336 1657 421 1702 cito
449 1658 703 1704 defecerunt
719 1697 729 1716 ,
754 1662 853 1705 talia
874 1661 1081 1723 loquente
1104 1667 1288 1712 Domino
1311 1672 1415 1714 Jesu
1437 1690 1445 1716 :
1468 1687 1557 1716 non
1581 1674 1720 1718 credi-

337 1728 497 1771 derunt
520 1729 684 1789 aliquid
706 1747 914 1790 magnum
936 1734 1166 1792 dicentem,
1192 1747 1235 1782 et
1262 1740 1404 1784 verbis
1426 1739 1507 1785 illis
1530 1742 1718 1803 aliquam

338 1800 518 1855 gratiam
536 1802 856 1860 cooperientem
884 1824 893 1848 ;
918 1804 991 1848 sed
1010 1816 1140 1865 prout
1161 1807 1395 1855 voluerunt
1414 1812 1471 1856 ita
1493 1813 1719 1859 intellexe-

339 1878 457 1923 runt,
485 1879 527 1913 et
549 1886 669 1915 more
690 1872 933 1929 hominum,
958 1877 1059 1935 quia
1082 1887 1251 1936 poterat
1273 1882 1412 1936 Jesus,
1439 1891 1513 1926 aut
1535 1884 1617 1928 hoc
1639 1884 1719 1928 dis-

338 1940 527 1998 ponebat
551 1944 696 1996 Jesus,
726 1958 898 1987 carnem
925 1961 1011 2004 qua
1046 1946 1251 1992 indutum
1273 1960 1364 1994 erat
1387 1952 1581 1996 Verbum
1599 1989 1610 2009 ,
1643 1970 1718 1999 ve-

337 2009 419 2054 luti
442 2011 659 2055 concisam
689 2012 946 2059 distribuere
976 2016 1253 2063 credentibus
1272 2020 1316 2064 in
1336 2037 1395 2065 se.
1425 2041 1445 2064 «
1470 2027 1612 2070 Durus
1635 2035 1714 2081 est,

340 2099 359 2121 »
395 2082 617 2141 inquiunt,
642 2084 711 2128 hic
734 2100 888 2141 sermo,
909 2086 1005 2146 quis
1028 2098 1169 2146 potest
1187 2104 1286 2134 eum
1309 2092 1482 2136 audire?
1506 2111 1526 2134 »

397 2157 475 2197 ΙΙΙ.
507 2174 525 2196 «
554 2157 697 2200 Sciens
718 2166 863 2200 autem
888 2160 1010 2202 Jesus
1034 2161 1151 2218 apud
1165 2163 1457 2222 semetipsum,
1475 2165 1575 2224 quia
1592 2181 1716 2211 mur-

338 2242 357 2263 »
394 2235 616 2269 murarent
638 2227 692 2269 de
710 2242 760 2271 eo
783 2228 980 2287 discipuli
1000 2231 1089 2289 ejus
1111 2231 1141 2274 4.
1173 2250 1192 2272 »
1215 2232 1282 2277 Sic
1295 2234 1409 2277 enim
1432 2236 1549 2294 apud
1571 2252 1615 2280 se
1637 2239 1715 2283 ista

335 2294 552 2349 dixerunt,
577 2306 625 2339 ut
649 2298 703 2340 ab
724 2298 797 2341 illo
820 2314 907 2342 non
931 2300 1185 2345 audirentur
1213 2321 1221 2347 :
1246 2303 1320 2347 sed
1348 2304 1420 2348 ille
1443 2307 1517 2365 qui
1539 2323 1609 2352 eos
1632 2325 1714 2354 no-

334 2376 453 2409 verat
471 2367 514 2410 in
538 2383 581 2410 se
599 2368 712 2427 ipsis,
734 2369 911 2414 audiens
933 2373 1049 2429 apud
1073 2375 1370 2434 semetipsum,
1395 2378 1637 2437 respondit,
1672 2390 1714 2425 et

336 2437 392 2480 ait
419 2457 426 2481 :
463 2458 483 2479 α
512 2441 601 2482 Hoc
629 2455 703 2483 vos
726 2442 984 2486 scandalizat
1011 2463 1019 2488 :
1052 2463 1069 2485 »
1103 2445 1204 2504 quia
1225 2446 1310 2490 dixi
1337 2467 1345 2492 :
1375 2464 1549 2493 carnem
1571 2466 1712 2496 meam

389 2531 392 2538 ·
417 2526 494 2553 Jonu
528 2536 573 2563 vx,
598 2524 649 2564 57.
672 2542 712 2546 —
737 2532 747 2546 ²
770 2528 856 2557 Hom.
875 2514 945 2566 vni,
960 2528 992 2560 6.
1014 2546 1054 2552 m*
1082 2527 1092 2552 3
1112 2532 1202 2561 Joan.
1231 2542 1273 2570 vi,
1293 2532 1349 2565 65.
1366 2551 1405 2555 *-
1429 2532 1444 2562 4
1462 2534 1543 2567 Ῑί)ι”ι1,
1566 2536 1622 2569 62.

1807 316 1809 390 l

1807 394 1809 439 1

1808 446 1809 477 l

1807 486 1809 536 1

1808 550 1809 583 l
