1825 3214
279 183 322 210 ιΝ
355 179 530 210 sommus
562 180 873 217 ΕνΑΝοειιιΜ,
907 179 1053 207 Tium:
1090 181 1215 207 xxxv.
1345 170 1427 207 387

48 247 261 302 habebat,
293 257 335 291 et
370 247 482 291 (ilius
514 247 625 306 patri
660 260 837 289 manum
862 245 1020 302 dabat,
1046 257 1167 306 pater
1207 245 1295 290 filio
1318 245 1432 291 viam

49 317 340 378 praecipiendo
358 317 623 361 monstrabat
640 316 670 358 ¹.

109 389 184 432 IV.
208 387 545 447 Responderunt
567 400 670 445 ergo
688 383 846 440 Judaei,
865 403 885 426 ιι
911 387 976 428 Tu
997 384 1052 429 de
1076 394 1116 429 te
1139 386 1433 430 testimonium

52 477 72 502 »
107 458 243 514 dieis,
270 458 566 503 testimonium
606 467 730 502 tuum
763 472 852 500 non
874 466 937 500 est
961 471 1127 500 verum.
1159 476 1176 498 ›>
1200 457 1434 502 Videamus

49 529 157 590 quid
187 530 367 574 audiant
398 548 407 574 ι
432 528 660 573 audiamus
692 537 736 572 et
768 542 872 582 nOS,
908 525 983 571 sed
1007 542 1096 570 non
1127 527 1237 571 sieut
1258 526 1336 571 illi.
1365 526 1434 571 llli

49 608 400 654 contemnentes,
427 615 504 643 nos
526 598 750 643 credentes
772 616 782 642 z
806 597 868 640 illi
892 597 1087 642 occidere
1109 598 1331 643 Christum
1352 613 1433 642 vo-

49 670 214 726 lentes,
242 687 320 715 nos
352 687 427 731 per
455 671 675 716 Christum
697 670 842 714 vivere
874 670 1111 729 cupientes.
1140 669 1317 713 Interim
1357 669 1435 712 ista

51 742 252 786 distantia
275 741 512 800 distinguat
534 757 657 785 aures
675 751 927 801 mentesque
949 751 1130 795 nostras,
1144 749 1187 784 et
1208 739 1434 784 audiamus

51 813 158 873 quid
176 812 338 857 Judaeis
361 813 629 872 responderit
653 813 876 856 Dominus.
906 831 925 854 «
953 811 1195 872 Respondit
1217 815 1362 867 jesus,
1395 820 1439 855 et

54 902 74 925 »
110 883 218 928 dixit
233 885 292 928 eis
315 903 323 929 :
347 885 436 928 Etsi
459 900 540 943 ego
562 884 617 927 de
641 900 708 927 me
732 884 1027 928 testimonium
1046 884 1270 943 perhibeo,
1287 898 1438 928 verum

54 973 75 997 »
110 965 173 1000 est
209 956 500 999 testimonium
537 971 716 1013 meum3
751 956 851 1015 quia
875 955 963 1000 scio
1001 956 1118 999 unde
1150 955 1314 999 veniet
1350 969 1440 1014 quo

56 1045 75 1068 »
109 1027 294 1071 vado·2.»
314 1030 484 1071 Lumen
507 1036 551 1071 et
572 1027 653 1071 alia
677 1027 944 1071 demonstrat
968 1035 1010 1070 et
1027 1042 1071 1070 se
1092 1027 1248 1085 ipsum.
1276 1030 1441 1070 Accen-

53 1097 119 1142 dis
140 1097 381 1153 lucernam,
398 1099 517 1142 verbi
542 1098 693 1157 gratia,
715 1107 765 1141 ut
786 1113 954 1157 quaeras
971 1098 1180 1151 tunicam,
1200 1106 1241 1140 et
1264 1105 1439 1156 praestat

53 1170 132 1213 tibi
147 1169 301 1213 ardens
321 1169 495 1213 lucerna
519 1181 568 1213 ut
589 1169 781 1213 invenias
807 1170 995 1213 tunicam
1013 1204 1023 1223 ,
1046 1167 1261 1228 numquid
1286 1184 1441 1212 accen·-

53 1240 118 1285 dis
157 1240 380 1284 lucernam
421 1249 470 1283 ut
502 1239 648 1284 videas
688 1240 913 1284 ardentem
947 1239 1202 1283 lucernam?
1244 1243 1440 1283 Lucerna

53 1312 215 1372 quippe
238 1311 392 1356 ardens
414 1311 569 1355 idonea
591 1321 655 1355 est
676 1320 720 1355 et
741 1311 822 1355 alia
851 1326 951 1370 quae
974 1311 1163 1354 tenebris
1182 1310 1441 1369 operieban-

53 1391 124 1426 tur
148 1380 341 1435 nudare,
370 1390 413 1424 et
446 1397 490 1425 se
511 1382 647 1440 ipsam
681 1381 763 1425 tuis
786 1382 921 1425 oculis
953 1380 1269 1425 demonstrare.
1310 1381 1377 1425 Sic
1399 1389 1442 1425 et

53 1454 262 1498 Dominus
293 1452 490 1497 Christus
517 1462 560 1496 et
590 1452 704 1496 inter
724 1452 874 1496 fideles
900 1467 1025 1505 suos,
1057 1461 1101 1496 et
1131 1451 1328 1495 inimicos
1358 1454 1441 1496 Ju-

52 1523 191 1578 daeos,
233 1533 442 1584 tanquam
483 1523 595 1567 inter
624 1523 768 1567 lucem
807 1532 850 1567 et
884 1523 1084 1566 tenebras
1113 1523 1440 1581 distinguebat3

52 1603 262 1655 tanquam
284 1593 510 1637 interillos
533 1609 642 1654 quos
665 1593 786 1637 radio
809 1593 910 1637 fidei
937 1592 1232 1652 perfundebat
1248 1628 1259 1648 ,
1280 1603 1324 1637 et
1344 1592 1441 1638 illos

52 1680 240 1724 quorum
262 1663 430 1708 clausos
451 1663 598 1708 oculos
640 1662 1040 1708 circumfundebat.
1081 1666 1191 1708 Nam
1214 1663 1344 1707 etiam
1377 1662 1443 1708 sol

52 1736 132 1779 iste
165 1744 209 1779 et
238 1735 424 1779 videntis
459 1734 612 1778 faciem
645 1733 858 1788 illustrat,
889 1742 932 1777 et
960 1734 1096 1778 caeci:
1121 1733 1251 1777 ambo
1282 1734 1442 1792 paritez·

53 1815 230 1860 stantes,
246 1815 290 1849 et
305 1804 456 1849 faciem
481 1804 536 1848 ad
553 1803 687 1848 solem
707 1804 917 1848 habentes
936 1802 1209 1847 illustrantur
1226 1803 1271 1846 in
1293 1819 1440 1858 carne,

52 1875 129 1920 sed
161 1891 250 1920 non
287 1874 416 1919 ambo
440 1874 745 1918 illuminantur
763 1874 809 1917 in
832 1873 921 1917 acie
948 1892 957 1918 :
989 1873 1106 1917 videt
1127 1872 1201 1916 ille
1217 1908 1230 1928 ‚
1262 1873 1335 1917 ifle
1352 1889 1441 1918 non

51 1946 173 1991 videt
204 1965 213 1992 :
239 1944 451 1990 ambobus
482 1944 545 1989 sol
568 1959 756 2004 praesens
778 1953 870 1998 est,
895 1944 969 1988 sed
994 1944 1195 2003 praesenti
1221 1944 1300 1989 soli
1327 1961 1440 1990 unus

54 2026 116 2061 est
138 2016 308 2061 absens.
351 2015 418 2060 Sic
446 2024 490 2058 et
516 2015 724 2074 sapientia
755 2015 858 2068 Dei,
883 2015 1078 2058 Verbum
1106 2015 1205 2069 Dei,
1232 2016 1441 2070 Dominus

54 2090 178 2131 Jesus
194 2086 391 2130 Christus
414 2085 578 2145 ubique
601 2099 787 2143 praesens
808 2093 871 2127 est
895 2102 906 2128 :
932 2084 1033 2144 quia
1061 2084 1223 2142 ubique
1245 2094 1310 2128 est
1325 2086 1440 2129 veri-

53 2166 144 2211 tas,
168 2156 334 2215 ubique
365 2165 429 2199 est
455 2155 679 2213 sapientia.
713 2153 923 2212 Intelligit
941 2154 1037 2213 quis
1068 2154 1110 2197 in
1128 2155 1439 2215 Orientejtisti-

54 2227 187 2283 tiam3
225 2224 430 2284 intelligit
466 2225 573 2268 alius
607 2225 652 2267 in
687 2224 924 2268 Occidente
951 2224 1194 2284 justitiam:
1221 2225 1440 2286 numquid

56 2297 137 2341 alia
155 2307 216 2341 est
231 2296 395 2357 justitia
413 2311 542 2355 quam
564 2294 637 2338 ille
656 2293 862 2352 intelligit
878 2329 889 2348 ,
915 2294 997 2338 alia
1016 2310 1147 2354 quam
1167 2296 1279 2339 iste?
1304 2298 1437 2355 Sepa-

55 2368 138 2411 rati
159 2376 261 2411 sunt
285 2381 491 2424 corpore,
520 2373 563 2408 et
589 2365 635 2407 in
667 2379 756 2408 uno
784 2364 948 2407 habent
975 2364 1085 2408 acies
1106 2365 1316 2408 mentium
1340 2381 1439 2409 sua-

57 2453 170 2482 rum.
190 2440 331 2492 Quam
352 2434 480 2480 video
494 2435 708 2496 justitiam
732 2434 802 2478 hic
824 2436 1100 2490 constitutus,
1120 2435 1154 2479 si
1168 2436 1334 2495 justitia
1354 2446 1433 2491 est,

105 2528 114 2546 ¹
138 2521 218 2554 Tob.
234 2532 260 2562 1,
281 2521 333 2562 13,
348 2525 412 2552 etc.
431 2537 473 2543 —
493 2526 506 2542 ²
525 2522 617 2552 Joan.
635 2529 704 2560 vm,
727 2517 778 2560 ¹4·

1228 2572 1296 2611 25.
