<?xml version="1.0" encoding="UTF-8"?>
<!DOCTYPE html PUBLIC "-//W3C//DTD XHTML 1.0 Transitional//EN"
    "http://www.w3.org/TR/xhtml1/DTD/xhtml1-transitional.dtd">
<html xmlns="http://www.w3.org/1999/xhtml" xml:lang="en" lang="en">
 <head>
  <title>
</title>
<meta http-equiv="Content-Type" content="text/html;charset=utf-8" />
  <meta name='ocr-system' content='tesseract 3.04.00' />
  <meta name='ocr-capabilities' content='ocr_page ocr_carea ocr_par ocr_line ocrx_word'/>
</head>
<body>
  <div class='ocr_page' id='page_1' title='image "./operaomniaaccura15auguuoft_0058.png"; bbox 0 0 1809 3173; ppageno 0'>
   <div class='ocr_carea' id='block_1_1' title="bbox 332 184 1729 2513">
    <p class='ocr_par' dir='ltr' id='par_1_1' title="bbox 332 184 1729 2443">
     <span class='ocr_line' id='line_1_1' title="bbox 339 184 1285 223; baseline -0.001 0"><span class='ocrx_word' id='word_1_1' title='bbox 339 184 390 223; x_wconf 73' lang='grc'>48</span> <span class='ocrx_word' id='word_1_2' title='bbox 773 192 805 220; x_wconf 79' lang='lat' dir='ltr'>s.</span> <span class='ocrx_word' id='word_1_3' title='bbox 844 192 1073 221; x_wconf 74' lang='lat' dir='ltr'>Accus&#39;rim</span> <span class='ocrx_word' id='word_1_4' title='bbox 1107 195 1285 222; x_wconf 66' lang='lat' dir='ltr'>muscum</span> 
     </span>
     <span class='ocr_line' id='line_1_2' title="bbox 339 260 1718 320; baseline 0 -15"><span class='ocrx_word' id='word_1_5' title='bbox 339 261 476 305; x_wconf 84' lang='lat' dir='ltr'>l&#39;orma</span> <span class='ocrx_word' id='word_1_6' title='bbox 495 261 571 304; x_wconf 79' lang='lat' dir='ltr'>Dei</span> <span class='ocrx_word' id='word_1_7' title='bbox 594 268 702 304; x_wconf 89' lang='lat' dir='ltr'>essct</span> <span class='ocrx_word' id='word_1_8' title='bbox 722 295 732 314; x_wconf 86' lang='lat'>‚</span> <span class='ocrx_word' id='word_1_9' title='bbox 758 275 844 304; x_wconf 89' lang='lat' dir='ltr'>non</span> <span class='ocrx_word' id='word_1_10' title='bbox 871 261 1063 319; x_wconf 84' lang='lat' dir='ltr'>rapinam</span> <span class='ocrx_word' id='word_1_11' title='bbox 1088 260 1320 305; x_wconf 80' lang='lat' dir='ltr'>arbitratus</span> <span class='ocrx_word' id='word_1_12' title='bbox 1350 269 1412 304; x_wconf 88' lang='lat' dir='ltr'>est</span> <span class='ocrx_word' id='word_1_13' title='bbox 1433 275 1521 304; x_wconf 89' lang='lat' dir='ltr'>esse</span> <span class='ocrx_word' id='word_1_14' title='bbox 1542 260 1718 320; x_wconf 82' lang='lat' dir='ltr'>aequalis</span> 
     </span>
     <span class='ocr_line' id='line_1_3' title="bbox 341 329 1715 389; baseline 0.001 -15"><span class='ocrx_word' id='word_1_15' title='bbox 341 335 424 374; x_wconf 76' lang='lat' dir='ltr'>Deo</span> <span class='ocrx_word' id='word_1_16' title='bbox 444 366 454 385; x_wconf 73' lang='lat'><strong>⁷</strong></span> <span class='ocrx_word' id='word_1_17' title='bbox 481 329 554 374; x_wconf 87' lang='lat' dir='ltr'>sed</span> <span class='ocrx_word' id='word_1_18' title='bbox 577 330 855 389; x_wconf 88' lang='lat' dir='ltr'>semetipsum</span> <span class='ocrx_word' id='word_1_19' title='bbox 875 331 1123 385; x_wconf 78' lang='lat' dir='ltr'>exinanivit,</span> <span class='ocrx_word' id='word_1_20' title='bbox 1140 330 1323 375; x_wconf 84' lang='lat' dir='ltr'>formam</span> <span class='ocrx_word' id='word_1_21' title='bbox 1337 331 1445 375; x_wconf 86' lang='lat' dir='ltr'>servi</span> <span class='ocrx_word' id='word_1_22' title='bbox 1463 331 1715 389; x_wconf 87' lang='lat' dir='ltr'>accipiens¹.</span> 
     </span>
     <span class='ocr_line' id='line_1_4' title="bbox 339 401 1722 461; baseline 0 -16"><span class='ocrx_word' id='word_1_23' title='bbox 339 405 429 445; x_wconf 86' lang='lat' dir='ltr'>Hoc</span> <span class='ocrx_word' id='word_1_24' title='bbox 452 410 515 445; x_wconf 89' lang='lat' dir='ltr'>est</span> <span class='ocrx_word' id='word_1_25' title='bbox 551 401 697 456; x_wconf 80' lang='lat' dir='ltr'>enim,</span> <span class='ocrx_word' id='word_1_26' title='bbox 734 401 906 461; x_wconf 79' lang='lat' dir='ltr'>reliquit</span> <span class='ocrx_word' id='word_1_27' title='bbox 936 405 1127 456; x_wconf 76' lang='lat' dir='ltr'>Patrem,</span> <span class='ocrx_word' id='word_1_28' title='bbox 1169 417 1257 446; x_wconf 85' lang='lat' dir='ltr'>non</span> <span class='ocrx_word' id='word_1_29' title='bbox 1285 403 1386 461; x_wconf 79' lang='lat' dir='ltr'>quia</span> <span class='ocrx_word' id='word_1_30' title='bbox 1427 402 1642 456; x_wconf 79' lang='lat' dir='ltr'>deseruit,</span> <span class='ocrx_word' id='word_1_31' title='bbox 1679 411 1722 445; x_wconf 87' lang='lat' dir='ltr'>ct</span> 
     </span>
     <span class='ocr_line' id='line_1_5' title="bbox 336 471 1720 530; baseline 0 -15"><span class='ocrx_word' id='word_1_32' title='bbox 336 473 507 516; x_wconf 83' lang='lat' dir='ltr'>recessit</span> <span class='ocrx_word' id='word_1_33' title='bbox 530 487 552 515; x_wconf 86' lang='lat' dir='ltr'>a</span> <span class='ocrx_word' id='word_1_34' title='bbox 577 475 701 515; x_wconf 88' lang='lat' dir='ltr'>Patre</span> <span class='ocrx_word' id='word_1_35' title='bbox 720 493 730 529; x_wconf 76' lang='lat'>3</span> <span class='ocrx_word' id='word_1_36' title='bbox 765 472 840 515; x_wconf 90' lang='lat' dir='ltr'>sed</span> <span class='ocrx_word' id='word_1_37' title='bbox 863 471 964 530; x_wconf 88' lang='lat' dir='ltr'>quia</span> <span class='ocrx_word' id='word_1_38' title='bbox 987 487 1075 515; x_wconf 90' lang='lat' dir='ltr'>non</span> <span class='ocrx_word' id='word_1_39' title='bbox 1100 487 1148 515; x_wconf 86' lang='lat' dir='ltr'>ea</span> <span class='ocrx_word' id='word_1_40' title='bbox 1171 471 1217 514; x_wconf 91' lang='lat' dir='ltr'>in</span> <span class='ocrx_word' id='word_1_41' title='bbox 1246 471 1383 515; x_wconf 86' lang='lat' dir='ltr'>forma</span> <span class='ocrx_word' id='word_1_42' title='bbox 1406 473 1605 530; x_wconf 86' lang='lat' dir='ltr'>apparuit</span> <span class='ocrx_word' id='word_1_43' title='bbox 1637 472 1720 516; x_wconf 89' lang='lat' dir='ltr'>ho-</span> 
     </span>
     <span class='ocr_line' id='line_1_6' title="bbox 336 542 1723 603; baseline 0 -16"><span class='ocrx_word' id='word_1_44' title='bbox 336 543 553 597; x_wconf 88' lang='lat' dir='ltr'>minibus,</span> <span class='ocrx_word' id='word_1_45' title='bbox 596 543 641 586; x_wconf 88' lang='lat' dir='ltr'>in</span> <span class='ocrx_word' id='word_1_46' title='bbox 677 559 763 602; x_wconf 85' lang='lat' dir='ltr'>qua</span> <span class='ocrx_word' id='word_1_47' title='bbox 801 542 979 602; x_wconf 79' lang='lat' dir='ltr'>aequalis</span> <span class='ocrx_word' id='word_1_48' title='bbox 1016 552 1079 586; x_wconf 87' lang='lat' dir='ltr'>est</span> <span class='ocrx_word' id='word_1_49' title='bbox 1114 543 1242 586; x_wconf 85' lang='lat' dir='ltr'>Patri.</span> <span class='ocrx_word' id='word_1_50' title='bbox 1279 543 1510 595; x_wconf 89' lang='lat' dir='ltr'>Quomodo</span> <span class='ocrx_word' id='word_1_51' title='bbox 1547 543 1723 603; x_wconf 84' lang='lat' dir='ltr'>reliquit</span> 
     </span>
     <span class='ocr_line' id='line_1_7' title="bbox 337 612 1723 673; baseline 0 -16"><span class='ocrx_word' id='word_1_52' title='bbox 337 615 552 658; x_wconf 76' lang='lat' dir='ltr'>matrem?</span> <span class='ocrx_word' id='word_1_53' title='bbox 594 613 899 673; x_wconf 78' lang='lat' dir='ltr'>Relinquendo</span> <span class='ocrx_word' id='word_1_54' title='bbox 934 628 1193 671; x_wconf 77' lang='lat' dir='ltr'>synagogam</span> <span class='ocrx_word' id='word_1_55' title='bbox 1233 612 1507 668; x_wconf 81' lang='lat' dir='ltr'>Judaeorum‚</span> <span class='ocrx_word' id='word_1_56' title='bbox 1548 613 1602 657; x_wconf 86' lang='lat' dir='ltr'>de</span> <span class='ocrx_word' id='word_1_57' title='bbox 1635 629 1723 673; x_wconf 82' lang='lat' dir='ltr'>qua</span> 
     </span>
     <span class='ocr_line' id='line_1_8' title="bbox 336 683 1719 740; baseline -0.001 -11"><span class='ocrx_word' id='word_1_58' title='bbox 336 683 574 729; x_wconf 85' lang='lat' dir='ltr'>secundum</span> <span class='ocrx_word' id='word_1_59' title='bbox 616 699 790 728; x_wconf 91' lang='lat' dir='ltr'>carnem</span> <span class='ocrx_word' id='word_1_60' title='bbox 829 693 955 728; x_wconf 84' lang='lat' dir='ltr'>natus</span> <span class='ocrx_word' id='word_1_61' title='bbox 997 693 1087 740; x_wconf 80' lang='lat' dir='ltr'>est3</span> <span class='ocrx_word' id='word_1_62' title='bbox 1119 693 1161 727; x_wconf 87' lang='lat' dir='ltr'>ct</span> <span class='ocrx_word' id='word_1_63' title='bbox 1197 684 1451 729; x_wconf 68' lang='lat' dir='ltr'>inhaerendo</span> <span class='ocrx_word' id='word_1_64' title='bbox 1487 684 1719 740; x_wconf 71' lang='lat' dir='ltr'><strong>Ecclesiae,</strong></span> 
     </span>
     <span class='ocr_line' id='line_1_9' title="bbox 336 754 1722 814; baseline 0.001 -16"><span class='ocrx_word' id='word_1_65' title='bbox 336 770 466 814; x_wconf 68' lang='lat' dir='ltr'>(piam</span> <span class='ocrx_word' id='word_1_66' title='bbox 495 771 545 798; x_wconf 88' lang='lat' dir='ltr'>ex</span> <span class='ocrx_word' id='word_1_67' title='bbox 576 754 779 798; x_wconf 87' lang='lat' dir='ltr'>omnibus</span> <span class='ocrx_word' id='word_1_68' title='bbox 815 754 1016 811; x_wconf 77' lang='lat' dir='ltr'>gentibus</span> <span class='ocrx_word' id='word_1_69' title='bbox 1056 754 1347 811; x_wconf 76' lang='lat' dir='ltr'>congregavit.</span> <span class='ocrx_word' id='word_1_70' title='bbox 1382 757 1498 813; x_wconf 81' lang='lat' dir='ltr'>Ergo</span> <span class='ocrx_word' id='word_1_71' title='bbox 1522 764 1564 798; x_wconf 91' lang='lat' dir='ltr'>et</span> <span class='ocrx_word' id='word_1_72' title='bbox 1585 755 1722 814; x_wconf 85' lang='lat' dir='ltr'>prima</span> 
     </span>
     <span class='ocr_line' id='line_1_10' title="bbox 336 823 1723 884; baseline 0 -15"><span class='ocrx_word' id='word_1_73' title='bbox 336 825 490 883; x_wconf 78' lang='lat' dir='ltr'>hydria</span> <span class='ocrx_word' id='word_1_74' title='bbox 511 824 701 868; x_wconf 82' lang='lat' dir='ltr'>habebat</span> <span class='ocrx_word' id='word_1_75' title='bbox 723 824 996 883; x_wconf 82' lang='lat' dir='ltr'>prophetiam</span> <span class='ocrx_word' id='word_1_76' title='bbox 1026 823 1080 866; x_wconf 86' lang='lat' dir='ltr'>dc</span> <span class='ocrx_word' id='word_1_77' title='bbox 1109 824 1227 867; x_wconf 77' lang='lat' dir='ltr'>Chri:</span> <span class='ocrx_word' id='word_1_78' title='bbox 1238 833 1282 868; x_wconf 92' lang='lat' dir='ltr'>to</span> <span class='ocrx_word' id='word_1_79' title='bbox 1304 843 1312 868; x_wconf 92' lang='lat'>:</span> <span class='ocrx_word' id='word_1_80' title='bbox 1341 824 1415 868; x_wconf 87' lang='lat' dir='ltr'>sed</span> <span class='ocrx_word' id='word_1_81' title='bbox 1443 825 1621 884; x_wconf 83' lang='lat' dir='ltr'>quando</span> <span class='ocrx_word' id='word_1_82' title='bbox 1645 825 1723 869; x_wconf 87' lang='lat' dir='ltr'>ista</span> 
     </span>
     <span class='ocr_line' id='line_1_11' title="bbox 336 894 1723 955; baseline 0.001 -16"><span class='ocrx_word' id='word_1_83' title='bbox 336 911 435 955; x_wconf 84' lang='lat' dir='ltr'>quae</span> <span class='ocrx_word' id='word_1_84' title='bbox 456 895 611 954; x_wconf 86' lang='lat' dir='ltr'>loquor</span> <span class='ocrx_word' id='word_1_85' title='bbox 639 910 727 938; x_wconf 88' lang='lat' dir='ltr'>non</span> <span class='ocrx_word' id='word_1_86' title='bbox 758 894 1107 953; x_wconf 62' lang='lat' dir='ltr'>praedicabantur</span> <span class='ocrx_word' id='word_1_87' title='bbox 1140 894 1185 937; x_wconf 88' lang='lat' dir='ltr'>in</span> <span class='ocrx_word' id='word_1_88' title='bbox 1209 894 1403 954; x_wconf 88' lang='lat' dir='ltr'>populis,</span> <span class='ocrx_word' id='word_1_89' title='bbox 1440 895 1584 940; x_wconf 86' lang='lat' dir='ltr'>adhuc</span> <span class='ocrx_word' id='word_1_90' title='bbox 1610 911 1723 955; x_wconf 83' lang='lat' dir='ltr'>aqua</span> 
     </span>
     <span class='ocr_line' id='line_1_12' title="bbox 337 963 1724 1025; baseline 0.001 -16"><span class='ocrx_word' id='word_1_91' title='bbox 337 975 427 1010; x_wconf 84' lang='lat' dir='ltr'>erat</span> <span class='ocrx_word' id='word_1_92' title='bbox 442 1001 453 1021; x_wconf 68' lang='lat'>⁷</span> <span class='ocrx_word' id='word_1_93' title='bbox 474 966 519 1009; x_wconf 92' lang='lat' dir='ltr'>in</span> <span class='ocrx_word' id='word_1_94' title='bbox 541 965 691 1010; x_wconf 91' lang='lat' dir='ltr'>vinum</span> <span class='ocrx_word' id='word_1_95' title='bbox 713 974 879 1009; x_wconf 89' lang='lat' dir='ltr'>mutata</span> <span class='ocrx_word' id='word_1_96' title='bbox 900 963 1096 1008; x_wconf 87' lang='lat' dir='ltr'>nondum</span> <span class='ocrx_word' id='word_1_97' title='bbox 1120 974 1225 1009; x_wconf 86' lang='lat' dir='ltr'>crat.</span> <span class='ocrx_word' id='word_1_98' title='bbox 1254 968 1309 1009; x_wconf 84' lang='lat' dir='ltr'>Et</span> <span class='ocrx_word' id='word_1_99' title='bbox 1332 968 1431 1025; x_wconf 82' lang='lat' dir='ltr'>quia</span> <span class='ocrx_word' id='word_1_100' title='bbox 1462 966 1724 1010; x_wconf 83' lang='lat' dir='ltr'>illuminavit</span> 
     </span>
     <span class='ocr_line' id='line_1_13' title="bbox 338 1035 1724 1097; baseline 0 -16"><span class='ocrx_word' id='word_1_101' title='bbox 338 1053 415 1081; x_wconf 86' lang='lat' dir='ltr'>nos</span> <span class='ocrx_word' id='word_1_102' title='bbox 438 1053 514 1096; x_wconf 90' lang='lat' dir='ltr'>per</span> <span class='ocrx_word' id='word_1_103' title='bbox 546 1035 803 1096; x_wconf 83' lang='lat' dir='ltr'>Apostolum</span> <span class='ocrx_word' id='word_1_104' title='bbox 832 1037 1066 1091; x_wconf 74' lang='lat' dir='ltr'>Dominus,</span> <span class='ocrx_word' id='word_1_105' title='bbox 1098 1045 1146 1080; x_wconf 93' lang='lat' dir='ltr'>ut</span> <span class='ocrx_word' id='word_1_106' title='bbox 1180 1036 1426 1080; x_wconf 78' lang='lat' dir='ltr'>ostenderet</span> <span class='ocrx_word' id='word_1_107' title='bbox 1459 1037 1584 1081; x_wconf 88' lang='lat' dir='ltr'>nobis</span> <span class='ocrx_word' id='word_1_108' title='bbox 1616 1037 1724 1097; x_wconf 82' lang='lat' dir='ltr'>quid</span> 
     </span>
     <span class='ocr_line' id='line_1_14' title="bbox 337 1107 1725 1168; baseline 0 -16"><span class='ocrx_word' id='word_1_109' title='bbox 337 1107 398 1152; x_wconf 80' lang='lat' dir='ltr'>ibi</span> <span class='ocrx_word' id='word_1_110' title='bbox 411 1123 703 1168; x_wconf 84' lang='lat' dir='ltr'>quaereremus</span> <span class='ocrx_word' id='word_1_111' title='bbox 727 1107 771 1151; x_wconf 87' lang='lat' dir='ltr'>in</span> <span class='ocrx_word' id='word_1_112' title='bbox 786 1108 873 1167; x_wconf 84' lang='lat' dir='ltr'>ipsa</span> <span class='ocrx_word' id='word_1_113' title='bbox 889 1123 973 1151; x_wconf 85' lang='lat' dir='ltr'>una</span> <span class='ocrx_word' id='word_1_114' title='bbox 986 1108 1215 1163; x_wconf 76' lang='lat' dir='ltr'>sententia,</span> <span class='ocrx_word' id='word_1_115' title='bbox 1243 1126 1261 1149; x_wconf 93' lang='lat'>«</span> <span class='ocrx_word' id='word_1_116' title='bbox 1280 1110 1420 1152; x_wconf 88' lang='lat' dir='ltr'>Erunt</span> <span class='ocrx_word' id='word_1_117' title='bbox 1438 1107 1527 1152; x_wconf 90' lang='lat' dir='ltr'>duo</span> <span class='ocrx_word' id='word_1_118' title='bbox 1540 1108 1725 1152; x_wconf 88' lang='lat' dir='ltr'>incarne</span> 
     </span>
     <span class='ocr_line' id='line_1_15' title="bbox 341 1177 1722 1237; baseline 0.001 -18"><span class='ocrx_word' id='word_1_119' title='bbox 341 1198 360 1219; x_wconf 91' lang='lat'>»</span> <span class='ocrx_word' id='word_1_120' title='bbox 400 1195 512 1236; x_wconf 77' lang='lat' dir='ltr'>una3</span> <span class='ocrx_word' id='word_1_121' title='bbox 532 1187 848 1223; x_wconf 84' lang='lat' dir='ltr'>sacramentum</span> <span class='ocrx_word' id='word_1_122' title='bbox 867 1194 1074 1237; x_wconf 77' lang='lat' dir='ltr'>magnum</span> <span class='ocrx_word' id='word_1_123' title='bbox 1091 1179 1134 1221; x_wconf 91' lang='lat' dir='ltr'>in</span> <span class='ocrx_word' id='word_1_124' title='bbox 1157 1177 1329 1222; x_wconf 88' lang='lat' dir='ltr'>Christo</span> <span class='ocrx_word' id='word_1_125' title='bbox 1345 1178 1445 1222; x_wconf 88' lang='lat' dir='ltr'>etin</span> <span class='ocrx_word' id='word_1_126' title='bbox 1462 1178 1654 1223; x_wconf 81' lang='lat' dir='ltr'>Ecclesia</span> <span class='ocrx_word' id='word_1_127' title='bbox 1671 1198 1680 1223; x_wconf 70' lang='grc' dir='ltr'>ε</span> <span class='ocrx_word' id='word_1_128' title='bbox 1702 1197 1722 1220; x_wconf 95' lang='lat'>»</span> 
     </span>
     <span class='ocr_line' id='line_1_16' title="bbox 332 1248 1726 1309; baseline -0.001 -16"><span class='ocrx_word' id='word_1_129' title='bbox 332 1250 421 1309; x_wconf 82' lang='lat' dir='ltr'>jam</span> <span class='ocrx_word' id='word_1_130' title='bbox 443 1248 545 1294; x_wconf 92' lang='lat' dir='ltr'>licet</span> <span class='ocrx_word' id='word_1_131' title='bbox 566 1249 690 1293; x_wconf 90' lang='lat' dir='ltr'>nobis</span> <span class='ocrx_word' id='word_1_132' title='bbox 715 1248 878 1308; x_wconf 84' lang='lat' dir='ltr'>ubique</span> <span class='ocrx_word' id='word_1_133' title='bbox 900 1249 1121 1293; x_wconf 77' lang='lat' dir='ltr'>Christum</span> <span class='ocrx_word' id='word_1_134' title='bbox 1139 1264 1334 1308; x_wconf 84' lang='lat' dir='ltr'>quaerere</span> <span class='ocrx_word' id='word_1_135' title='bbox 1350 1284 1360 1303; x_wconf 81' lang='lat'>‚</span> <span class='ocrx_word' id='word_1_136' title='bbox 1387 1258 1430 1292; x_wconf 90' lang='lat' dir='ltr'>et</span> <span class='ocrx_word' id='word_1_137' title='bbox 1449 1248 1503 1293; x_wconf 91' lang='lat' dir='ltr'>de</span> <span class='ocrx_word' id='word_1_138' title='bbox 1523 1248 1726 1294; x_wconf 85' lang='lat' dir='ltr'>omnibus</span> 
     </span>
     <span class='ocr_line' id='line_1_17' title="bbox 339 1319 1727 1379; baseline -0.001 -15"><span class='ocrx_word' id='word_1_139' title='bbox 339 1319 503 1377; x_wconf 84' lang='lat' dir='ltr'>hydriis</span> <span class='ocrx_word' id='word_1_140' title='bbox 524 1319 678 1364; x_wconf 86' lang='lat' dir='ltr'>viuum</span> <span class='ocrx_word' id='word_1_141' title='bbox 709 1329 872 1379; x_wconf 83' lang='lat' dir='ltr'>potare.</span> <span class='ocrx_word' id='word_1_142' title='bbox 900 1319 1068 1364; x_wconf 81' lang='lat' dir='ltr'>Dormit</span> <span class='ocrx_word' id='word_1_143' title='bbox 1099 1319 1239 1363; x_wconf 78' lang='lat' dir='ltr'>Adam</span> <span class='ocrx_word' id='word_1_144' title='bbox 1263 1329 1312 1363; x_wconf 87' lang='lat' dir='ltr'>ut</span> <span class='ocrx_word' id='word_1_145' title='bbox 1338 1320 1414 1363; x_wconf 87' lang='lat' dir='ltr'>fiat</span> <span class='ocrx_word' id='word_1_146' title='bbox 1439 1322 1530 1364; x_wconf 87' lang='lat' dir='ltr'>Eva</span> <span class='ocrx_word' id='word_1_147' title='bbox 1557 1339 1565 1364; x_wconf 73' lang='grc' dir='ltr'>ε</span> <span class='ocrx_word' id='word_1_148' title='bbox 1591 1320 1727 1364; x_wconf 90' lang='lat' dir='ltr'>mori-</span> 
     </span>
     <span class='ocr_line' id='line_1_18' title="bbox 338 1389 1727 1436; baseline 0 -2"><span class='ocrx_word' id='word_1_149' title='bbox 338 1400 410 1434; x_wconf 86' lang='lat' dir='ltr'>tur</span> <span class='ocrx_word' id='word_1_150' title='bbox 433 1391 628 1436; x_wconf 82' lang='lat' dir='ltr'>Christus</span> <span class='ocrx_word' id='word_1_151' title='bbox 655 1399 704 1434; x_wconf 89' lang='lat' dir='ltr'>ut</span> <span class='ocrx_word' id='word_1_152' title='bbox 733 1391 807 1434; x_wconf 88' lang='lat' dir='ltr'>fiat</span> <span class='ocrx_word' id='word_1_153' title='bbox 844 1389 1049 1434; x_wconf 85' lang='lat' dir='ltr'>Ecclesia.</span> <span class='ocrx_word' id='word_1_154' title='bbox 1078 1390 1315 1434; x_wconf 86' lang='lat' dir='ltr'>Dormienti</span> <span class='ocrx_word' id='word_1_155' title='bbox 1338 1389 1445 1434; x_wconf 78' lang='lat' dir='ltr'>Adae</span> <span class='ocrx_word' id='word_1_156' title='bbox 1486 1391 1535 1435; x_wconf 88' lang='lat' dir='ltr'>fit</span> <span class='ocrx_word' id='word_1_157' title='bbox 1558 1393 1649 1435; x_wconf 89' lang='lat' dir='ltr'>Eva</span> <span class='ocrx_word' id='word_1_158' title='bbox 1672 1390 1727 1435; x_wconf 89' lang='lat' dir='ltr'>de</span> 
     </span>
     <span class='ocr_line' id='line_1_19' title="bbox 338 1460 1727 1522; baseline 0.001 -17"><span class='ocrx_word' id='word_1_159' title='bbox 338 1462 497 1506; x_wconf 73' lang='lat' dir='ltr'>latere²</span> <span class='ocrx_word' id='word_1_160' title='bbox 523 1481 531 1506; x_wconf 88' lang='lat'>:</span> <span class='ocrx_word' id='word_1_161' title='bbox 557 1471 730 1506; x_wconf 89' lang='lat' dir='ltr'>mortuo</span> <span class='ocrx_word' id='word_1_162' title='bbox 748 1461 921 1506; x_wconf 87' lang='lat' dir='ltr'>Christo</span> <span class='ocrx_word' id='word_1_163' title='bbox 942 1461 1091 1505; x_wconf 85' lang='lat' dir='ltr'>lancea</span> <span class='ocrx_word' id='word_1_164' title='bbox 1110 1462 1351 1521; x_wconf 81' lang='lat' dir='ltr'>percutitur</span> <span class='ocrx_word' id='word_1_165' title='bbox 1368 1460 1522 1518; x_wconf 63' lang='lat' dir='ltr'>latusss,</span> <span class='ocrx_word' id='word_1_166' title='bbox 1555 1471 1605 1506; x_wconf 91' lang='lat' dir='ltr'>ut</span> <span class='ocrx_word' id='word_1_167' title='bbox 1625 1477 1727 1522; x_wconf 87' lang='lat' dir='ltr'>pro-</span> 
     </span>
     <span class='ocr_line' id='line_1_20' title="bbox 339 1532 1727 1593; baseline 0.001 -16"><span class='ocrx_word' id='word_1_168' title='bbox 339 1534 480 1577; x_wconf 85' lang='lat' dir='ltr'>fluant</span> <span class='ocrx_word' id='word_1_169' title='bbox 518 1542 811 1588; x_wconf 83' lang='lat' dir='ltr'>sacramenta,</span> <span class='ocrx_word' id='word_1_170' title='bbox 850 1533 1010 1593; x_wconf 87' lang='lat' dir='ltr'>quibus</span> <span class='ocrx_word' id='word_1_171' title='bbox 1037 1532 1251 1577; x_wconf 84' lang='lat' dir='ltr'>formetur</span> <span class='ocrx_word' id='word_1_172' title='bbox 1282 1533 1488 1578; x_wconf 87' lang='lat' dir='ltr'>Ecclesia.</span> <span class='ocrx_word' id='word_1_173' title='bbox 1527 1534 1610 1579; x_wconf 91' lang='lat' dir='ltr'>Cui</span> <span class='ocrx_word' id='word_1_174' title='bbox 1636 1549 1727 1579; x_wconf 88' lang='lat' dir='ltr'>non</span> 
     </span>
     <span class='ocr_line' id='line_1_21' title="bbox 340 1603 1723 1665; baseline 0.001 -17"><span class='ocrx_word' id='word_1_175' title='bbox 340 1615 545 1664; x_wconf 80' lang='lat' dir='ltr'>appareat</span> <span class='ocrx_word' id='word_1_176' title='bbox 566 1605 668 1665; x_wconf 87' lang='lat' dir='ltr'>quia</span> <span class='ocrx_word' id='word_1_177' title='bbox 699 1605 744 1648; x_wconf 89' lang='lat' dir='ltr'>in</span> <span class='ocrx_word' id='word_1_178' title='bbox 773 1604 856 1648; x_wconf 89' lang='lat' dir='ltr'>illis</span> <span class='ocrx_word' id='word_1_179' title='bbox 887 1614 992 1649; x_wconf 81' lang='lat' dir='ltr'>tunc</span> <span class='ocrx_word' id='word_1_180' title='bbox 1028 1603 1151 1649; x_wconf 86' lang='lat' dir='ltr'>factis</span> <span class='ocrx_word' id='word_1_181' title='bbox 1182 1605 1331 1648; x_wconf 84' lang='lat' dir='ltr'>futura</span> <span class='ocrx_word' id='word_1_182' title='bbox 1373 1605 1556 1663; x_wconf 86' lang='lat' dir='ltr'>figurata</span> <span class='ocrx_word' id='word_1_183' title='bbox 1589 1615 1691 1650; x_wconf 90' lang='lat' dir='ltr'>sunt</span> <span class='ocrx_word' id='word_1_184' title='bbox 1711 1640 1723 1661; x_wconf 84' lang='lat'>‚</span> 
     </span>
     <span class='ocr_line' id='line_1_22' title="bbox 340 1674 1726 1736; baseline 0.001 -17"><span class='ocrx_word' id='word_1_185' title='bbox 340 1676 696 1736; x_wconf 74' lang='lat' dir='ltr'>quandoquidem</span> <span class='ocrx_word' id='word_1_186' title='bbox 720 1674 826 1720; x_wconf 88' lang='lat' dir='ltr'>dicit</span> <span class='ocrx_word' id='word_1_187' title='bbox 856 1675 1089 1735; x_wconf 85' lang='lat' dir='ltr'>Apostolus</span> <span class='ocrx_word' id='word_1_188' title='bbox 1112 1676 1252 1734; x_wconf 89' lang='lat' dir='ltr'>ipsum</span> <span class='ocrx_word' id='word_1_189' title='bbox 1275 1675 1415 1719; x_wconf 84' lang='lat' dir='ltr'>Adam</span> <span class='ocrx_word' id='word_1_190' title='bbox 1446 1674 1630 1720; x_wconf 88' lang='lat' dir='ltr'>formam</span> <span class='ocrx_word' id='word_1_191' title='bbox 1652 1675 1726 1720; x_wconf 77' lang='lat' dir='ltr'>Iu-</span> 
     </span>
     <span class='ocr_line' id='line_1_23' title="bbox 343 1745 1726 1806; baseline 0.002 -16"><span class='ocrx_word' id='word_1_192' title='bbox 343 1747 428 1790; x_wconf 89' lang='lat' dir='ltr'>turi</span> <span class='ocrx_word' id='word_1_193' title='bbox 449 1749 569 1791; x_wconf 72' lang='lat' dir='ltr'>esse?</span> <span class='ocrx_word' id='word_1_194' title='bbox 587 1746 703 1800; x_wconf 89' lang='lat' dir='ltr'>«Qui</span> <span class='ocrx_word' id='word_1_195' title='bbox 719 1756 796 1801; x_wconf 83' lang='lat' dir='ltr'>est,</span> <span class='ocrx_word' id='word_1_196' title='bbox 817 1746 976 1806; x_wconf 86' lang='lat' dir='ltr'>inquit,</span> <span class='ocrx_word' id='word_1_197' title='bbox 994 1747 1138 1791; x_wconf 85' lang='lat' dir='ltr'>forma</span> <span class='ocrx_word' id='word_1_198' title='bbox 1154 1745 1356 1792; x_wconf 75' lang='lat' dir='ltr'>futuri4.»</span> <span class='ocrx_word' id='word_1_199' title='bbox 1380 1748 1726 1806; x_wconf 83' lang='lat' dir='ltr'>Praefiguraban—</span> 
     </span>
     <span class='ocr_line' id='line_1_24' title="bbox 341 1817 1727 1877; baseline 0.001 -15"><span class='ocrx_word' id='word_1_200' title='bbox 341 1827 412 1862; x_wconf 83' lang='lat' dir='ltr'>tur</span> <span class='ocrx_word' id='word_1_201' title='bbox 434 1817 577 1862; x_wconf 88' lang='lat' dir='ltr'>omnia</span> <span class='ocrx_word' id='word_1_202' title='bbox 610 1817 804 1874; x_wconf 86' lang='lat' dir='ltr'>mystice.</span> <span class='ocrx_word' id='word_1_203' title='bbox 838 1819 990 1877; x_wconf 87' lang='lat' dir='ltr'>Neque</span> <span class='ocrx_word' id='word_1_204' title='bbox 1017 1817 1133 1861; x_wconf 89' lang='lat' dir='ltr'>enim</span> <span class='ocrx_word' id='word_1_205' title='bbox 1166 1832 1264 1861; x_wconf 93' lang='lat' dir='ltr'>vere</span> <span class='ocrx_word' id='word_1_206' title='bbox 1295 1833 1384 1862; x_wconf 89' lang='lat' dir='ltr'>non</span> <span class='ocrx_word' id='word_1_207' title='bbox 1415 1827 1586 1877; x_wconf 87' lang='lat' dir='ltr'>poterat</span> <span class='ocrx_word' id='word_1_208' title='bbox 1614 1822 1727 1863; x_wconf 93' lang='lat' dir='ltr'>Deus</span> 
     </span>
     <span class='ocr_line' id='line_1_25' title="bbox 341 1886 1728 1947; baseline 0.002 -16"><span class='ocrx_word' id='word_1_209' title='bbox 341 1887 538 1947; x_wconf 84' lang='lat' dir='ltr'>vigilanti</span> <span class='ocrx_word' id='word_1_210' title='bbox 560 1897 721 1932; x_wconf 86' lang='lat' dir='ltr'>costam</span> <span class='ocrx_word' id='word_1_211' title='bbox 745 1887 929 1932; x_wconf 89' lang='lat' dir='ltr'>educere</span> <span class='ocrx_word' id='word_1_212' title='bbox 949 1922 960 1942; x_wconf 76' lang='grc'>,</span> <span class='ocrx_word' id='word_1_213' title='bbox 982 1886 1276 1947; x_wconf 84' lang='lat' dir='ltr'>feminamque</span> <span class='ocrx_word' id='word_1_214' title='bbox 1300 1887 1499 1933; x_wconf 85' lang='lat' dir='ltr'>formare.</span> <span class='ocrx_word' id='word_1_215' title='bbox 1525 1892 1594 1933; x_wconf 86' lang='lat' dir='ltr'>An</span> <span class='ocrx_word' id='word_1_216' title='bbox 1615 1888 1728 1934; x_wconf 83' lang='lat' dir='ltr'>forte</span> 
     </span>
     <span class='ocr_line' id='line_1_26' title="bbox 342 1957 1727 2019; baseline 0.002 -17"><span class='ocrx_word' id='word_1_217' title='bbox 342 1974 397 2002; x_wconf 87' lang='lat' dir='ltr'>ne</span> <span class='ocrx_word' id='word_1_218' title='bbox 429 1958 596 2003; x_wconf 85' lang='lat' dir='ltr'>doleret</span> <span class='ocrx_word' id='word_1_219' title='bbox 625 1958 737 2002; x_wconf 90' lang='lat' dir='ltr'>latus</span> <span class='ocrx_word' id='word_1_220' title='bbox 760 1958 938 2017; x_wconf 85' lang='lat' dir='ltr'>quando</span> <span class='ocrx_word' id='word_1_221' title='bbox 960 1967 1076 2002; x_wconf 88' lang='lat' dir='ltr'>costa</span> <span class='ocrx_word' id='word_1_222' title='bbox 1101 1957 1293 2002; x_wconf 85' lang='lat' dir='ltr'>detracta</span> <span class='ocrx_word' id='word_1_223' title='bbox 1327 1968 1387 2003; x_wconf 81' lang='lat' dir='ltr'>est</span> <span class='ocrx_word' id='word_1_224' title='bbox 1405 1994 1415 2013; x_wconf 88' lang='lat'>,</span> <span class='ocrx_word' id='word_1_225' title='bbox 1442 1969 1619 2019; x_wconf 85' lang='lat' dir='ltr'>propter</span> <span class='ocrx_word' id='word_1_226' title='bbox 1643 1961 1727 2005; x_wconf 87' lang='lat' dir='ltr'>hoc</span> 
     </span>
     <span class='ocr_line' id='line_1_27' title="bbox 342 2028 1728 2088; baseline 0.001 -15"><span class='ocrx_word' id='word_1_227' title='bbox 342 2029 570 2088; x_wconf 87' lang='lat' dir='ltr'>oportebat</span> <span class='ocrx_word' id='word_1_228' title='bbox 593 2038 642 2073; x_wconf 91' lang='lat' dir='ltr'>ut</span> <span class='ocrx_word' id='word_1_229' title='bbox 670 2028 741 2072; x_wconf 90' lang='lat' dir='ltr'>ille</span> <span class='ocrx_word' id='word_1_230' title='bbox 766 2028 1009 2072; x_wconf 76' lang='lat' dir='ltr'>dormiret?</span> <span class='ocrx_word' id='word_1_231' title='bbox 1031 2028 1135 2081; x_wconf 87' lang='lat' dir='ltr'>Quis</span> <span class='ocrx_word' id='word_1_232' title='bbox 1155 2037 1219 2072; x_wconf 90' lang='lat' dir='ltr'>est</span> <span class='ocrx_word' id='word_1_233' title='bbox 1237 2029 1310 2088; x_wconf 89' lang='lat' dir='ltr'>qui</span> <span class='ocrx_word' id='word_1_234' title='bbox 1322 2029 1380 2072; x_wconf 88' lang='lat' dir='ltr'>sic</span> <span class='ocrx_word' id='word_1_235' title='bbox 1394 2029 1601 2085; x_wconf 84' lang='lat' dir='ltr'>dormiat,</span> <span class='ocrx_word' id='word_1_236' title='bbox 1628 2039 1678 2075; x_wconf 87' lang='lat' dir='ltr'>ut</span> <span class='ocrx_word' id='word_1_237' title='bbox 1689 2030 1728 2074; x_wconf 90' lang='lat' dir='ltr'>ei</span> 
     </span>
     <span class='ocr_line' id='line_1_28' title="bbox 342 2098 1725 2158; baseline 0.001 -14"><span class='ocrx_word' id='word_1_238' title='bbox 342 2116 433 2144; x_wconf 85' lang='lat' dir='ltr'>ossa</span> <span class='ocrx_word' id='word_1_239' title='bbox 455 2116 543 2144; x_wconf 90' lang='lat' dir='ltr'>non</span> <span class='ocrx_word' id='word_1_240' title='bbox 579 2099 799 2158; x_wconf 81' lang='lat' dir='ltr'>evigilanti</span> <span class='ocrx_word' id='word_1_241' title='bbox 829 2098 1096 2143; x_wconf 77' lang='lat' dir='ltr'>evellantur?</span> <span class='ocrx_word' id='word_1_242' title='bbox 1118 2101 1186 2142; x_wconf 81' lang='lat' dir='ltr'>An</span> <span class='ocrx_word' id='word_1_243' title='bbox 1208 2099 1309 2158; x_wconf 84' lang='lat' dir='ltr'>quia</span> <span class='ocrx_word' id='word_1_244' title='bbox 1339 2102 1452 2143; x_wconf 90' lang='lat' dir='ltr'>Deus</span> <span class='ocrx_word' id='word_1_245' title='bbox 1483 2100 1725 2156; x_wconf 84' lang='lat' dir='ltr'>evellebat,</span> 
     </span>
     <span class='ocr_line' id='line_1_29' title="bbox 341 2169 1729 2230; baseline 0 -15"><span class='ocrx_word' id='word_1_246' title='bbox 341 2180 568 2230; x_wconf 87' lang='lat' dir='ltr'>propterea</span> <span class='ocrx_word' id='word_1_247' title='bbox 593 2171 725 2215; x_wconf 91' lang='lat' dir='ltr'>homo</span> <span class='ocrx_word' id='word_1_248' title='bbox 748 2186 837 2214; x_wconf 90' lang='lat' dir='ltr'>non</span> <span class='ocrx_word' id='word_1_249' title='bbox 864 2169 1108 2213; x_wconf 73' lang='lat' dir='ltr'>sentiebat?</span> <span class='ocrx_word' id='word_1_250' title='bbox 1130 2172 1304 2214; x_wconf 86' lang='lat' dir='ltr'>Poterat</span> <span class='ocrx_word' id='word_1_251' title='bbox 1331 2185 1432 2229; x_wconf 80' lang='lat' dir='ltr'>ergo</span> <span class='ocrx_word' id='word_1_252' title='bbox 1461 2180 1505 2215; x_wconf 90' lang='lat' dir='ltr'>et</span> <span class='ocrx_word' id='word_1_253' title='bbox 1534 2171 1729 2229; x_wconf 85' lang='lat' dir='ltr'>vigilanti</span> 
     </span>
     <span class='ocr_line' id='line_1_30' title="bbox 340 2240 1726 2302; baseline 0.001 -16"><span class='ocrx_word' id='word_1_254' title='bbox 340 2243 431 2286; x_wconf 88' lang='lat' dir='ltr'>sine</span> <span class='ocrx_word' id='word_1_255' title='bbox 460 2241 609 2287; x_wconf 88' lang='lat' dir='ltr'>dolore</span> <span class='ocrx_word' id='word_1_256' title='bbox 644 2241 827 2286; x_wconf 87' lang='lat' dir='ltr'>evellere</span> <span class='ocrx_word' id='word_1_257' title='bbox 847 2277 857 2296; x_wconf 87' lang='lat'>‚</span> <span class='ocrx_word' id='word_1_258' title='bbox 894 2242 968 2301; x_wconf 88' lang='lat' dir='ltr'>qui</span> <span class='ocrx_word' id='word_1_259' title='bbox 1000 2241 1147 2300; x_wconf 75' lang='lat' dir='ltr'>potuit</span> <span class='ocrx_word' id='word_1_260' title='bbox 1178 2240 1426 2286; x_wconf 76' lang='lat' dir='ltr'>dormienti.</span> <span class='ocrx_word' id='word_1_261' title='bbox 1465 2241 1548 2287; x_wconf 88' lang='lat' dir='ltr'>Sed</span> <span class='ocrx_word' id='word_1_262' title='bbox 1576 2242 1726 2302; x_wconf 89' lang='lat' dir='ltr'>procul</span> 
     </span>
     <span class='ocr_line' id='line_1_31' title="bbox 341 2312 1728 2373; baseline 0 -15"><span class='ocrx_word' id='word_1_263' title='bbox 341 2314 475 2358; x_wconf 88' lang='lat' dir='ltr'>dubio</span> <span class='ocrx_word' id='word_1_264' title='bbox 499 2314 654 2371; x_wconf 87' lang='lat' dir='ltr'>hydria</span> <span class='ocrx_word' id='word_1_265' title='bbox 675 2312 1090 2373; x_wconf 86' lang='lat' dir='ltr'>primaimplebatur</span> <span class='ocrx_word' id='word_1_266' title='bbox 1113 2332 1121 2357; x_wconf 88' lang='lat'>:</span> <span class='ocrx_word' id='word_1_267' title='bbox 1144 2313 1371 2372; x_wconf 78' lang='lat' dir='ltr'>prophetia</span> <span class='ocrx_word' id='word_1_268' title='bbox 1389 2313 1504 2358; x_wconf 89' lang='lat' dir='ltr'>illius</span> <span class='ocrx_word' id='word_1_269' title='bbox 1524 2314 1728 2373; x_wconf 88' lang='lat' dir='ltr'>temporis</span> 
     </span>
     <span class='ocr_line' id='line_1_32' title="bbox 343 2384 1253 2443; baseline -0.002 -14"><span class='ocrx_word' id='word_1_270' title='bbox 343 2386 397 2429; x_wconf 89' lang='lat' dir='ltr'>de</span> <span class='ocrx_word' id='word_1_271' title='bbox 419 2385 566 2428; x_wconf 72' lang='lat' dir='ltr'>tuturo</span> <span class='ocrx_word' id='word_1_272' title='bbox 587 2384 669 2429; x_wconf 84' lang='lat' dir='ltr'>isto</span> <span class='ocrx_word' id='word_1_273' title='bbox 689 2394 884 2443; x_wconf 89' lang='lat' dir='ltr'>tempore</span> <span class='ocrx_word' id='word_1_274' title='bbox 906 2384 1253 2442; x_wconf 81' lang='lat' dir='ltr'>dispensabatur.</span> 
     </span>
    </p>

    <p class='ocr_par' dir='ltr' id='par_1_2' title="bbox 397 2454 1727 2513">
     <span class='ocr_line' id='line_1_33' title="bbox 397 2454 1727 2513; baseline 0 -13"><span class='ocrx_word' id='word_1_275' title='bbox 397 2459 476 2500; x_wconf 85' lang='lat' dir='ltr'>XI.</span> <span class='ocrx_word' id='word_1_276' title='bbox 501 2456 697 2500; x_wconf 85' lang='lat' dir='ltr'>Christus</span> <span class='ocrx_word' id='word_1_277' title='bbox 721 2456 852 2501; x_wconf 86' lang='lat' dir='ltr'>etiam</span> <span class='ocrx_word' id='word_1_278' title='bbox 875 2455 1085 2513; x_wconf 84' lang='lat' dir='ltr'>figuratus</span> <span class='ocrx_word' id='word_1_279' title='bbox 1108 2463 1171 2498; x_wconf 87' lang='lat' dir='ltr'>est</span> <span class='ocrx_word' id='word_1_280' title='bbox 1192 2455 1236 2498; x_wconf 91' lang='lat' dir='ltr'>in</span> <span class='ocrx_word' id='word_1_281' title='bbox 1259 2457 1377 2510; x_wconf 72' lang='lat' dir='ltr'>Noe,</span> <span class='ocrx_word' id='word_1_282' title='bbox 1404 2463 1446 2499; x_wconf 91' lang='lat' dir='ltr'>et</span> <span class='ocrx_word' id='word_1_283' title='bbox 1468 2456 1512 2499; x_wconf 92' lang='lat' dir='ltr'>in</span> <span class='ocrx_word' id='word_1_284' title='bbox 1534 2454 1607 2499; x_wconf 88' lang='lat' dir='ltr'>illa</span> <span class='ocrx_word' id='word_1_285' title='bbox 1631 2471 1727 2500; x_wconf 89' lang='lat' dir='ltr'>arca</span> 
     </span>
    </p>
   </div>
   <div class='ocr_carea' id='block_1_2' title="bbox 388 2538 1660 2583">
    <p class='ocr_par' dir='ltr' id='par_1_3' title="bbox 388 2538 1660 2583">
     <span class='ocr_line' id='line_1_34' title="bbox 388 2538 1660 2583; baseline -0.001 -9"><span class='ocrx_word' id='word_1_286' title='bbox 388 2549 395 2565; x_wconf 81' lang='lat'>¹</span> <span class='ocrx_word' id='word_1_287' title='bbox 416 2540 528 2583; x_wconf 81' lang='lat' dir='ltr'>Philip.</span> <span class='ocrx_word' id='word_1_288' title='bbox 549 2552 583 2583; x_wconf 88' lang='lat'>11,</span> <span class='ocrx_word' id='word_1_289' title='bbox 607 2541 638 2574; x_wconf 86' lang='lat'>6.</span> <span class='ocrx_word' id='word_1_290' title='bbox 661 2558 699 2565; x_wconf 45' lang='lat'>-*</span> <span class='ocrx_word' id='word_1_291' title='bbox 721 2546 732 2564; x_wconf 79' lang='lat'><em>²</em></span> <span class='ocrx_word' id='word_1_292' title='bbox 750 2543 829 2574; x_wconf 82' lang='lat' dir='ltr'>Gen.</span> <span class='ocrx_word' id='word_1_293' title='bbox 856 2551 889 2582; x_wconf 76' lang='grc' dir='ltr'>ιι,</span> <span class='ocrx_word' id='word_1_294' title='bbox 912 2549 964 2573; x_wconf 68' lang='grc' dir='ltr'>21Δ</span> <span class='ocrx_word' id='word_1_295' title='bbox 990 2557 1029 2563; x_wconf 94' lang='grc'>-</span> <span class='ocrx_word' id='word_1_296' title='bbox 1050 2538 1252 2581; x_wconf 70' lang='lat' dir='ltr'>3Joan.x1x,</span> <span class='ocrx_word' id='word_1_297' title='bbox 1274 2538 1326 2580; x_wconf 63' lang='lat'>34¹.</span> <span class='ocrx_word' id='word_1_298' title='bbox 1349 2555 1389 2563; x_wconf 80' lang='lat'>-=</span> <span class='ocrx_word' id='word_1_299' title='bbox 1410 2539 1424 2570; x_wconf 68' lang='grc'>4</span> <span class='ocrx_word' id='word_1_300' title='bbox 1445 2543 1534 2573; x_wconf 86' lang='lat' dir='ltr'>Rom.</span> <span class='ocrx_word' id='word_1_301' title='bbox 1557 2551 1587 2582; x_wconf 83' lang='lat' dir='ltr'>v,</span> <span class='ocrx_word' id='word_1_302' title='bbox 1612 2540 1660 2582; x_wconf 68' lang='lat'>14.</span> 
     </span>
    </p>
   </div>
  </div>
 </body>
</html>
