1809 3173
401 194 484 233 330
835 202 868 233 s.
904 201 1134 233 Aucus-nm
1164 205 1345 234 Emscom

401 283 590 329 cumque
612 268 695 313 illis
716 269 831 314 dicta
850 279 892 314 et
912 279 1127 330 praecepta
1149 279 1264 325 sunt,
1279 269 1446 314 umbrae
1468 272 1646 317 fuerunt
1663 272 1779 318 tutu-

400 356 563 384 rorum.
604 343 801 393 Quorum
837 342 1121 386 futurorum?
1141 358 1239 401 quae
1268 342 1505 401 implentur
1522 344 1567 386 in
1588 345 1774 390 Christo,

402 410 526 455 Unde
542 410 647 455 dicit
664 412 916 471 Apostolus:
939 433 957 455 «
977 416 1204 471 Quotquot
1225 414 1338 456 enim
1359 414 1660 473 promissiones
1682 417 1774 471 Dei,

403 498 422 521 »
459 480 503 523 in
538 480 614 525 illo
637 482 787 525 etiam¹
813 501 820 526 :
850 501 868 523 n
896 482 1043 535 idest,
1069 483 1112 525 in
1135 481 1209 525 illo
1246 482 1435 541 impletae
1472 493 1586 527 sunt.
1614 485 1779 529 Deinde

401 550 505 594 dicit
545 550 628 595 alio
666 551 762 596 loco
791 571 799 596 ε
830 571 846 591 «
883 554 1038 595 Omnia
1074 552 1117 595 in
1150 553 1288 610 figura
1327 555 1639 612 contingebant
1672 555 1776 610 illis,

404 640 423 663 »
459 622 614 681 scripta
649 632 750 666 sunt
778 631 922 666 autem
951 632 1128 682 propter
1150 639 1228 667 nos
1245 658 1256 677 ,
1282 623 1327 667 in
1350 640 1459 683 quos
1481 625 1577 668 finis
1595 626 1777 670 saeculo-

405 711 424 734 »
460 709 556 737 rum
574 693 823 736 obvenit2.»
840 694 951 736 Dixit
973 702 1014 737 et
1031 692 1150 748 alibi,
1170 712 1186 733 «
1211 694 1327 737 Finis
1350 695 1465 738 enim
1487 696 1608 753 Legis
1630 697 1779 741 Chris-

404 781 424 805 »
461 773 529 807 tus
547 765 653 807 estss.
683 767 827 807 »Item
851 763 934 807 alio
954 763 1052 808 loco
1068 799 1078 818 ‚
1109 783 1128 806 «
1153 767 1290 809 Nemo
1313 781 1388 809 vos
1404 765 1572 825 judicet
1590 767 1635 810 in
1658 767 1777 824 cibo,

401 853 421 876 »
459 844 534 878 aut
555 835 599 877 in
618 843 747 893 potu,
769 844 843 878 aut
859 835 904 877 in
926 844 1048 894 parte
1070 834 1151 878 diei
1175 834 1294 890 festi,
1320 846 1395 880 aut
1416 838 1681 893 neomeniae,
1706 848 1781 883 aut

402 924 422 947 »
458 905 766 960 sabbatorum,
792 906 913 965 quod
949 915 1013 950 est
1044 906 1200 949 umbra
1229 905 1522 951 futurorum4.
1552 926 1571 949 »
1605 909 1648 952 Si
1678 925 1780 968 ergo

399 976 544 1021 omnia
565 975 637 1020 illa
656 977 822 1020 umbrae
840 975 1019 1021 fuerunt
1035 976 1283 1021 futurorum
1302 999 1312 1035 3
1337 987 1380 1022 et
1397 980 1657 1037 Scenopegia
1679 996 1781 1023 uma

398 1047 475 1090 bra
497 1056 587 1090 erat
604 1046 868 1091 futurorum.
896 1048 974 1091 Hic
992 1063 1094 1106 ergo
1111 1048 1201 1091 dies
1224 1046 1374 1102 festus,
1394 1063 1639 1107 quaeramus
1658 1050 1780 1109 cujus

399 1117 537 1160 futuri
566 1117 720 1160 umbra
742 1127 848 1160 erat.
874 1118 1065 1176 Exposui
1093 1117 1201 1177 quid
1231 1127 1322 1161 erat
1346 1119 1607 1177 Scenopegia
1633 1137 1642 1163 ε
1668 1119 1780 1163 ccle-

398 1189 538 1232 bratio
575 1197 666 1231 erat
689 1187 1070 1232 tabernaculorum
1087 1224 1098 1243 ,
1138 1198 1365 1247 propterea
1389 1189 1489 1248 quia
1516 1188 1704 1248 populus
1727 1190 1780 1234 de

398 1261 592 1316 AEgypto
629 1257 835 1301 liberatus
864 1258 1047 1302 tendens
1080 1274 1156 1318 per
1178 1258 1396 1302 desertum
1420 1258 1475 1302 ad
1499 1268 1657 1302 terram
1678 1275 1779 1318 pro-

398 1328 609 1371 missionis
627 1363 636 1381 ,
664 1328 708 1370 in
731 1328 1018 1372 tabernaculis
1041 1329 1267 1372 habitavit.
1299 1328 1412 1380 Quid
1433 1328 1485 1372 sit
1508 1328 1779 1373 animadver-

399 1406 539 1441 tamus
554 1433 564 1451 ‚
589 1407 632 1441 et
654 1413 732 1442 nos
750 1398 908 1441 erimus
926 1419 935 1453 3
960 1414 1054 1452 nos,
1080 1398 1259 1458 inquam
1275 1432 1285 1452 ‚
1306 1398 1382 1457 qui
1403 1399 1596 1442 membra
1619 1400 1778 1444 Christi

397 1484 545 1512 sumus
562 1503 572 1521 ‚
599 1469 631 1511 si
658 1484 806 1512 sumus
833 1487 841 1513 :
866 1468 941 1512 illo
964 1478 1110 1512 autem
1133 1468 1338 1525 dignante
1359 1484 1523 1523 sumus,
1543 1485 1632 1513 non
1654 1470 1779 1513 nobis

397 1539 761 1599 promerentibus.
784 1538 1072 1582 Attendamus
1087 1555 1191 1597 ergo
1206 1554 1306 1593 nos,
1329 1538 1481 1582 fratres
1503 1558 1511 1584 ε
1538 1539 1683 1583 educti
1703 1555 1778 1583 su-

398 1625 492 1652 mus
509 1608 563 1652 de
576 1612 793 1668 AEgypto‚
820 1609 896 1652 ubi
913 1608 1088 1653 diabolo
1111 1618 1318 1668 tanquam
1340 1610 1550 1653 Pharaoni
1569 1610 1779 1654 servieba—

395 1696 492 1725 mus
510 1716 521 1735 ,
541 1680 616 1724 ubi
638 1680 754 1724 lutea
777 1696 905 1739 opera
935 1682 979 1723 in
1000 1681 1180 1724 terrenis
1202 1680 1424 1724 desideriis
1442 1680 1675 1737 agebamus
1695 1715 1706 1735 ‚
1735 1690 1777 1725 et

396 1751 442 1794 in
462 1751 520 1794 eis
542 1751 731 1794 multum
747 1751 1070 1795 laborabamus.
1097 1751 1269 1794 Etenim
1298 1749 1423 1794 nobis
1445 1750 1641 1794 Christus
1657 1751 1777 1810 quasi

395 1821 548 1865 lateres
583 1819 841 1864 facientibus
873 1821 1074 1865 clamavit
1104 1840 1112 1865 :
1144 1839 1163 1862 «
1188 1821 1342 1864 Venite
1365 1819 1419 1863 ad
1440 1836 1509 1863 me
1532 1836 1679 1864 omnes
1702 1822 1775 1881 qui

398 1910 418 1933 »
453 1891 658 1936 laboratis
680 1901 723 1935 et
745 1892 909 1935 onerati
934 1892 1071 1935 estis⁵.
1088 1910 1107 1932 »
1132 1892 1242 1934 Hinc
1265 1890 1410 1935 educti
1427 1906 1500 1949 per
1514 1891 1776 1950 baptismum

395 1971 601 2022 tanquam
636 1976 712 2021 per
735 1978 851 2006 mare
884 1962 1065 2005 rubrum
1085 1995 1096 2015 ,
1122 1961 1221 2005 ideo
1246 1962 1426 2004 rubrum
1443 1996 1453 2015 ‚
1487 1962 1588 2020 quia
1615 1962 1775 2006 Christi

394 2034 601 2090 sanguine
620 2041 941 2086 consecratum,
972 2031 1152 2075 mortuis
1185 2031 1385 2075 omnibus
1408 2031 1594 2075 inimicis
1623 2033 1775 2076 nostris

394 2104 470 2163 qui
493 2119 570 2147 nos
599 2103 946 2156 insectabantur,
981 2102 1026 2145 id
1057 2110 1147 2155 est⁷
1179 2100 1330 2144 deletis
1353 2101 1555 2145 omnibus
1590 2103 1774 2160 peccatis

395 2175 566 2227 nostris,
588 2174 807 2233 transjecti
829 2188 990 2216 sumus.
1009 2172 1141 2217 Modo
1153 2187 1252 2229 ergo
1273 2181 1502 2231 antequam
1522 2171 1576 2215 ad
1593 2173 1774 2231 patriam

395 2245 688 2305 promissionis
707 2280 718 2298 ,
743 2244 786 2287 id
807 2253 896 2297 est,
921 2253 1134 2287 aetcrnum
1155 2258 1337 2301 regnum
1359 2243 1583 2287 veniamus
1599 2277 1609 2297 ‚
1634 2244 1679 2286 in
1701 2243 1775 2286 de-

396 2326 509 2361 serto
526 2316 569 2358 in
595 2314 882 2358 tabernaculis
904 2314 1162 2367 sumus.Qui
1182 2314 1258 2357 ista
1280 2323 1536 2370 agnoscunt,
1561 2314 1606 2356 in
1631 2314 1775 2357 taber-

396 2385 559 2431 naculis
580 2395 682 2429 sunt
708 2404 716 2429 ι
745 2384 943 2428 futurum
971 2384 1085 2428 enirn
1109 2393 1200 2428 erat
1218 2419 1228 2439 ,
1253 2392 1301 2427 ut
1319 2383 1498 2443 quidam
1520 2384 1603 2427 hoc
1627 2398 1779 2442 agnos-

446 2489 453 2505 ¹
471 2491 490 2514 2
515 2483 585 2513 Cor.
600 2492 625 2522 1,
644 2489 698 2513 20.
720 2497 761 2503 —
782 2488 794 2504 ²
813 2492 824 2513 1
843 2482 914 2513 Cor.
937 2492 969 2522 x,
993 2491 1042 2513 11.
1067 2497 1108 2503 —
1125 2477 1138 2503 3
1156 2481 1245 2512 Rom.
1268 2490 1302 2522 x,
1321 2477 1356 2521 4.
1377 2496 1418 2503 -
1436 2479 1452 2510 4
1470 2479 1587 2513 Coloss.
1606 2490 1642 2522 11,
1665 2479 1715 2513 16.
1735 2496 1776 2505 -

399 2555 441 2562 —
459 2536 473 2561 5
486 2537 599 2570 Matth.
626 2547 668 2578 xi,
688 2536 742 2568 28.
