1809 3173
368 185 452 224 266
769 195 802 225 s.
839 195 1069 227 Aucvs'rrm
1101 198 1281 229 Er1scor1

432 265 511 308 XI.
539 265 651 308 Ecce
684 265 728 309 in
749 274 896 310 mente
923 274 998 310 tua
1028 267 1153 311 video
1180 268 1322 329 aliqua
1346 268 1460 324 duo,
1492 271 1745 314 memoriam

372 350 491 385 tuam
515 347 558 382 et
572 338 878 397 cogitationem
895 347 1032 392 tuam,
1052 339 1094 382 id
1118 349 1202 392 est,
1221 341 1341 400 quasi
1363 343 1496 385 aciem
1514 343 1747 402 quamdam

369 419 413 454 et
430 410 633 454 obtutum
653 409 806 452 animae
829 418 930 453 tuae.
957 409 1086 453 Vides
1111 410 1288 469 aliquid,
1315 421 1357 455 et
1378 428 1455 471 per
1477 413 1624 457 oeulos
1651 429 1749 472 per·

366 483 486 541 cipis,
512 491 555 525 et
576 482 854 525 commendas
873 482 1091 523 memoriae
1112 499 1119 524 ε
1139 481 1199 523 ibi
1218 491 1280 525 est
1304 483 1416 527 intus
1442 485 1560 543 quod
1585 500 1750 528 memo·

366 554 441 598 riae
463 552 790 607 commendasti,
817 551 860 595 in
884 551 1031 596 abdito
1056 552 1326 596 reconditum
1361 556 1481 613 quasi
1504 556 1549 599 in
1573 557 1746 611 horreo,

366 624 485 685 quasi
500 624 543 667 in
563 625 781 677 thesauro,
813 623 933 682 quasi
953 623 996 666 in
1019 624 1246 667 secretario
1269 625 1458 683 quodam
1483 635 1525 669 et
1542 624 1750 684 p'enetrali

367 696 588 740 interiore.
627 696 800 753 Cogitas
829 694 1032 749 aliunde,
1069 695 1252 739 intentio
1283 705 1356 739 tua
1382 696 1483 740 alibi
1510 706 1573 741 est
1600 716 1608 742 ε
1634 698 1752 742 aliud

366 767 484 827 quod
507 765 648 809 vidisti
671 765 714 808 in
734 765 938 808 memoria
962 774 1035 808 tua
1056 774 1134 820 est,
1161 775 1204 809 et
1224 781 1312 809 non
1334 766 1508 811 videtur
1531 783 1552 811 a
1572 777 1631 822 te,
1649 770 1751 828 quia

366 837 570 896 cogitatio
597 845 671 880 tua
693 836 737 879 in
757 835 876 880 aliud
899 836 1156 880 intenditur.
1178 838 1311 881 Modo
1337 838 1494 896 probo,
1517 839 1751 884 scientibus

365 909 523 968 loqnor
556 927 565 952 ε
599 907 903 966 Carthaginem
929 907 1131 962 nomino,
1165 923 1313 952 omnes
1334 908 1464 953 modo
1498 909 1615 954 intus
1650 911 1751 970 qui-

366 994 556 1039 cumque
590 994 685 1022 eam
721 979 870 1033 nostis,
895 978 1059 1023 vidistis
1093 980 1414 1038 Carthaginem.
1441 981 1666 1040 Numquid
1687 990 1753 1026 tot

367 1060 469 1096 sunt
492 1050 776 1109 Carthagines
797 1060 905 1110 quot
929 1049 1084 1093 animae
1109 1060 1261 1094 vestrae
1277 1053 1294 1094 P
1309 1052 1468 1095 Omnes
1490 1052 1652 1096 vidistis
1676 1067 1754 1112 per

367 1137 528 1166 nomen
546 1122 628 1165 hoc
654 1138 664 1164 :
689 1136 767 1180 per
789 1130 979 1181 quatuor
996 1122 1072 1165 has
1095 1121 1281 1179 syllabas
1299 1131 1422 1165 notas
1442 1122 1581 1177 vobis,
1608 1138 1754 1167 erum-

366 1202 518 1252 pentes
541 1207 589 1234 ex
629 1207 702 1235 ore
724 1207 821 1235 meo
839 1227 849 1246 ,
887 1201 1009 1235 tactae
1042 1201 1143 1235 sunt
1175 1207 1299 1235 aures
1324 1201 1476 1235 vestrae
1495 1229 1505 1247 ,
1529 1202 1669 1236 tactus
1691 1203 1755 1238 est

368 1278 515 1307 sensus
537 1262 689 1305 animae
707 1278 782 1321 per
800 1278 972 1321 corpus,
998 1271 1040 1305 et
1063 1263 1116 1306 ab
1132 1262 1210 1305 alia
1233 1262 1475 1306 intentione
1490 1263 1674 1307 reflexus
1691 1272 1754 1308 est

368 1335 536 1377 animus
559 1334 611 1376 ad
636 1334 680 1377 id
703 1333 821 1393 quod
839 1334 896 1376 ibi
920 1342 1010 1377 erat
1030 1369 1040 1388 ,
1074 1342 1116 1376 et
1137 1333 1244 1376 vidit
1275 1334 1596 1391 Carthaginem.
1621 1337 1756 1379 Num-

368 1405 475 1466 quid
496 1414 601 1448 tunc
621 1414 684 1449 est
706 1405 767 1448 ibi
790 1405 1007 1463 Carthago
1030 1404 1172 1449 facta?
1195 1407 1291 1448 Jarn
1318 1405 1380 1448 ibi
1405 1415 1510 1458 erat,
1542 1405 1615 1449 sed
1644 1405 1753 1450 late-

368 1478 458 1521 bat.
481 1480 624 1530 Quare
646 1477 704 1519 ibi
722 1475 914 1520 latebat?
931 1477 1041 1529 Quia
1064 1477 1231 1520 animus
1257 1485 1358 1520 tuus
1400 1477 1442 1520 in
1469 1476 1587 1521 aliud
1609 1486 1754 1521 atten-

369 1548 501 1592 debat
526 1567 534 1592 :
560 1563 660 1592 curn
697 1547 852 1591 reflexa
880 1557 942 1591 est
965 1548 1168 1606 cogitatio
1197 1557 1272 1591 tua
1307 1547 1361 1591 ad
1388 1548 1433 1590 id
1456 1547 1576 1608 quod
1599 1558 1690 1593 erat
1708 1549 1753 1593 in

369 1620 593 1674 memoria,
619 1617 721 1663 inde
745 1617 928 1663 formata
952 1628 1030 1673 est,
1057 1629 1100 1662 et
1131 1619 1235 1662 visio
1259 1617 1461 1679 quaedam
1484 1619 1618 1662 animi
1642 1619 1755 1665 facta

369 1700 447 1735 est.
470 1694 607 1735 Antea
631 1707 719 1734 non
737 1699 828 1734 erat
849 1690 968 1743 visio,
994 1688 1068 1733 sed
1090 1699 1180 1733 erat
1197 1690 1404 1733 memoria
1430 1709 1439 1735 ε
1460 1691 1615 1734 reflexa
1632 1690 1752 1750 cogi-

368 1762 532 1806 tatione
555 1761 609 1805 ad
636 1761 905 1815 memoriam,
930 1759 1042 1804 facta
1074 1770 1136 1804 est
1167 1760 1288 1804 visio.
1311 1761 1630 1804 Demonstravit
1651 1776 1754 1820 ergo

369 1834 575 1877 memoria
598 1842 672 1876 tua
687 1833 936 1891 cogitationi
954 1842 1040 1875 tuae
1059 1833 1379 1889 Carthaginem,
1405 1842 1447 1876 et
1470 1832 1591 1892 quod
1614 1833 1659 1876 in
1681 1832 1752 1877 illa

368 1915 458 1949 crat
495 1915 728 1964 antequam
752 1902 1011 1957 intenderes,
1037 1918 1254 1946 conversae
1277 1902 1331 1946 ad
1354 1919 1397 1947 se
1424 1904 1655 1947 intentioni
1677 1920 1752 1948 co-

370 1976 585 2034 gitationis
607 1975 809 2019 ostendit.
832 1977 942 2018 Ecce
958 1972 1069 2018 facta
1088 1983 1185 2017 esta
1199 1975 1407 2017 memoria
1422 1973 1750 2031 demonstratio,

368 2046 481 2091 facta
516 2056 578 2090 est
609 2046 655 2090 in
694 2046 952 2103 cogitatione
984 2045 1113 2102 visio,
1151 2054 1193 2088 et
1225 2044 1346 2088 nulla
1379 2046 1512 2089 verba
1536 2046 1581 2088 in
1608 2045 1753 2090 medio

367 2126 675 2173 cucurrerunt,
702 2117 872 2160 nullum
896 2132 948 2160 ex
969 2131 1149 2175 corpore
1178 2116 1348 2174 signum
1371 2116 1522 2159 datum
1552 2125 1614 2160 est
1641 2135 1649 2160 :
1673 2132 1752 2161 nec
1787 2107 1800 2119 ³

365 2188 569 2243 innuisti,
595 2204 674 2232 nec
712 2188 939 2247 scripsisti,
965 2203 1044 2231 nec
1077 2187 1284 2243 sonuisti3
1310 2196 1352 2230 et
1377 2196 1523 2230 tamen
1546 2187 1752 2246 cogitatio

367 2258 476 2304 vidit
496 2259 615 2319 quod
639 2260 846 2303 memoria
871 2257 1197 2302 demonstravit.
1222 2257 1428 2317 Ejusdem
1453 2266 1597 2301 autem
1625 2257 1754 2301 subs·
1775 2278 1781 2284 ·

368 2331 516 2374 tantiae
539 2338 616 2384 est,
636 2339 677 2373 et
700 2346 798 2390 quae
821 2328 1150 2383 demonstravit,
1174 2338 1216 2372 et
1233 2329 1302 2372 cui
1321 2328 1645 2372 demonstravit.
1671 2328 1755 2373 Sed

370 2401 675 2459 Carthaginem
700 2410 748 2444 ut
770 2400 950 2444 haberet
975 2401 1179 2443 memoria
1198 2409 1270 2443 tua
1290 2435 1299 2454 ,
1331 2415 1408 2458 per
1430 2399 1578 2443 oculos
1601 2400 1753 2444 hausta

370 2481 432 2516 est
454 2474 596 2530 imago
615 2473 707 2515 haec
729 2491 737 2515 ε
758 2471 900 2515 vidisti
919 2472 1032 2515 enim
1049 2471 1168 2532 quod
1190 2472 1235 2514 in
1250 2470 1457 2514 memoria
1479 2468 1749 2515 reconderes.

373 2542 440 2587 Sic
462 2542 660 2586 arborem
679 2557 809 2602 quam
832 2542 1065 2586 meministi
1087 2541 1245 2597 vidisti,
1271 2542 1327 2585 sic
1347 2551 1558 2597 montem,
1583 2541 1641 2585 sic
1662 2541 1750 2585 flu-
