1825 3214
301 202 346 228 nv
378 197 552 228 JOANNIS
583 196 892 239 EvANGELmM,
926 198 1071 229 Tutor.
1108 201 1250 229 xxxv1.
1377 191 1460 230 399

75 265 350 323 Evangelista
372 275 544 311 sanctus
564 266 752 308 multum
771 265 856 309 alte
871 266 1008 310 volat:
1026 268 1091 310 vix
1113 277 1176 311 est
1199 282 1300 311 eum
1317 277 1461 312 mente

75 336 458 394 compreheiulere.
473 336 732 392 Mysterium
751 345 895 379 autem
921 336 1048 380 altius
1067 337 1252 381 volantis
1275 354 1384 397 opus
1399 347 1463 382 est

76 415 125 450 ut
147 421 482 450 commemorem
504 406 772 450 Charitatem
804 409 1008 450 Vestrum.
1039 411 1092 451 lit
1115 408 1231 466 apud
1258 409 1463 452 lizi-ehie-

75 475 162 521 lem
201 477 480 535 proplietam‚
521 486 564 520 et
598 476 642 520 in
678 475 941 536 Apocalypsi
964 477 1096 536 ipsius
1117 479 1317 532 loannis,
1343 481 1464 538 cujus

75 555 138 592 est
162 547 244 592 hoc
267 546 554 605 Evangelium
572 581 583 599 ‚
608 556 974 591 commemoratur
997 547 1155 590 animal
1173 548 1461 607 quadruplex,

75 617 241 660 habens
263 627 451 676 quatuor
479 633 680 676 personas
696 652 708 671 ,
735 617 942 672 hominis,
969 617 1124 672 vituli,
1148 617 1311 672 leonis,
1342 618 1465 677 aqui-

75 686 172 730 lae1.
191 688 277 739 Qui
299 697 399 731 ante
417 703 494 731 nos
519 689 836 747 Scripturarum
861 698 1104 732 sanctarum
1128 689 1329 745 mysteria
1356 698 1467 733 trac.-

76 766 298 813 taverunt,
336 757 531 817 plerique
556 759 600 801 in
624 760 705 803 hoc
732 758 929 811 animali,
956 757 1024 803 vel
1051 760 1192 818 potius
1217 759 1259 802 in
1283 759 1346 803 his
1369 759 1466 803 ani-

74 827 261 872 malibus
282 840 472 888 quatuor
502 829 793 886 Evangelistas
823 828 1145 873 intellexerunt.
1174 832 1364 874 Leonem
1390 845 1467 889 pro

74 913 175 957 rege
190 899 396 957 positum,
415 900 624 959 quoniam
645 898 816 943 videtur
830 899 898 943 leo
923 915 994 943 rex
1012 916 1101 944 esse
1125 900 1316 959 quodam
1335 900 1466 946 modo

76 969 333 1025 bestiarum,
356 980 532 1029 propter
553 972 790 1030 potentiam
814 980 856 1015 et
878 970 1116 1016 terribilem
1141 972 1464 1017 fortitudinem.

77 1042 180 1085 Haec
199 1057 381 1100 persona
407 1042 570 1086 tributa
589 1050 653 1085 est
675 1042 900 1096 Matthaeo,
921 1043 1023 1102 quia
1048 1043 1091 1086 in
1116 1044 1468 1102 generationibus

78 1111 250 1155 Domini
268 1113 430 1170 regiam
443 1113 594 1156 seriem
613 1121 867 1171 prosecutus
880 1122 959 1167 est,
971 1113 1343 1172 quemadmodum
1357 1122 1468 1167 esset

77 1182 286 1226 Dominus
303 1198 379 1242 per
396 1183 575 1242 stirpem
598 1183 758 1241 regiam
778 1183 832 1226 de
849 1184 1013 1226 semine
1038 1184 1172 1227 David
1191 1184 1468 1243 regis.Lucas

76 1262 219 1296 autem
243 1254 450 1312 quoniam
478 1254 614 1312 coepit
634 1268 658 1296 a
685 1252 927 1297 sacerdotio
960 1254 1181 1298 Zachariae
1204 1254 1463 1310 sacerdotis,

74 1320 235 1367 faciens
265 1324 531 1367 mentionem
552 1323 682 1382 patris
703 1323 883 1367 Joannis
906 1323 1134 1383 Baptistae,
1159 1324 1300 1370 vitulo
1323 1324 1466 1384 depu-

74 1402 190 1440 tatus
211 1403 300 1439 est:
321 1394 423 1454 quia
441 1409 599 1452 magna
611 1393 789 1438 victima
810 1392 976 1438 vitulus
995 1404 1086 1438 erat
1111 1395 1154 1438 in
1173 1395 1382 1440 sacrificio
1404 1411 1467 1440 sa-

74 1464 318 1509 cerdotum.
355 1467 500 1508 Marco
532 1464 665 1508 homo
692 1464 889 1508 Christus
912 1464 1068 1509 merito
1099 1466 1339 1525 assignatus
1368 1476 1462 1512 est:

74 1535 175 1595 quia
198 1550 341 1595 neque
364 1534 418 1578 de
441 1535 555 1593 regia
575 1543 787 1593 potestate
808 1533 975 1594 aliquid
997 1535 1128 1591 dixit,
1154 1552 1298 1597 neque
1320 1536 1375 1582 de
1394 1554 1464 1583 sa-

74 1605 284 1651 cerdotali
320 1606 479 1665 coepit,
511 1605 585 1650 scd
613 1615 780 1650 tantum
812 1606 868 1649 ab
894 1607 1068 1651 homine
1091 1608 1264 1653 Christo
1287 1624 1464 1656 exorsus

74 1687 152 1722 est.
191 1679 246 1722 Hi
274 1693 425 1722 omnes
452 1692 585 1736 prope
623 1676 678 1721 de
713 1678 915 1732 terrenis,
941 1678 987 1722 id
1009 1689 1100 1734 est,
1125 1679 1180 1724 de
1202 1679 1252 1724 iis
1270 1692 1385 1741 'quae
1417 1683 1464 1728 in

75 1758 188 1794 terra
217 1750 343 1807 gessit
367 1749 573 1793 Dominus
607 1757 751 1792 noster
773 1751 897 1793 Jesus
920 1750 1144 1805 Christus,
1169 1767 1257 1795 non
1282 1768 1464 1797 recesse-

75 1829 178 1864 runt
199 1838 207 1863 :
233 1819 289 1862 de
321 1819 547 1863 divinitate
567 1820 659 1883 ejus
684 1834 758 1877 per
781 1834 918 1877 pauca
939 1819 1076 1864 locuti
1099 1831 1228 1876 sunt,
1255 1832 1464 1883 tanquam

73 1890 119 1934 in
136 1899 246 1934 terra
265 1905 366 1934 cum
383 1891 458 1933 illo
476 1889 765 1934 ambulantes.
779 1893 927 1934 Restat
945 1893 1088 1951 aquila
1107 1912 1116 1937 z
1137 1893 1227 1952 ipse
1249 1904 1313 1938 est
1330 1898 1463 1939 Joan·

74 1976 171 2013 nes,
196 1959 451 2004 sublimium
475 1959 733 2018 praedieator
750 1994 761 2014 ‚
787 1971 830 2004 et
852 1960 960 2006 lucis
978 1963 1161 2008 internae
1183 1973 1315 2024 atque
1335 1975 1463 2010 aeter-

75 2046 143 2089 nae
166 2031 256 2075 fixis
275 2030 411 2076 oculis
430 2029 763 2089 contemplator.
778 2031 991 2076 Dicuntur
1005 2034 1122 2077 enim
1142 2044 1185 2079 et
1208 2034 1317 2093 pulli
1337 2037 1462 2096 aqui-

74 2100 216 2145 larum
252 2117 276 2144 a
317 2100 568 2160 parentibus
603 2102 662 2144 sic
704 2101 903 2159 probari,
941 2104 1073 2162 patris
1108 2104 1272 2149 scilicet
1314 2121 1461 2164 ungue

75 2170 310 2230 suspendi,
334 2180 378 2215 et
403 2170 531 2214 radiis
555 2170 654 2214 solis
678 2171 840 2229 opponi
866 2191 874 2217 :
895 2173 972 2232 qui
995 2174 1118 2219 firme
1139 2177 1460 2235 contemplatus

77 2241 235 2296 fuerit,
272 2242 386 2286 filius
419 2236 697 2300 agnoscitur3
730 2242 764 2286 si
799 2243 888 2287 acie
911 2245 1214 2304 palpitaverit,
1250 2257 1458 2308 tanquam

78 2312 349 2358 adulterinus
370 2313 424 2370 ab
455 2328 602 2371 ungue
630 2313 877 2358 dimittitur.
912 2318 1009 2360 Jam
1035 2332 1138 2375 ergo
1161 2318 1305 2363 videte
1326 2335 1458 2380 quam

77 2383 278 2429 sublimia
299 2384 422 2444 loqui
442 2383 624 2438 debuit,
649 2385 728 2444 qui
749 2394 812 2429 est
828 2386 985 2444 aquilae
1001 2399 1276 2447 comparatus
1296 2410 1305 2435 ;
1331 2401 1374 2434 et
1397 2400 1464 2435 ta-

78 2469 179 2501 men
201 2457 329 2500 etiam
354 2470 433 2500 nos
447 2455 572 2519 humi
599 2465 797 2514 repentes
816 2491 828 2512 ‚
863 2456 1026 2503 infirmi
1046 2469 1089 2504 et
1110 2459 1181 2506 vix
1207 2460 1338 2505 ullius
1362 2476 1460 2507 mo-

126 2545 137 2564 ¹
156 2539 273 2574 Enoch.
290 2551 315 2581 ι,
329 2538 364 2581 5,
381 2543 464 2580 etc..
476 2542 512 2573 et
523 2541 631 2581 apoc.
647 2549 694 2580 iv,
709 2539 747 2581 6,
764 2544 833 2573 etc.
