1809 3173
390 207 474 245 462
820 216 853 245 s.
888 215 1118 246 AUGUSTINI
1152 219 1334 247 EPISCOPI

379 283 509 339 ham3
535 281 609 325 sed
632 280 726 325 talis
760 290 853 325 erat
877 283 1097 328 Abraham
1121 283 1198 342 qui
1221 299 1311 327 non
1333 284 1722 343 reprehenderetur
1743 302 1767 330 a

383 352 581 407 Domino,
597 353 672 395 sed
689 355 832 411 potius
850 352 1100 396 laudaretur
1119 371 1127 397 :
1144 362 1285 396 tamen
1303 354 1370 398 isti
1389 354 1648 399 videbantur
1667 372 1767 400 eum

380 436 616 479 provocare
631 457 641 477 ,
666 431 716 465 ut
737 421 902 482 aliquid
925 422 1026 465 mali
1054 421 1214 466 diceret
1246 422 1300 466 de
1323 424 1541 468 Abraham
1557 459 1567 479 ,
1599 434 1642 469 et
1659 435 1768 470 esset

379 493 544 536 occasio
572 491 758 537 faciendi
791 492 911 552 quod
946 492 1212 550 cogitabant.
1242 511 1262 535 (ι
1298 497 1424 538 Pater
1460 504 1606 539 noster
1627 496 1768 541 Abra-

384 581 404 605 »
440 564 539 607 ham
558 573 638 608 est.
667 582 687 604 »

440 637 514 679 IV.
539 636 778 679 Audiamus
796 633 1020 694 quomodo
1043 633 1101 677 eis
1121 635 1390 693 responderit
1410 637 1614 681 Dominus
1631 672 1642 692 ‚
1667 653 1768 682 cum
1806 679 1807 683 ,

376 705 551 750 illorum
567 706 844 749 damnatione
866 704 1048 748 laudans
1072 706 1293 749 Abraham
1322 725 1331 750 ;
1357 725 1376 747 ι(
1405 707 1518 751 Dicit
1539 707 1598 751 eis
1619 710 1764 764 Jesus,
1806 707 1808 749 ζ

381 795 401 818 »
439 778 480 821 Si
499 776 597 820 Filii
615 776 801 820 Abrahae
819 776 933 831 estis,
950 791 1081 835 opera
1106 777 1293 820 Abrahae
1312 776 1454 820 facite.
1474 780 1599 822 Nunc
1622 788 1766 824 autem
1806 785 1807 810 ³

380 865 400 889 »
435 848 624 907 quaeritis
646 862 715 890 me
735 848 1001 903 interficere⁷
1030 848 1253 891 hominem
1276 848 1351 907 qui
1380 849 1604 892 veritatem
1643 850 1766 895 vobis
1806 887 1809 895 ,

1806 750 1807 770 l

1806 814 1807 833 1

1806 866 1809 884 ῑ

379 934 399 958 >›
434 918 605 961 locutus
622 933 735 976 sum,
753 933 885 977 quam
902 918 1045 961 audivi
1069 933 1092 961 a
1116 921 1228 962 Deo:
1246 918 1329 961 1100
1348 919 1568 962 Abraham
1592 935 1681 963 non
1702 918 1766 963 fe-
1805 945 1807 952 ι

379 1006 398 1028 »
433 988 535 1032 cit1.
565 1007 583 1029 »
616 991 727 1032 Ecce
757 988 829 1031 ille
846 988 1048 1032 laudatus
1070 1022 1081 1042 ‚
1107 988 1175 1031 isti
1197 987 1406 1032 damnati.
1429 990 1650 1032 Abraham
1673 1005 1765 1033 non
1805 1028 1806 1035 ,

375 1069 467 1102 erat
502 1059 732 1103 homicida.
780 1061 877 1104 Non
913 1059 1040 1114 dico,
1085 1058 1254 1118 inquit,
1300 1061 1391 1116 Ego
1428 1059 1635 1103 Dominus
1669 1074 1765 1103 sum
1805 1085 1806 1100 2

373 1130 562 1174 Abrahae
588 1149 597 1175 :
634 1129 755 1190 quod
785 1129 819 1173 si
854 1129 1072 1185 dicerem,
1106 1145 1259 1173 verum
1290 1129 1496 1174 dicerem.
1522 1133 1630 1175 Nam
1652 1130 1759 1174 dixit

376 1199 459 1244 alio
480 1199 577 1245 loco
597 1221 604 1245 :
631 1220 651 1243 «
676 1206 790 1245 Ante
814 1201 1033 1244 Abraham
1057 1215 1136 1257 ego
1157 1215 1252 1243 sum
1270 1203 1468 1244 2;»1000
1491 1216 1590 1244 eum
1613 1200 1675 1244 illi
1697 1199 1763 1244 la-

373 1271 521 1330 pidare
543 1272 806 1317 voluerunt:
832 1288 921 1316 non
951 1271 1056 1315 dixit
1087 1273 1187 1314 hoc.
1224 1271 1402 1314 Interim
1427 1270 1546 1331 quod
1577 1271 1759 1326 videtis,
1808 1269 1809 1286 ³

373 1343 493 1402 quod
514 1343 699 1401 aspicitis
715 1378 726 1398 7
756 1342 876 1402 quod
901 1358 967 1386 me
989 1341 1132 1386 solum
1153 1343 1314 1400 putatis
1330 1376 1341 1396 ‚
1375 1342 1507 1385 homo
1529 1357 1625 1385 sum
1648 1361 1656 1386 ε
1678 1342 1761 1386 110-

372 1414 534 1457 minem
556 1414 771 1457 dicentem
793 1414 917 1458 vobis
941 1412 1057 1472 quod
1088 1412 1257 1457 audivit
1278 1428 1301 1456 3
1324 1416 1414 1456 Deo
1433 1447 1443 1467 ‚
1472 1428 1606 1472 quare
1627 1412 1757 1456 vultis
1807 1460 1809 1471 Α

372 1484 584 1540 occidere,
610 1485 691 1528 nisi
712 1485 813 1544 quia
835 1499 923 1527 non
940 1484 1037 1526 estis
1059 1483 1136 1525 filii
1152 1483 1373 1526 Abrahae?
1393 1484 1448 1526 Ε1
1469 1491 1615 1526 tamen
1637 1498 1764 1542 supe-

371 1555 457 1598 rius
480 1556 538 1599 ait
560 1574 570 1600 2
591 1574 611 1597 «
639 1554 736 1599 Scio
758 1555 859 1614 quia
882 1553 959 1597 filii
982 1553 1169 1597 Abrahae
1190 1553 1334 1596 estis.»
1347 1554 1444 1596 Non
1468 1562 1596 1611 negat
1610 1568 1761 1596 eorum

371 1625 581 1684 originem
596 1659 607 1680 ‚
627 1624 703 1668 sed
720 1623 834 1668 facta
854 1623 1118 1668 condemnat
1143 1641 1152 1666 :
1178 1637 1278 1667 caro
1301 1637 1453 1667 eorum
1477 1638 1527 1665 ex
1547 1622 1623 1667 illo
1645 1632 1758 1678 erat,
1802 1681 1803 1686 1

370 1694 443 1739 sed
461 1695 548 1739 vita
567 1710 656 1739 11011
680 1703 787 1738 erat.

429 1768 482 1810 V.
503 1768 589 1811 Nos
606 1773 768 1818 autem,
793 1763 1046 1817 charissimi,
1062 1762 1282 1821 numquid
1304 1763 1358 1805 de
1382 1778 1538 1821 genere
1561 1763 1756 1807 venimus
1801 1757 1803 1806 s

369 1836 571 1891 Abrahae,
591 1843 666 1879 aut
688 1833 779 1878 ullo
802 1832 933 1877 modo
950 1832 1171 1876 Abraham
1194 1841 1318 1891 pater
1341 1841 1486 1875 noster
1507 1831 1593 1875 fuit
1611 1847 1758 1876 secun-

368 1906 475 1950 dum
501 1906 705 1950 carnem?
742 1903 966 1962 Originem
999 1901 1054 1947 de
1089 1917 1219 1946 carne
1252 1903 1342 1961 ejus
1378 1917 1479 1946 caro
1502 1901 1758 1946 Judaeorum

367 1975 504 2032 ducit,
521 1992 610 2020 non
631 1990 728 2019 caro
750 1973 1097 2019 Christianorum
1123 1991 1132 2016 :
1159 1987 1236 2014 1105
1260 1971 1314 2014 de
1336 1971 1428 2015 aliis
1451 1972 1654 2030 gentibus
1678 1988 1755 2017 ve-

367 2047 532 2104 nimus3
549 2057 591 2091 et
608 2056 754 2090 tamen
775 2042 1008 2096 imitando⁷
1027 2043 1215 2086 Abrahae
1238 2041 1315 2084 filii
1338 2041 1440 2085 facti
1459 2057 1623 2086 sumus.
1639 2043 1756 2086 Audi
1799 2066 1801 2104 ἔ

367 2117 627 2177 Apostolum
653 2137 661 2160 ;
684 2136 704 2158 «
734 2115 920 2159 Abrahae
939 2112 1066 2156 dictae
1088 2121 1190 2155 sunt
1212 2111 1516 2170 promissiones
1539 2121 1581 2155 et
1602 2112 1755 2156 semini
1799 2111 1801 2128 ³

371 2206 390 2229 »
427 2190 531 2247 ejuS.
558 2190 654 2232 Non
676 2185 795 2239 dicit,
821 2184 987 2243 inquit,
1013 2186 1068 2226 Et
1090 2182 1325 2225 seminibus
1345 2191 1553 2241 tanquam
1575 2183 1620 2225 in
1636 2181 1753 2226 mul-
1798 2244 1799 2248 Ἰ

371 2276 390 2300 »
429 2260 478 2302 tis
497 2280 508 2316 3
528 2258 601 2302 sed
625 2267 832 2316 tanquam
855 2254 900 2297 in
920 2270 1023 2308 01107
1039 2256 1090 2297 Et
1111 2253 1265 2296 semini
1287 2262 1378 2307 tuo,
1400 2251 1518 2312 quod
1536 2262 1599 2296 est
1613 2253 1753 2298 Chris·

372 2349 391 2372 n
426 2339 509 2373 tus.
539 2330 581 2373 Si
604 2338 749 2372 autem
782 2341 856 2370 vos
889 2324 1076 2378 Christi,
1103 2338 1205 2381 ergo
1235 2338 1381 2366 semen
1409 2323 1595 2366 Abrahae
1623 2324 1749 2378 estis,
1798 2333 1799 2341 ¹

371 2419 388 2441 »
423 2398 663 2444 secundum
682 2396 1006 2457 promissionem
1026 2394 1218 2437 haeredes
1232 2394 1263 2436 3.
1285 2412 1303 2433 »
1332 2396 1417 2438 Nos
1441 2408 1541 2450 ergo
1559 2392 1660 2437 facti
1682 2409 1750 2437 su-

366 2486 462 2515 mus
482 2484 629 2514 semen
654 2467 839 2513 Abrahae
860 2467 995 2524 gratia
1016 2464 1107 2509 Dei.
1134 2465 1230 2508 Non
1252 2462 1306 2506 de
1329 2478 1457 2508 carne
1480 2464 1666 2508 Abrahae
1683 2463 1750 2508 fe-

416 2562 426 2578 1
446 2557 538 2589 Joan.
558 2565 624 2597 viu,
638 2552 693 2596 40.
717 2568 759 2576 —
773 2559 786 2576 ²
807 2551 856 2586 ld.
869 2561 905 2594 v,
930 2550 985 2584 58.
1012 2565 1054 2572 —
1073 2547 1087 2572 3
1106 2547 1210 2582 Galat.
1226 2559 1278 2590 111,
1295 2547 1335 2582 16
1353 2552 1389 2582 et
1414 2557 1469 2590 29.
