1809 3173
377 175 458 212 ‘208
816 182 848 210 s.
886 183 1114 213 Auens‘rmi
1139 186 1317 213 Episcopi

375 251 523 293 audire
555 252 642 309 jam
683 265 770 294 non
800 252 989 310 potestis.
1024 256 1132 296 ltem
1170 252 1279 296 forte
1314 251 1517 297 aviditate
1555 254 1758 297 audiendi

373 321 540 373 dicitis,
582 324 826 365 Possumus.
863 322 1016 366 Melius
1044 332 1106 366 est
1135 339 1238 381 ergo
1279 332 1325 366 ut
1354 339 1434 381 ego
1462 323 1758 367 infirmitatem

371 407 508 435 meam
534 392 685 445 fatear,
713 394 912 452 quiajam
938 392 1139 451 fatigatus
1160 394 1281 453 loqui
1300 410 1386 437 non
1408 409 1606 453 possum,
1628 410 1758 454 quam

370 471 419 505 ut
448 461 568 506 vobis
597 463 686 521 jam
720 463 831 506 bene
861 463 1045 516 satiatis,
1078 462 1220 507 adhuc
1250 464 1482 508 infundam
1516 465 1636 524 quod
1670 480 1759 508 non

369 531 482 575 bene
504 531 721 590 digeratis.
755 532 942 576 Proinde
972 533 1099 592 hujus
1124 534 1417 591 promissionis
1441 550 1574 594 quam
1598 533 1652 577 ad
1674 535 1757 578 ho-

368 600 568 646 diernum
608 611 801 661 tempus,
839 602 872 645 si
905 612 1169 661 superesset,
1206 602 1481 659 distuleram,
1514 613 1658 648 tenete
1686 619 1756 648 me

367 671 600 732 adjuvante
619 672 803 716 Domino
826 672 870 715 in
892 673 1127 716 crastinum
1149 671 1405 717 debitorem.

756 1013 1162 1061 'FRACTATUS
1197 1017 1283 1061 XX
1307 1017 1338 1058 ¹.

363 1190 554 1232 Rursum
576 1187 622 1231 in
644 1186 776 1240 illud,
798 1187 980 1241 Amen,
1002 1188 1161 1230 Amen
1180 1185 1287 1230 (lico
1306 1186 1464 1242 vobis,
1488 1202 1581 1231 non
1596 1197 1753 1246 potest

420 1259 472 1304 F
471 1258 576 1303 ilius
595 1275 624 1303 α
647 1258 886 1320 sefacere
905 1257 1193 1316 quidquam,
1214 1259 1309 1303 nisi
1322 1257 1452 1318 quod
1467 1258 1633 1303 viderit
1650 1261 1753 1304 Pa-

420 1340 539 1374 trem
557 1329 833 1391 facientem
859 1346 868 1372 :
896 1345 1204 1387 qccseczcmque
1236 1331 1361 1373 enim
1404 1329 1561 1374 Pater
1584 1331 1722 1393 jhcez't
1734 1366 1749 1386 ,

419 1401 522 1445 lzcec
544 1398 717 1445 eadem
741 1408 786 1444 et
807 1397 1112 1461 Fc'lz‘usfioeit
1133 1399 1364 1444 simililer.

416 1576 451 1618 Ι.
488 1576 635 1617 VERBA
673 1572 846 1616 Domini
885 1571 1021 1615 nostri
1059 1574 1162 1615 Jesu
1199 1572 1357 1616 Christi
1380 1607 1389 1625 ,
1432 1572 1616 1615 maxime
1647 1588 1747 1632 quae

360 1647 548 1689 Joannes
572 1651 884 1687 commemorat
906 1640 1167 1700 evangelista
1184 1676 1194 1696 ,
1216 1642 1290 1701 qui
1314 1657 1403 1685 non
1425 1642 1515 1685 sine
1538 1639 1664 1686 causa
1681 1658 1747 1686 su-

356 1731 432 1775 per
463 1723 613 1774 peetus
643 1713 815 1757 Domini
834 1712 1188 1767 discumbebat‘2,
1222 1712 1302 1755 nisi
1322 1721 1371 1755 ut
1392 1722 1555 1756 secreta
1584 1712 1747 1757 altioris

354 1785 574 1845 sapientiae
597 1785 687 1843 ejus
709 1783 933 1837 ebiberet,
961 1792 1005 1826 et
1026 1782 1145 1842 quod
1174 1782 1360 1826 amando
1390 1783 1579 1838 biberat,
1611 1798 1746 1827 evan-

356 1855 580 1914 gelizando
614 1862 830 1908 ructaret,
861 1853 918 1896 ita
946 1861 1108 1896 secreta
1135 1862 1236 1896 sunt
1268 1862 1311 1895 et
1339 1852 1559 1912 profunda
1581 1852 1744 1897 intelli-

355 1927 534 1985 gentiae,
569 1935 618 1970 ut
645 1939 793 1971 omnes
824 1924 1002 1967 turbent
1029 1922 1105 1982 qui
1133 1938 1333 1981 perverso
1367 1933 1470 1967 sunt
1503 1923 1660 1976 corde,
1700 1932 1744 1967 et

354 2014 503 2043 omnes
527 2005 752 2041 exerceant
777 1995 853 2055 qui
876 2003 993 2037 recto
1017 2002 1118 2036 sunt
1149 1992 1293 2037 corde.
1328 1992 1513 2037 Proinde
1543 1992 1741 2037 animad-

351 2078 489 2113 vertat
510 2068 706 2114 Charitas
728 2069 878 2110 Vestra
900 2064 956 2108 ad
977 2065 1070 2108 haec
1093 2080 1230 2123 pauca
1259 2080 1356 2123 quae
1378 2064 1489 2108 lecta
1512 2073 1628 2107 sunt.
1660 2064 1739 2107 Vi-

353 2140 531 2183 deamus
567 2139 600 2182 si
632 2153 720 2198 quo
753 2136 886 2180 modo
914 2150 1168 2194 possumus,
1210 2133 1401 2178 donante
1430 2143 1473 2178 et
1507 2133 1739 2194 adjuvante

325 2262 333 2267 N
350 2211 444 2270 ipso
459 2246 469 2266 ,
494 2210 571 2270 qui
593 2209 726 2254 verba
749 2223 825 2251 sua
843 2206 969 2250 nobis
986 2205 1125 2250 voluit
1143 2205 1332 2259 recitari,
1353 2222 1452 2265 quae
1470 2215 1575 2249 tunc
1591 2205 1740 2250 audita

351 2291 482 2342 atque
500 2281 742 2339 conscripta
766 2287 889 2330 sunt,
907 2287 955 2320 ut
974 2276 1104 2321 modo
1122 2275 1390 2335 legerentur,
1412 2275 1518 2336 quid
1536 2277 1617 2320 sibi
1634 2275 1740 2320 velit

349 2352 470 2413 quod
486 2366 587 2395 eum
607 2350 784 2395 audistis
806 2347 938 2392 modo
973 2348 1116 2391 dicere
1134 2382 1143 2401 ,
1174 2366 1192 2388 «
1211 2350 1348 2390 Amen
1362 2382 1372 2401 ,
1395 2363 1521 2391 amen
1543 2346 1640 2391 dico
1659 2363 1737 2391 vo-

352 2443 371 2466 »
409 2424 471 2468 bis
486 2458 497 2477 ,
522 2438 612 2467 non
634 2429 776 2481 potest
797 2418 932 2464 Filius
954 2435 978 2462 a
1001 2434 1044 2461 se
1061 2416 1202 2462 facere
1225 2417 1467 2478 quidquam
1485 2453 1495 2474 ,
1521 2418 1601 2462 nisi
1619 2416 1740 2478 quod

396 2541 404 2558 ι
430 2532 566 2567 Habitus
583 2531 635 2565 die
654 2530 796 2573 proximo
815 2532 889 2571 post
902 2527 1099 2570 superiorein
1118 2528 1312 2559 Tractatum.
1332 2543 1373 2550 -
1394 2533 1405 2548 ²
1431 2529 1522 2560 Jean.
1540 2537 1595 2560 xm
1606 2551 1616 2568 ‚
1633 2527 1686 2560 23.
