1825 3214
256 211 297 237 iu
331 207 504 237 sommus
537 207 842 248 ΕνΛΝοΕιιυΜ,
877 210 1022 239 ἰἰιΛεΤ.
1061 214 1182 240 xriir.
1316 203 1392 242 481

20 290 150 334 quem
176 276 414 335 principem
437 275 650 320 malorum
668 275 939 334 angelorum.
960 278 1189 323 Manichaei
1210 290 1311 324 sunt
1328 281 1403 340 qui

19 345 97 390 ista
128 344 305 401 dicunt,
325 346 591 391 Marcionitae
611 355 712 390 sunt
733 347 809 406 qui
832 347 910 391 ista
934 347 1107 403 dicunt,
1137 352 1246 394 Sunt
1269 359 1312 394 et
1334 350 1404 394 alii

18 414 197 459 tortasse
220 417 430 471 lum-erici,
456 432 566 476 quos
598 432 938 461 commemorare
969 418 1037 462 vel
1061 435 1149 463 non
1179 436 1287 479 opus
1310 430 1401 476 est,

18 484 88 530 vel
111 502 134 530 a
159 502 228 530 me
261 502 408 531 omnes
442 485 573 530 recoli
611 488 655 530 in
690 488 914 546 praesentia
954 504 1042 532 non
1075 501 1288 548 possunt:
1318 508 1405 537 non

20 554 258 600 defuerunt
299 566 441 600 tamen
474 557 550 616 qui
585 558 666 601 hoc
689 556 896 602 dicerent.
926 561 1078 618 ltaque
1106 561 1338 615 attendite,
1360 572 1409 606 ut

21 627 215 671 habeatis
236 627 343 687 quid
366 627 516 672 dicatis
554 637 597 672 et
629 638 779 672 contra
801 629 928 686 ipsos.
964 632 1076 672 Eum
1109 630 1214 674 dicit
1237 635 1407 676 Patrem

21 713 150 742 suum
176 698 382 742 Dominus
403 698 600 743 Christus
618 733 628 752 ,
646 714 776 758 quem
799 698 861 742 illi
879 698 1083 744 dicebant
1102 705 1238 746 Deum
1262 719 1406 759 suum,

22 777 65 812 ct
87 783 176 812 non
220 778 550 826 cognoverunt:
577 769 610 813 si
649 770 765 813 enim
787 769 929 828 ipsum
962 773 1285 829 cognovissent,
1318 775 1410 833 ojus

25 838 184 882 Filium
208 840 486 898 recepissent.
527 858 545 881 «
573 842 667 898 Ego
695 849 857 894 autem,
894 841 1052 901 inquit,
1093 843 1194 887 novi
1237 859 1352 887 eum.
1391 865 1410 886 »

26 909 276 954 Secundum
312 925 488 953 carnem
519 909 817 970 judicantibus
844 912 989 969 potuit
1011 921 1053 955 et
1089 913 1190 956 hinc
1212 929 1414 972 arrogans

24 979 183 1035 videri,
208 980 310 1040 quia
333 979 464 1034 dixit,
495 998 515 1022 «
542 983 634 1038 Ego
670 981 771 1024 novi
811 995 927 1024 eum.
957 1000 976 1022 »
1006 982 1090 1027 Sed
1129 984 1274 1028 videte
1310 986 1417 1044 quid

24 1059 232 1109 sequatur
260 1070 268 1095 :
298 1069 319 1093 ε(
340 1051 382 1095 Si
400 1049 548 1094 dixero
562 1051 663 1110 quia
687 1067 776 1095 non
795 1052 895 1095 novi
917 1067 1017 1095 eum
1032 1087 1043 1106 ,
1068 1068 1142 1098 ero
1175 1055 1321 1099 similis
1343 1071 1416 1100 vo-

26 1139 46 1162 »
84 1120 149 1164 bis
182 1120 401 1165 mendax:
431 1138 450 1161 »
478 1123 594 1180 Ergo
636 1122 880 1180 arrogantia
914 1123 1082 1167 nonita
1118 1134 1342 1182 caveatur,
1368 1137 1418 1172 ut

23 1192 179 1236 veritas
201 1191 489 1250 relinquatur.
521 1210 539 1233 «
581 1192 665 1236 Sed
693 1192 780 1236 scio
818 1208 943 1248 eum,
983 1203 1027 1237 et
1059 1209 1301 1240 sermonem
1325 1199 1417 1257 ejus

26 1282 46 1304 »
81 1278 220 1307 servo.
245 1280 264 1304 »
293 1264 545 1308 Sermonem
564 1262 702 1307 Patris
724 1272 931 1323 tanquam
953 1263 1090 1308 Filius
1115 1265 1379 1325 loquebatur
1408 1288 1417 1313 ε

24 1343 67 1380 et
88 1336 176 1394 ipse
200 1343 292 1378 erat
313 1334 510 1378 Verbum
535 1333 670 1378 Patris
687 1368 698 1389 ,
723 1333 844 1394 quod
861 1335 1114 1379 hominibus
1132 1335 1412 1396 loquebatur.

82 1407 202 1449 XVI.
235 1423 254 1446 «
272 1404 493 1448 Abraham
512 1413 634 1463 pater
657 1413 795 1448 vester
817 1405 1026 1449 exultavit
1045 1415 1094 1449 ut
1114 1406 1279 1451 videret
1301 1408 1415 1453 diem

27 1495 46 1517 »
82 1490 256 1530 meum,
290 1484 333 1518 et
368 1473 477 1518 vidit
499 1484 543 1518 et
580 1475 748 1532 gavisus
785 1477 899 1519 est¹.
927 1478 1182 1535 »Magnum
1218 1479 1414 1523 testimo-

24 1548 144 1590 nium
167 1546 368 1605 perhibet
390 1545 601 1600 Abrahae,
625 1559 773 1588 semen
790 1545 995 1600 Abrahae,
1013 1557 1182 1592 creator
1196 1549 1381 1593 Abrahae
1401 1571 1409 1595 :

27 1636 46 1658 «
82 1617 303 1661 Abraham
325 1615 548 1668 exultavit,
589 1615 752 1674 inquit,
777 1623 827 1658 ut
863 1614 1028 1660 videret
1051 1616 1167 1661 diem
1196 1634 1358 1663 meum.
1389 1639 1408 1661 »

20 1690 118 1734 Non
134 1688 295 1742 timuit,
313 1686 390 1731 sed
415 1685 661 1730 «exultavit
683 1695 732 1730 ut
753 1686 936 1730 videret.
962 1705 980 1726 »
1004 1689 1109 1731 Erat
1130 1688 1245 1732 enim
1271 1690 1314 1733 in
1338 1690 1413 1735 illo

23 1758 208 1802 charitas
224 1792 234 1812 ,
259 1773 359 1817 quae
382 1756 496 1801 foras
524 1756 658 1799 mittit
695 1756 896 1800 timorem
908 1758 940 1799 ².
967 1758 1064 1801 Non
1087 1757 1146 1800 ait
1165 1792 1176 1811 ,
1202 1758 1411 1805 exultavit

23 1829 126 1889 quia
146 1828 256 1873 vidit
282 1847 291 1872 z
316 1827 414 1882 sed,
444 1846 463 1868 «
489 1826 696 1870 exultavit
715 1835 764 1870 ut
785 1826 965 1870 videret.
996 1844 1015 1867 »
1043 1827 1234 1872 Credens
1258 1831 1410 1891 utique

19 1900 229 1944 exultavit
248 1897 477 1958 sperando,
504 1906 553 1940 ut
573 1895 739 1940 videret
773 1896 1072 1955 intelligendo¹
1104 1917 1124 1940 «
1149 1901 1206 1942 Et
1232 1900 1353 1945 vidit.
1383 1920 1402 1944 »

21 1973 78 2014 Et
95 1969 202 2029 quid
230 1968 373 2029 potuit
406 1967 504 2027 plus
546 1966 714 2021 dicere,
738 1965 807 2009 vel
831 1966 938 2025 quid
960 1966 1113 2011 debuit
1147 1969 1243 2027 plus
1265 1971 1407 2016 dicere

23 2041 232 2085 Dominus
263 2041 387 2082 Jesus
410 2037 643 2083 Christus?
669 2055 690 2078 «
713 2039 770 2080 Et
790 2035 899 2080 vidit
923 2071 933 2091 ,
959 2036 1124 2096 inquit,
1161 2049 1200 2082 et
1239 2042 1408 2098 gavisus

25 2130 45 2152 »
81 2119 159 2154 est.
188 2127 208 2150 »
235 2109 340 2162 Quis
357 2106 542 2167 explicat
561 2107 645 2151 hoc
662 2106 887 2164 gaudium,
908 2106 1059 2151 fratres
1077 2109 1192 2152 mei?
1218 2111 1259 2154 Si
1278 2113 1408 2168 gavisi

24 2189 128 2226 sunt
150 2179 214 2223 illi
250 2179 411 2238 quibus
444 2177 653 2222 Dominus
691 2175 841 2220 oculos
878 2177 1018 2221 carnis
1056 2180 1254 2237 aperuit,
1280 2182 1409 2241 quale

27 2250 235 2310 gaudium
271 2247 355 2292 fuit
391 2247 578 2292 videntis
610 2245 750 2291 cordis
779 2246 914 2291 oculis
938 2246 1080 2291 lucem
1117 2249 1406 2309 ineffabilem,

25 2321 220 2366 Verbum
243 2334 422 2363 manens
439 2353 450 2372 ,
471 2316 746 2377 splendorem
764 2317 843 2375 piis
860 2319 1080 2362 mentibus
1102 2320 1408 2380 refulgentem,

26 2391 281 2451 sapientiam
304 2388 649 2442 indeficientem,
670 2386 788 2446 apud
806 2390 975 2432 Patrem
991 2400 1236 2435 manentem
1253 2396 1409 2449 Deum,

28 2472 70 2506 et
107 2459 342 2521 aliquando
364 2459 410 2502 in
442 2473 571 2502 carne
593 2465 825 2501 venturum
843 2492 854 2513 ,
891 2473 971 2503 nec
1001 2459 1056 2504 de
1087 2462 1224 2505 Patris
1249 2465 1412 2521 gremio

81 2554 89 2570 ¹
106 2549 195 2579 Joan.
217 2556 291 2585 vni,
311 2543 366 2576 56.
388 2560 430 2566 —
449 2550 462 2565 ²
482 2553 493 2574 1
515 2545 608 2575 Joan.
626 2553 672 2583 iv,
698 2542 748 2574 18.

246 2610 385 2640 cxxn.
1228 2601 1274 2640 31
