1809 3173
356 198 408 236 38
785 206 818 234 s.
855 207 1083 235 Aucusnm
1117 207 1299 236 nmscom

353 273 532 328 rediret,
569 287 658 331 quo
691 288 830 332 usque
857 281 1130 328 excurreret,
1155 273 1226 317 cui
1250 282 1447 333 paterent
1468 272 1595 318 inferi
1612 309 1623 329 ,
1648 290 1736 319 non

351 352 523 388 tantum
558 342 781 398 morienti,
808 341 884 386 sed
905 352 948 387 et
978 344 1248 400 resurgenti,
1275 353 1324 387 ut
1345 344 1470 387 nobis
1493 344 1738 389 ostenderet

351 429 471 474 spem
493 412 825 458 immortalitatis
844 413 1047 458 Ecclesiae
1065 429 1168 468 suae,
1184 414 1229 457 in
1246 415 1385 474 capite
1408 414 1596 469 ostendit
1617 415 1738 474 quod

351 484 547 530 membra
573 493 798 544 expectare
833 485 1058 529 deberent.
1085 487 1298 544 Resurget
1331 486 1459 530 etiam
1495 486 1541 530 in
1576 486 1739 531 caeteris

332 556 555 618 'membris
574 590 585 611 ‚
631 556 706 615 qui
736 555 965 600 resurrexit
1000 556 1046 599 in
1074 556 1228 615 capite.
1262 558 1378 600 Hora
1409 572 1511 615 ergo
1540 556 1738 602 nondum

348 635 526 671 venerat
540 660 550 676 ‚
572 626 875 685 opportunitas
893 626 1091 670 nondum
1109 635 1214 670 erat.
1240 626 1432 670 Vocandi
1458 636 1581 671 erant
1599 627 1738 672 Disci-

346 695 457 759 puli,
477 695 830 740 annuntiandum
847 704 938 739 erat
955 710 1137 754 regnum
1151 695 1379 749 coelorum,
1392 695 1739 741 faciendae·erant

348 767 546 821 virtutes,
565 763 913 809 commendanda
926 773 1017 809 erat
1031 764 1233 809 divinitas
1251 766 1423 810 Domini
1441 766 1486 809 in
1500 766 1734 822 miraculis,

349 833 694 880 commendanda
713 843 804 878 erat
819 835 1067 878 humanitas
1083 834 1254 878 Domini
1272 835 1317 878 in
1334 835 1424 894 ipsa
1442 836 1738 895 compassione

348 905 637 951 mortalitatis.
673 905 752 948 Ille
785 906 901 948 enim
939 904 1014 964 qui
1050 905 1265 949 esuriebat
1285 941 1295 961 ‚
1333 906 1435 966 quia
1457 907 1589 951 homo
1612 916 1705 951 erat
1725 928 1735 964 3

346 976 465 1036 pavit
497 976 694 1036 quinque
730 975 917 1035 panibus
944 983 1010 1019 tot
1044 975 1177 1019 millia
1194 1010 1205 1031 ‚
1229 976 1331 1034 quia
1357 979 1472 1020 Deus
1500 986 1593 1022 erat
1617 996 1627 1021 ι
1662 977 1739 1038 qui

348 1045 594 1091 dormiebat
613 1081 624 1101 ,
657 1046 759 1105 quia
781 1046 914 1089 homo
937 1054 1029 1089 erat
1043 1080 1054 1100 ‚
1086 1045 1226 1090 ventis
1253 1055 1296 1090 et
1318 1046 1526 1090 fluctibus
1548 1047 1738 1107 impera-

347 1119 447 1173 bat,
486 1118 586 1177 quia
621 1120 736 1161 Deus
770 1126 875 1161 erat.
920 1119 1023 1161 Haec
1058 1118 1201 1161 omnia
1244 1118 1593 1162 commendanda
1616 1128 1739 1163 erant

347 1189 466 1248 prius
483 1223 494 1242 ,
520 1196 568 1231 ut
592 1196 734 1231 essent
750 1186 870 1247 quod
893 1188 1129 1231 scriberent
1151 1188 1458 1247 Evangelistae‚
1484 1188 1604 1249 quod
1626 1205 1739 1249 prae-

350 1259 569 1303 dicaretur
590 1257 809 1303 Ecclesiae.
844 1261 901 1302 At
922 1257 998 1301 ubi
1026 1267 1199 1301 tantum
1230 1257 1354 1314 fecit,
1376 1268 1588 1319 quantum
1613 1260 1737 1303 suffl-

349 1345 446 1374 cere
462 1329 697 1389 judicavit3
715 1329 836 1374 venit
850 1330 957 1373 hora
978 1344 1067 1373 non
1089 1329 1368 1385 necessitatis,
1391 1329 1466 1374 sed
1483 1329 1735 1386 voluntatis,

352 1415 440 1444 non
462 1399 720 1444 conditionis
738 1434 749 1454 ‚
769 1398 844 1443 sed
858 1399 1096 1458 potestatis.

407 1474 532 1515 XIII.
547 1472 660 1525 Quid
682 1488 801 1531 ergo,
821 1471 989 1526 fratres,
1017 1472 1119 1532 quia
1141 1470 1223 1514 illis
1241 1480 1284 1515 et
1306 1471 1389 1515 illis
1414 1472 1735 1531 respondimus,

350 1540 457 1584 nihil
483 1540 676 1585 dicemus
711 1540 819 1601 quid
841 1541 922 1585 sibi
943 1540 1077 1585 velint
1105 1539 1275 1598 hydriae
1291 1576 1301 1596 ,
1327 1540 1433 1601 quid
1455 1556 1567 1601 aqua
1604 1542 1649 1586 in
1671 1543 1739 1587 vi-

351 1628 457 1656 num
486 1627 716 1667 eon-versa,
749 1612 857 1672 quid
885 1612 1225 1666 architriclinus,
1257 1611 1364 1672 quid
1398 1628 1605 1671 sponsus,
1632 1614 1739 1673 quid

352 1692 492 1727 mater
509 1686 613 1727 Jesu
635 1683 680 1727 in
702 1684 908 1741 mysterio
924 1718 934 1738 ‚
956 1681 1064 1743 quid
1081 1683 1184 1742 ipsae
1203 1684 1366 1742 nuptiae
1385 1683 1617 1729 ?·Dicenda
1639 1694 1740 1730 sunt

353 1754 496 1798 omnia
515 1789 525 1809 ‚
550 1754 625 1798 sed
650 1754 859 1798 onerandi
882 1768 971 1797 non
994 1754 1108 1797 estis.
1135 1752 1265 1798 Volui
1287 1754 1466 1813 quidem
1488 1753 1535 1798 in
1563 1755 1740 1799 nomine

352 1825 513 1869 Christi
543 1833 586 1869 et
604 1825 807 1868 hesterno
827 1824 924 1879 die,
946 1839 1034 1883 quo
1058 1823 1167 1868 solet
1189 1838 1329 1868 sermo
1352 1823 1501 1867 deberi
1526 1826 1738 1871 Charitati

350 1896 536 1950 Vestrae,
574 1894 620 1938 id
639 1909 762 1952 agere
783 1894 1030 1949 vobiscum,
1061 1892 1136 1937 sed
1169 1909 1258 1938 non
1291 1909 1387 1937 sum
1410 1895 1639 1953 permissus
1661 1911 1739 1940 ne-

353 1965 622 2009 cessitatibus
660 1964 922 2025 quibusdam
968 1963 1321 2023 impedientibus.
1359 1965 1401 2009 Si
1450 1980 1552 2024 ergo
1597 1965 1740 2025 placet

357 2037 582 2080 Sanctitati
618 2038 781 2079 Vestrae
801 2070 812 2091 ,
838 2036 921 2080 hoc
942 2035 1063 2095 quod
1085 2034 1139 2078 ad
1167 2036 1422 2092 mysterium
1445 2036 1634 2095 pertinet
1656 2038 1739 2082 hu-

349 2106 420 2165 jus
450 2104 575 2161 facti,
597 2106 643 2149 in
665 2097 899 2150 crastinum
930 2104 1182 2148 differamus
1202 2140 1213 2160 ‚
1245 2113 1288 2148 et
1320 2121 1408 2149 non
1441 2121 1671 2151 oneremus
1697 2117 1741 2152 et

354 2185 538 2220 vestram
571 2186 614 2221 et
640 2185 829 2221 nostram
858 2176 1169 2220 infirmitatem.
1197 2178 1307 2220 Sunt
1328 2175 1440 2220 sorte
1460 2176 1592 2222 hodie
1614 2178 1740 2224 multi

355 2247 431 2306 qui
452 2257 629 2307 propter
661 2247 977 2292 solemnitatem
1000 2246 1107 2302 diei,
1143 2263 1232 2291 non
1259 2256 1436 2306 propter
1470 2247 1738 2294 audiendum

353 2332 596 2362 sermonem
616 2327 929 2362 convenerunt.
951 2318 1148 2363 Crastino
1165 2318 1240 2378 qui
1257 2319 1449 2374 trement,
1467 2319 1644 2364 veniant
1664 2336 1739 2365 au-

352 2387 485 2432 dituri
511 2408 520 2433 ;
545 2398 593 2433 ut
615 2405 693 2434 nec
717 2388 965 2434 fraudemus
989 2388 1201 2434 studiosos
1219 2424 1229 2443 ‚
1260 2403 1340 2432 nec
1363 2404 1586 2447 gravemus
1609 2391 1736 2436 fasti-

358 2457 514 2503 diosos.
701 2465 709 2469 “
