1809 3173
380 204 460 243 174
807 210 841 238 s.
877 209 1105 237 ΑυουεΤιΜ
1142 206 1319 234 EPlSCOPl

375 281 443 326 vel
466 279 520 324 dc
542 278 729 333 malitia,
755 276 951 337 loquitur
974 274 1180 320 Dominus
1211 288 1300 316 non
1335 271 1512 314 omnino
1538 269 1656 329 quod
1688 285 1760 312 ca-
1808 291 1809 310 1

377 352 510 411 piant,
534 348 610 394 sed
625 347 742 393 unde
764 348 982 406 agitentur
1000 355 1043 390 et
1064 343 1400 397 conturbentur,
1427 349 1469 385 et
1491 340 1670 385 fortasse
1691 339 1761 383 vel

375 421 621 466 conturbati
644 419 861 464 medicum
880 425 1094 478 quaerant.
1119 415 1297 459 Dicebat
1319 422 1465 458 autem
1482 427 1580 472 quae
1605 410 1762 455 scribe·
1808 403 1809 450 i

376 502 540 548 rentur,
555 501 604 537 ut
620 493 748 536 etiam
767 506 790 534 a
808 491 934 535 nobis
951 499 1098 548 postea
1117 486 1379 543 legerentur.
1397 483 1645 528 Viderimus
1661 495 1762 539 ergo
1807 483 1809 534 j

376 564 484 625 quid
512 565 558 608 in
589 563 845 607 Judaeorum
876 558 1080 605 cordibus
1103 556 1265 601 factum
1288 556 1368 608 sit,
1403 570 1504 598 cum
1529 552 1760 598 audirent:
1806 572 1809 601 Δ,

376 634 482 696 quid
512 636 555 678 in
574 634 698 678 nobis
721 634 797 676 fiat
816 646 917 675 cum
940 631 1032 673 haec
1051 627 1275 680 audimu8‚
1301 624 1486 684 amplius
1506 624 1760 682 cogitemus.
1806 618 1809 642 ³

376 709 528 765 Neque
545 704 659 748 enim
683 711 795 746 natae
817 709 919 745 sunt
936 701 1134 752 haereses,
1155 705 1198 740 et
1219 694 1421 755 quaedam
1444 693 1646 752 dogmata
1668 707 1767 751 per·
1806 689 1809 742 i

378 775 587 820 versitatis
604 770 884 832 illaqueantia
903 770 1064 814 animas
1080 776 1123 811 et
1144 768 1189 810 in
1205 764 1478 825 profundum
1497 763 1766 823 praecipitan-

378 847 458 901 tia,
479 845 559 890 nisi
576 844 683 887 dum
708 843 940 900 Scripturae
964 839 1091 883 bonae
1114 835 1422 895 intelliguntur
1444 849 1533 878 non
1556 834 1698 890 hene3
1725 840 1768 876 et
1802 828 1809 879 i

380 915 501 976 quod
523 915 567 958 in
587 914 647 957 eis
678 927 767 956 non
785 911 897 954 bene
915 907 1193 966 intelligitur,
1219 906 1346 950 etiam
1364 913 1526 949 temere
1543 890 1586 947 et
1607 901 1768 946 audac-
1806 925 1809 942 ι

380 997 445 1032 ter
467 985 681 1030 asseritur.
711 986 864 1042 Itaque
881 1016 891 1036 ‚
916 979 1151 1025 charissimi
1169 1013 1179 1033 ,
1203 976 1327 1021 valde
1347 985 1472 1020 caute
1498 976 1591 1019 haec
1613 972 1761 1018 audire

380 1059 605 1110 debemus,
626 1055 682 1100 ad
703 1070 803 1115 quae
820 1052 1027 1112 capienda
1043 1050 1212 1111 parvuli
1233 1063 1381 1093 sumus
1399 1067 1410 1105 3
1428 1056 1472 1091 et
1488 1044 1618 1090 corde
1632 1045 1703 1103 pio
1726 1053 1770 1088 et

380 1145 482 1175 cum
504 1138 690 1173 tremore
705 1161 716 1181 ,
744 1126 855 1169 sicut
877 1124 1086 1182 scriptum
1108 1130 1171 1165 est
1186 1156 1196 1175 ‚
1227 1121 1340 1163 hanc
1363 1127 1559 1163 tenentes
1574 1114 1768 1173 regulam

381 1199 572 1245 sanitatis
590 1233 601 1253 7
634 1206 684 1241 ut
709 1195 829 1256 quod
861 1194 1104 1238 secundum
1137 1190 1269 1235 fidem
1293 1206 1379 1250 qua
1408 1188 1566 1232 imbuti
1594 1200 1768 1239 sumus,
1806 1170 1809 1180 ⁸

382 1270 620 1327 intelligere
633 1266 911 1319 valuerimus,
927 1273 1135 1322 tanquam
1149 1262 1203 1305 de
1222 1261 1320 1305 cibo
1344 1260 1609 1318 gaudeamus
1626 1276 1634 1301 :
1652 1254 1773 1316 quod

383 1352 527 1387 autem
549 1338 790 1385 secundum
807 1351 955 1381 sanam
976 1334 1078 1378 fidei
1096 1332 1287 1390 regulam
1310 1330 1554 1388 intelligere
1575 1327 1773 1372 nondum

382 1412 666 1473 potuerimus,
688 1408 1011 1453 dubitationem
1034 1404 1281 1449 auferamus
1297 1438 1307 1457 ‚
1328 1400 1659 1459 intelligentiam
1684 1398 1773 1442 dif-

383 1484 601 1543 feramus3
628 1483 709 1526 hoc
731 1489 816 1534 est,
840 1488 889 1523 ut
910 1478 1040 1523 etiam
1064 1476 1098 1520 si
1121 1473 1229 1535 quid
1258 1474 1313 1518 sit
1332 1473 1545 1516 nescimus
1563 1505 1574 1526 ‚
1608 1470 1774 1514 bonum
1803 1496 1804 1501 =

386 1566 531 1602 tamen
552 1563 595 1598 et
616 1567 769 1598 verum
785 1566 875 1595 esse
897 1550 1074 1593 minime
1091 1547 1357 1591 dubitemus.
1378 1548 1436 1588 Et
1455 1559 1536 1602 ego
1554 1577 1565 1597 ,
1592 1541 1744 1586 fratres
1760 1575 1772 1595 ‚

384 1628 459 1688 qui
481 1625 649 1684 suscepi
670 1623 792 1683 loqui
814 1621 934 1666 vobis
951 1655 961 1675 ‚
991 1617 1248 1678 cogitandus
1271 1631 1365 1660 sum
1391 1631 1413 1658 a
1437 1614 1560 1658 vobis
1586 1613 1661 1672 qui
1683 1627 1777 1656 sus-
1802 1634 1804 1639 .

385 1697 572 1758 ceperim
588 1731 598 1751 ,
625 1703 668 1739 et
688 1709 789 1754 quae
811 1691 1072 1750 susceperim
1101 1708 1109 1733 :
1132 1687 1301 1746 suscepi
1321 1687 1435 1730 enim
1459 1683 1684 1729 tractanda
1705 1682 1776 1727 di-
1799 1687 1804 1738 j

385 1770 485 1815 vina
508 1769 640 1811 homo
658 1800 668 1820 ‚
704 1762 913 1823 spiritalia
936 1760 1116 1805 carnalis
1131 1794 1142 1814 ‚
1167 1768 1327 1803 aeterna
1352 1755 1559 1801 mortalis.
1587 1754 1729 1799 Etiam
1751 1769 1775 1797 a

385 1854 456 1884 me
472 1874 483 1894 ‚
504 1834 767 1888 charissimi,
791 1834 922 1891 longe
944 1832 998 1875 sit
1010 1845 1119 1875 vana
1142 1828 1422 1888 praesumptio
1439 1862 1449 1882 ,
1473 1827 1507 1870 si
1527 1825 1626 1870 volo
1648 1838 1775 1868 sanus

386 1912 432 1955 in
449 1910 582 1954 domo
598 1906 675 1952 Dei
687 1903 946 1957 conversari,
963 1917 1063 1962 quae
1077 1909 1141 1945 est
1159 1898 1350 1944 Ecclesia
1362 1897 1438 1942 Dei
1455 1897 1556 1951 vivi,
1572 1894 1777 1940 columna
1796 1948 1797 1952 Ἰ

388 1991 432 2027 et
448 1982 772 2025 firmamentum
796 1973 1015 2019 veritatis1
1043 1990 1052 2016 z
1080 1985 1158 2030 pro
1182 1968 1361 2013 modulo
1382 1982 1479 2011 meo
1511 1967 1634 2026 capio
1656 1963 1777 2025 quod
1797 1966 1800 1970 '

391 2052 514 2097 vobis
532 2063 705 2109 appono
729 2065 738 2091 ε
770 2045 847 2088 ubi
869 2042 1082 2103 aperitur,
1107 2054 1260 2100 pascor
1285 2038 1511 2083 vobiscum
1529 2057 1540 2094 3
1559 2036 1635 2080 ubi
1656 2034 1777 2080 clau-

393 2123 511 2168 ditur
524 2156 535 2176 ,
560 2119 686 2180 pulso
703 2115 946 2162 vobiscum.

455 2196 513 2237 ΙΙ.
535 2188 753 2237 Commoti
775 2194 877 2231 sunt
897 2199 1000 2243 ergo
1027 2181 1171 2226 Judaei
1187 2214 1198 2235 ,
1223 2188 1267 2223 et
1288 2177 1501 2236 indignati
1522 2185 1624 2221 sunt
1649 2195 1658 2220 ι
1683 2189 1777 2219 me·

394 2265 479 2309 rito
499 2261 692 2323 quidem,
708 2257 827 2319 quod
845 2254 1035 2300 audebat
1055 2253 1188 2297 homo
1205 2249 1415 2310 aequalem
1439 2263 1483 2292 se
1504 2247 1645 2291 facere
1662 2249 1749 2290 Deo
1766 2264 1775 2290 2
1794 2240 1802 2294 ζ

394 2336 470 2380 sed
481 2335 583 2378 ideo
594 2330 825 2382 immerito,
841 2327 943 2386 quia
957 2326 1001 2367 in
1014 2323 1190 2367 homine
1203 2335 1290 2364 non
1307 2317 1609 2376 intelligebant
1620 2320 1775 2361 Deum.
1794 2370 1799 2378 .

394 2408 578 2452 Carnem
595 2401 804 2446 videbant
820 2433 831 2453 ‚
854 2400 992 2441 Deum
1013 2393 1262 2437 nesciebant
1284 2409 1293 2434 ι
1314 2387 1617 2433 habitaculum
1634 2385 1798 2432 cerne-T

394 2479 528 2532 bant,
559 2474 845 2519 habitatorem
881 2467 1156 2526 ignorabant.
1182 2465 1294 2509 Caro
1324 2461 1398 2505 illa
1421 2459 1633 2520 templum
1653 2467 1744 2504 erat
1762 2492 1775 2513 ‚
1796 2447 1798 2454 λ

444 2570 452 2587 ¹
479 2573 491 2596 ι
508 2562 588 2596 Tim.
604 2570 650 2602 m,
670 2558 721 2591 15.
