1809 3173
361 179 442 217 268
797 190 828 217 S.
866 189 1094 221 AUGUS'HNI
1128 195 1308 222 1:1215001‘1

361 257 585 311 trinsecus,
611 257 809 302 ostendat
832 258 1083 318 cogitationi
1102 278 1112 310 ;
1135 270 1299 320 quanto
1317 261 1459 306 minus
1482 277 1634 321 capere
1663 273 1738 308 aut

359 326 572 385 explicare
602 327 862 387 poterimus,
900 331 1120 389 quomodo
1161 335 1285 376 Pater
1319 335 1431 376 Deus
1472 332 1741 378 demonstrat

359 397 468 442 Filio
499 399 618 459 quod
654 416 742 444 non
764 401 896 445 habet
918 400 1115 456 aliunde,
1153 402 1220 446 vel
1246 404 1367 463 quod
1401 419 1489 447 non
1525 414 1588 448 est
1620 404 1740 449 aliud

358 484 487 529 quam
520 469 640 529 ipse?
673 470 844 514 Parvuli
876 487 1022 516 sumus
1048 491 1055 515 :
1082 472 1237 532 loquor
1267 474 1387 518 vobis
1423 474 1529 533 quid
1568 490 1656 518 non
1688 477 1741 520 sit

359 543 487 594 Deus,
519 556 607 584 non
630 541 811 584 ostendo
840 541 945 600 quid
968 542 1020 585 sit
1049 558 1181 600 :ergo
1202 552 1250 587 ut
1283 545 1502 602 capiamus
1533 545 1637 604 quid
1668 546 1737 600 sit,

357 611 462 671 quid
476 609 711 655 faciemus?
726 611 949 670 Numquid
967 628 989 655 a
1008 627 1091 667 me,
1110 613 1326 673 numquid
1342 629 1416 672 per
1433 630 1502 657 me
1518 615 1742 674 poteritis?

358 682 504 725 Dicam
529 682 610 724 hoc
629 680 841 739 parvulis,
863 691 905 725 ct
928 682 1048 726 vobis
1074 692 1117 727 et
1141 684 1245 727 mihi
1267 704 1275 727 :
1302 687 1377 727 Est
1399 700 1475 743 per
1492 700 1623 744 quem
1642 701 1741 744 pos-

357 752 489 797 simus
528 772 536 796 :
570 752 709 796 moclo'
740 753 1033 808 cantavimus,
1074 755 1205 798 modo
1239 755 1484 799 audivimus
1516 775 1525 799 ε
1567 775 1586 796 α
1620 758 1741 800 Jacta

360 841 379 865 »
415 824 459 866 in
495 825 728 867 Dominum
771 839 920 868 curam
956 834 1102 879 tuam,
1143 836 1185 870 et
1227 826 1317 884 ipse
1353 835 1393 870 te
1438 827 1674 871 enutriet¹.
1718 846 1737 869 »

358 893 461 938 Ideo
490 894 604 937 enim
644 910 732 937 non
771 904 917 953 potes..
951 911 976 939 o
1005 896 1163 951 homo,
1200 897 1303 956 quia
1344 897 1549 956 parvulus
1585 913 1628 941 es
1661 917 1670 942 ε
1702 898 1736 942 si

359 965 565 1023 parvulus
599 980 670 1020 es,
698 965 955 1010 nutriendus
993 982 1035 1010 es
1065 968 1312 1022 :nutritus,
1348 968 1519 1025 grandis
1555 969 1658 1026 eris3
1698 978 1741 1013 et

357 1035 477 1096 quod
502 1036 706 1095 parvulus
729 1053 816 1080 non
839 1046 1009 1096 poteras
1026 1073 1036 1092 ,
1073 1038 1246 1096 gramlis
1274 1037 1441 1082 videbis
1469 1058 1477 1083 z
1503 1038 1577 1083 sed
1601 1049 1648 1084 ut
1663 1055 1744 1084 nu-

358 1107 496 1151 triaris
512 1142 522 1161 ‚
568 1110 689 1151 Jacta
729 1108 773 1151 in
812 1109 1048 1153 Dominum
1088 1124 1237 1153 curam
1291 1118 1409 1153 tuam
1427 1145 1437 1164 ,
1475 1119 1518 1154 ct
1569 1110 1658 1169 ipse
1700 1119 1743 1155 te

358 1179 561 1222 enutriet.

416 1252 517 1293 XII.
543 1249 676 1294 Modo
700 1265 800 1307 ergo
822 1266 1120 1307 percurramus
1151 1251 1339 1296 breviter
1359 1267 1457 1311 quae
1490 1260 1668 1307 restant,
1701 1261 1742 1296 ct

357 1319 501 1365 videte
523 1321 592 1364 hic
614 1337 711 1379 quac
729 1321 1045 1375 commendavi,
1063 1321 1285 1380 quomodo
1308 1322 1518 1366 Dominus
1535 1322 1740 1367 insinuet:

363 1409 382 1431 a
419 1394 544 1434 Pater
566 1390 705 1449 diligit
730 1390 884 1435 Filium
903 1427 913 1445 ,
938 1401 981 1435 et
1004 1392 1148 1436 omnia
1183 1392 1451 1436 demonstrat
1472 1394 1511 1436 ei
1534 1409 1632 1453 quae,
1654 1393 1743 1452 ipse

362 1478 394 1505 »⁷
418 1460 564 1505 facit2.
590 1480 607 1501 n
634 1464 729 1520 Ipse
743 1462 918 1505 suscitat
936 1462 1112 1516 animas,
1130 1462 1205 1506 sed
1227 1478 1303 1522 per
1327 1462 1502 1518 Filium,
1524 1473 1573 1507 ut
1587 1462 1744 1508 „fruan-

361 1542 431 1577 tur
467 1532 621 1576 animae
657 1534 871 1577 suscitatae
908 1533 1147 1578 substantia
1183 1534 1282 1589 Dei,
1314 1535 1397 1578 hoc
1433 1544 1495 1578 est
1531 1535 1667 1579 Patris
1701 1544 1743 1578 et

361 1603 473 1646 Filii.
514 1622 533 1644 «
566 1606 622 1646 Et
660 1605 822 1664 majora
858 1604 922 1647 his
947 1603 1261 1649 demonstrabit
1282 1605 1321 1648 ei
1349 1621 1493 1664 opera.
1530 1624 1548 1646 »
1575 1606 1743 1658 Quibus

359 1674 518 1733 majora
534 1675 550 1714 ‘L‘
568 1674 819 1718 sanitatibus
841 1690 1089 1734 corporum.
1116 1677 1213 1718 Jam
1231 1684 1272 1719 et
1302 1685 1427 1719 antea
1447 1676 1740 1731 tractavimus,

361 1760 440 1788 nec
470 1745 688 1789 immorari
708 1744 918 1789 debemus
937 1747 968 1788 ³.
988 1740 1125 1805 Major
1152 1754 1216 1790 est
1237 1747 1351 1790 enim
1374 1747 1628 1790 resurrectio
1650 1763 1745 1791 cor-

361 1816 476 1875 poris
500 1816 544 1858 in
572 1825 801 1870 (eternum,
825 1832 957 1876 quam
975 1817 1068 1860 haec
1092 1833 1190 1876 quae
1212 1817 1266 1860 ad
1289 1827 1460 1876 tempus
1483 1816 1595 1861 facta
1618 1827 1679 1861 est
1699 1818 1744 1861 in

361 1886 436 1930 illo
458 1886 667 1944 languido
690 1887 845 1930 sanitas
868 1887 1074 1945 corporis.
1100 1905 1118 1927 «
1140 1889 1370 1947 Etmajora
1388 1889 1453 1932 his
1471 1888 1744 1932 demonstra-

364 1976 384 1998 »
421 1957 484 2001 hit
516 1957 554 2000 ei
583 1972 709 2016 opera
727 1993 737 2012 ,
773 1966 820 2000 ut
841 1973 915 2001 vos
938 1957 1168 2000 miremini.
1206 1959 1541 2013 Demonstrabit,
1570 1977 1589 1999 η
1623 1960 1745 2018 quasi

362 2028 653 2088 temporaliter
680 2049 687 2073 :
711 2045 814 2088 ergo
843 2030 963 2089 quasi
994 2030 1161 2073 homini
1191 2028 1305 2074 facto
1325 2031 1369 2073 in
1400 2040 1616 2090 tempore,
1642 2031 1745 2090 quia

362 2100 553 2143 Verbum
578 2103 687 2144 Deus
714 2116 803 2144 non
826 2108 888 2143 est
905 2100 1063 2154 factus,
1089 2115 1164 2159 per
1181 2116 1313 2160 quem
1334 2101 1478 2145 omnia
1501 2100 1616 2145 facta
1640 2109 1743 2145 sunt

363 2180 554 2230 tempora
576 2193 586 2228 3
611 2171 686 2215 sed
706 2172 838 2216 homo
864 2170 1003 2215 factus
1025 2172 1220 2216 Christus
1250 2172 1295 2215 in
1317 2181 1526 2231 tempore.
1553 2175 1745 2232 Apparet

359 2257 447 2300 quo
469 2242 674 2296 Consule,
700 2258 786 2302 quo
810 2241 879 2285 die
902 2251 1162 2301 conceptum
1186 2241 1240 2285 de
1265 2241 1428 2300 Spiritu
1453 2251 1600 2286 sancto
1623 2243 1743 2301 virgo

359 2311 493 2355 Maria
515 2312 680 2371 peperit
703 2311 922 2356 Christum
940 2332 947 2356 :
965 2327 1065 2370 ergo
1080 2313 1211 2357 homo
1225 2312 1363 2356 factus
1381 2321 1444 2356 est
1462 2313 1506 2356 in
1529 2322 1739 2371 tempore,

360 2398 435 2442 per
449 2398 579 2443 quem
596 2385 735 2427 Deum
754 2382 865 2427 facta
884 2392 985 2428 sunt
1002 2393 1211 2443 tempora.
1228 2382 1331 2428 Ideo
1349 2392 1558 2443 tanquam
1576 2384 1619 2426 in
1639 2393 1744 2427 tem·

363 2468 468 2512 pore
491 2451 807 2498 demonstrabit
828 2454 867 2497 ei
889 2469 1017 2514 opera
1060 2455 1237 2514 majora,
1274 2451 1319 2496 id
1349 2462 1437 2509 est,
1463 2454 1743 2499 resurrectio-

411 2544 420 2560 ¹
443 2537 521 2570 Psal.
543 2549 606 2581 mv,
622 2539 677 2572 23.
697 2556 738 2562 --
758 2545 770 2561 ²
790 2540 877 2571 Joan.
905 2549 937 2580 v,
956 2547 1011 2572 20.
1032 2555 1073 2561 —-
1098 2537 1110 2562 3
1133 2538 1211 2571 Vide
1228 2539 1412 2571 Tractatum
1428 2549 1478 2571 xix
1496 2542 1529 2571 et
1542 2549 1608 2572 xxi.
