1825 3214
297 246 338 271 lN
372 242 545 272 somnis
576 240 888 279 nvAuozuuu,
923 240 1069 270 Tne-r.
1106 242 1181 270 xx.
1335 230 1419 268 215

39 324 135 355 sens
147 318 260 363 erat,
283 308 503 369 quomodo
533 309 621 368 ipse
635 307 770 352 Filius
784 307 890 352 dicit
909 325 918 351 :
938 325 958 348 «
981 310 1108 351 Pater
1124 307 1327 351 autemin
1350 321 1419 350 me

43 398 64 422 υ
98 394 294 433 manens,
313 380 401 438 ipsc
421 378 521 422 facit
540 394 669 438 opera
691 393 767 423 sua
783 380 793 402 ¹
810 379 828 419 ‘3
846 397 864 418 »
884 377 927 421 si
949 391 1051 434 crgo
1086 380 1210 420 Pater
1235 378 1280 420 in
1305 375 1418 422 Filio

41 465 235 503 manens,
262 449 351 508 ipse
370 448 471 492 facit
495 464 624 508 opera
647 464 750 504 sua,
775 447 1014 491 ambulatio
1038 445 1110 490 illa
1130 447 1272 490 carnis
1294 463 1421 505 supra

40 535 175 574 mare,
201 535 224 564 a
243 523 367 563 Patre
383 520 529 574 fiebat,
558 535 632 578 per
650 519 807 563 Filium
833 518 979 562 fiebat.
1002 520 1118 576 Ergo
1135 516 1204 560 illa
1229 518 1427 562 ambula-

43 590 103 635 tio
125 605 234 649 opus
269 599 332 634 est
370 590 505 633 Patris
536 599 578 633 et
625 589 718 633 Filii
749 587 1047 646 inseparabile.
1092 589 1335 646 Utrumque
1368 587 1429 630 ibi

41 671 293 722 operantem
317 662 445 706 video
468 681 475 705 ε
495 676 573 704 nec
597 664 722 705 Pater
746 660 898 704 Filium
918 661 1122 715 deseruit,
1148 675 1229 704 nec
1249 660 1382 703 Filius
1405 676 1427 703 a

46 736 171 777 Patre
191 733 395 776 discessit.
437 736 497 775 lta
521 731 736 791 quidqiiid
780 731 880 774 llicit
906 730 1057 784 Filius,
1090 746 1178 774 non
1207 729 1309 774 facit
1339 730 1431 774 sinc

48 806 174 848 Patre
201 823 209 847 :
229 804 328 862 quia
354 802 570 862 quidquid
592 802 696 846 facit
717 806 855 854 Pater,
880 817 967 845 non
991 800 1094 845 facit
1110 801 1202 845 sine
1221 801 1347 846 Filio.

106 877 203 918 vll.
233 862 406 917 Exitum
442 883 503 916 est
539 874 651 917 hinc.
682 873 836 917 Videte
868 873 969 932 quia
1004 882 1118 916 recte
1146 888 1223 916 nos
1249 872 1433 916 dicimus

37 943 348 1004 inseparabilia
371 959 460 987 esse
480 959 610 1002 opera
635 944 770 987 Patris
793 953 836 987 et
868 942 965 987 Filii
988 951 1031 986 et
1061 943 1243 1002 Spiritus
1276 942 1429 987 sancti.

44 1017 152 1060 Nam
189 1013 413 1075 quomodo
441 1023 488 1058 tu
521 1013 744 1072 intelligis,
779 1028 879 1058 ecce
909 1011 1012 1058 fecit
1044 1015 1158 1057 Deus
1179 1012 1323 1058 lucem
1336 1017 1370 1068 ²,
1390 1021 1436 1058 et

45 1084 155 1130 vidit
177 1084 312 1129 Filius
334 1088 506 1129 Patrem
528 1084 757 1129 facientem
773 1082 934 1138 lucem,
958 1084 1202 1128 secundum
1219 1083 1437 1128 carnalem

46 1155 318 1201 intellectum
341 1164 483 1209 tuum,
510 1156 585 1214 qui
609 1154 708 1199 ideo
728 1154 791 1198 vis
813 1155 1025 1198 minorem
1048 1153 1307 1213 intelligere,
1333 1155 1439 1214 quia

47 1226 171 1279 dixit,
196 1244 216 1268 «
236 1228 332 1271 Non
355 1234 497 1284 potest
517 1224 652 1268 Filius
671 1240 695 1269 a
711 1239 755 1269 se
776 1223 920 1269 facere
941 1223 1199 1284 quidquam,
1220 1224 1300 1268 nisi
1318 1223 1439 1284 quod

51 1314 72 1338 »
106 1296 263 1340 viderit
297 1299 466 1339 Patrem
497 1293 743 1340 facientem.
768 1312 788 1337 »
814 1295 938 1340 Fecit
965 1298 1079 1339 Deus
1113 1298 1240 1339 Pater
1267 1293 1455 1351 lucem,

49 1382 181 1427 quam
204 1366 346 1411 lucem
379 1366 507 1411 aliam
530 1367 635 1411 fecit
661 1366 820 1411 Filius?
847 1366 971 1411 Fecit
992 1369 1106 1410 Deus
1135 1370 1260 1411 Pater
1290 1367 1440 1411 firma-

49 1447 265 1493 mentum,
302 1437 464 1481 coelum
494 1437 607 1482 inter
631 1452 763 1497 aquas
785 1446 828 1481 et
847 1452 996 1498 aquas,
1022 1438 1134 1483 vidit
1170 1452 1269 1482 eum
1304 1437 1441 1483 Filius

49 1507 293 1553 secundum
313 1506 644 1567 intelligentiam
666 1516 787 1552 tuam
804 1506 972 1553 tardam
995 1516 1039 1552 et
1066 1523 1253 1566 grossam
1269 1508 1284 1535 ³
1307 1527 1316 1552 :
1337 1508 1440 1568 quia

50 1578 160 1624 vidit
199 1578 334 1622 Filius
378 1581 547 1622 Patrem
582 1577 815 1622 facientem
850 1578 1196 1633 firmamentum,
1228 1586 1271 1621 et
1303 1576 1440 1636 dixit,

55 1667 77 1691 «
110 1651 207 1694 Non
241 1657 382 1707 potest
404 1648 541 1693 Filius
561 1664 584 1692 a
606 1663 650 1692 se
673 1648 815 1691 facere
836 1647 1095 1707 quidquam,
1128 1649 1209 1692 nisi
1232 1647 1354 1707 quod
1374 1649 1444 1694 vi-

55 1737 77 1762 »
111 1718 224 1764 derit
246 1722 417 1763 Patrem
449 1717 696 1773 facientem,
724 1736 746 1760 »
769 1717 824 1762 da
843 1719 951 1762 mihi
978 1718 1163 1762 alterum
1191 1719 1445 1764 firmamen-

55 1798 164 1834 tum.
195 1807 214 1830 «
254 1792 323 1833 An
346 1798 396 1832 tu
429 1789 605 1833 amisisti
642 1788 1034 1832 fundamentum*
1053 1807 1072 1830 «
1103 1790 1446 1848 Superaedificati

57 1868 202 1904 autem
217 1874 346 1918 supra
364 1858 701 1903 fundamentum
720 1858 1030 1918 Apostolorum
1048 1868 1090 1903 et
1109 1861 1445 1920 Prophetarum,

55 1930 150 1990 ipso
178 1944 349 1973 summo
385 1928 530 1988 lapide
561 1928 756 1987 angulari
781 1929 990 1982 existente
1015 1929 1189 1974 Christo
1216 1932 1342 1985 Jesu,
1373 1946 1451 1990 pa-

58 2009 214 2045 cantur
234 2000 279 2043 in
301 1999 502 2057 Christo3
541 2014 623 2043 nec
656 1998 932 2044 contendunt
953 2009 997 2044 et
1024 2009 1170 2045 errant
1203 2001 1248 2046 in
1276 2001 1446 2046 haeresi.

62 2069 350 2128 intelligimus
373 2085 476 2128 ergo
505 2069 649 2113 lucem
673 2067 831 2113 factam
847 2085 870 2114 a
894 2071 984 2115 Deo
1018 2073 1161 2126 Patre,
1184 2070 1261 2115 sed
1281 2087 1360 2130 per
1374 2071 1452 2116 Fi·-

61 2142 169 2186 lium
186 2163 197 2199 3
221 2142 543 2185 firmamentum
563 2140 725 2185 factum
744 2156 767 2185 a
782 2144 873 2186 Deo
887 2143 1029 2196 Patre,
1049 2140 1125 2186 sed
1141 2157 1218 2201 per
1232 2141 1394 2186 Filium
1415 2143 1449 2187 ⁵.

61 2213 220 2257 Omnia
238 2213 354 2255 enim
376 2227 453 2271 per
473 2212 617 2270 ipsum
640 2211 753 2255 facta
774 2221 894 2267 sunt,
918 2221 962 2256 et
982 2211 1074 2256 sine
1093 2212 1186 2271 ipso
1205 2211 1374 2257 factum
1388 2221 1454 2257 est

63 2282 187 2327 nihil.
228 2285 393 2326 Excute
436 2281 769 2340 intelligentiam
815 2290 962 2340 tuam,
1005 2297 1086 2326 nec
1122 2281 1455 2341 intelligentiam

64 2354 321 2407 vocandam,
352 2352 426 2397 sed
449 2352 579 2412 plane
607 2352 850 2397 stultitiam.
879 2356 994 2397 Deus
1022 2356 1149 2398 Pater
1184 2352 1289 2398 fecit
1324 2368 1456 2398 mun-

65 2424 173 2469 dum
198 2443 207 2470 ε
232 2439 365 2485 quem
386 2424 491 2469 fecit
505 2423 640 2469 Filius
657 2423 843 2468 alterum
861 2424 1077 2469 mundum
1094 2427 1112 2469 P
1130 2424 1186 2470 da
1199 2425 1308 2470 mihi
1323 2440 1454 2470 mun-

132 2529 140 2544 ¹
161 2524 251 2554 Joan.
283 2532 349 2562 xiv,
380 2532 428 2554 ιο,
452 2539 491 2544 -
514 2528 526 2544 ²
549 2523 630 2553 Gen.
651 2531 674 2562 ι,
697 2520 726 2552 3.
758 2534 798 2543 -·-
823 2518 836 2544 ³
867 2521 950 2553 ibid.
978 2522 1011 2554 6.
1044 2539 1084 2545 —
1102 2522 1117 2551 4
1143 2521 1257 2563 Ephes.
1278 2533 1314 2560 υ,
1338 2530 1390 2554 ⁴20.
1414 2537 1455 2544 -·

70 2574 186 2608 5Joan.
207 2588 230 2613 1,
250 2577 278 2608 3.
