1825 3214
291 216 333 242 ffl
366 213 539 243 JoAmus
572 211 883 251 EVANGELluM,
919 212 1064 242 ‘rnAcau
1104 217 1197 243 xm.
1377 205 1430 242 97

49 282 232 341 frangat.
251 280 336 334 Qui
360 281 435 325 tibi
456 280 578 326 dedit
597 279 851 325 felicitatem
873 281 1002 340 hujus
1021 281 1182 336 szcculi,
1210 282 1263 326 ad
1278 296 1434 327 conso-

2 409 7 414 ·
47 351 254 398 lationem
277 361 394 397 tuam
418 351 553 408 dedit,
575 368 663 397 non
682 352 736 396 ad
756 352 1095 412 corruptionem.
1118 356 1283 398 Rursus
1303 354 1379 415 qui
1394 363 1436 399 te

48 423 237 484 flagellat
254 424 298 468 in
320 425 400 469 isto
413 423 588 480 saeculo,
610 424 664 469 ad
682 423 1048 480 emendationem,
1070 439 1160 469 non
1183 424 1237 469 ad
1256 426 1436 469 damna-

48 496 209 541 tionem
232 493 350 540 facit.
377 497 508 541 Ferto
530 503 697 556 patrem
732 493 1020 551 erudientem,
1055 510 1110 540 ne
1131 495 1289 540 sentias
1315 495 1438 555 judi-

47 581 140 611 cem
184 566 453 625 punientem.
494 569 598 611 Haec
634 565 831 626 quotidie
864 565 1050 611 dicimus
1086 565 1226 623 vobis,
1252 575 1295 611 et
1324 581 1438 626 saepe

46 636 229 683 dicenda
260 647 379 695 sunt,
395 638 497 699 quia
515 639 630 684 bona
653 646 696 684 et
713 637 917 684 salutaria
934 646 1049 684 sunt.

46 795 1253 815 MWQWQMUMUWWWWWBMWWWUUWQMWWWWWWW
1260 797 1400 813 ΛΛΜΜΜ
1407 797 1441 813 Ml

455 916 864 964 TRACTATUS
898 918 1024 963 XIII.

46 1064 113 1108 Ab
134 1078 186 1109 eo
199 1063 424 1123 Evangelii
442 1063 556 1121 loco,
574 1065 695 1110 Post
711 1066 814 1111 lzoec
832 1067 963 1111 ⁴venit
977 1065 1016 1111 J
1014 1082 1119 1111 esus
1139 1076 1182 1111 ec
1200 1064 1439 1124 Discipulo

107 1135 209 1197 ejus
232 1136 281 1179 in
296 1133 525 1181 Judoeam
549 1145 746 1193 terram,
767 1146 850 1182 etc.
885 1153 1024 1198 usque
1052 1136 1108 1182 ad
1140 1137 1201 1192 id,
1238 1137 1439 1181 Amicus

104 1216 266 1252 autem
283 1209 448 1267 sponsi
461 1209 546 1266 qui
564 1217 663 1253 stat
686 1218 731 1254 et
753 1207 891 1254 audit
912 1224 1034 1265 eccm,
1053 1207 1237 1271 gaudio
1256 1206 1440 1270 gaudet

100 1287 301 1339 propter
316 1294 482 1324 vocem
503 1279 681 1338 sponsi.

105 1415 140 1457 Ι.
175 1415 298 1459 Onno
320 1413 520 1460 lectionis
546 1415 810 1475 evangelicae
849 1415 1092 1461 secundum
1114 1417 1348 1470 Joannem,
1380 1415 1438 1459 si-v

44 1493 120 1529 cut
136 1485 313 1544 potestis
329 1486 589 1542 meminisse,
605 1486 682 1547 qui
704 1502 854 1532 curam
875 1487 1021 1547 geritis
1042 1486 1265 1547 profectus
1287 1485 1434 1539 vestri,

44 1555 102 1599 ita
124 1556 336 1616 sequitur,
353 1566 404 1601 ut
419 1557 513 1602 haec
535 1573 637 1618 quae
651 1557 784 1603 modo
800 1558 912 1602 lecta
931 1567 1009 1614 est,
1034 1557 1165 1603 hodie
1183 1557 1309 1602 nobis
1328 1566 1436 1600 trac-

44 1626 175 1671 tanda
198 1638 485 1687 proponatur.
513 1629 581 1674 Ab
599 1629 693 1689 ipso
706 1629 921 1689 principio
939 1645 1077 1689 usque
1098 1629 1155 1673 ad
1176 1628 1437 1673 hodiernam

42 1696 291 1753 lectionem,
333 1715 432 1758 quae
458 1714 586 1759 supra
620 1699 735 1745 dicta
768 1711 886 1755 sunt,
930 1700 1184 1745 meministis
1214 1702 1305 1760 jam
1348 1713 1437 1742 esse

44 1775 240 1813 tractata.
260 1771 317 1813 Et
338 1770 371 1813 si
394 1770 508 1814 forte
533 1769 637 1815 inde
659 1770 798 1814 multa
819 1771 918 1814 estis
941 1770 1066 1815 obliti
1098 1779 1214 1821 certe
1247 1768 1316 1815 vel
1345 1768 1439 1814 olli-

22 1838 160 1882 cium
190 1848 388 1884 nostrum
410 1849 558 1885 manet
586 1841 633 1885 in
660 1848 800 1885 vestra
836 1841 1060 1885 memoria.
1087 1842 1196 1894 Quae
1226 1840 1330 1885 hinc
1359 1855 1438 1883 au-

29 1907 206 1954 ‘dieritis
228 1909 283 1954 de
314 1910 532 1970 baptismo
554 1910 751 1966 Joannis,
771 1911 851 1955 etsi
875 1927 965 1956 non
990 1911 1144 1956 tenetis
1169 1912 1332 1967 omnia,
1358 1925 1435 1954 au-

42 1977 153 2024 disse
186 1995 262 2025 vos
286 1989 434 2025 tamen
468 1980 599 2026 credo
632 1980 753 2042 quod
788 1983 1004 2027 teneatis:
1037 1998 1137 2042 quae
1175 1982 1292 2027 dicta
1334 1992 1437 2027 sunt

42 2050 188 2105 etiam,
224 2066 359 2111 quare
390 2052 574 2110 Spiritus
607 2061 780 2097 sanctus
808 2052 855 2096 in
882 2052 1100 2097 columbae
1131 2053 1272 2113 specie
1296 2068 1433 2113 appa-

42 2121 207 2165 ruerit:
233 2130 277 2165 et
305 2121 530 2181 quomodo
558 2121 634 2166 illa
670 2123 951 2168 nodosissima
984 2124 1166 2183 quaestio
1192 2123 1334 2168 soluta
1361 2123 1431 2178 sit,

42 2191 144 2251 quia
165 2191 309 2236 nescio
331 2191 439 2252 quid
473 2191 594 2252 quod
627 2207 718 2237 non
759 2203 956 2249 noverat,
989 2192 1143 2239 didicit
1177 2197 1366 2239 ,Ioannes
1387 2195 1434 2238 in

43 2262 231 2307 Domino
258 2277 336 2322 per
364 2262 631 2318 columbam,
672 2279 773 2308 cum
800 2265 891 2325 jam
926 2279 1025 2309 eum
1061 2275 1220 2320 nosset,
1255 2265 1433 2326 quando

42 2333 234 2377 venienti
251 2342 301 2377 ut
320 2333 630 2393 baptizaretur,
659 2335 743 2380 ait:
765 2353 785 2377 «
809 2338 903 2394 Ego
924 2352 946 2380 a
976 2345 1017 2380 te
1037 2334 1178 2380 debeo
1202 2336 1426 2396 baptizari,

45 2420 67 2444 ³>
102 2411 146 2446 et
162 2412 212 2447 tu
230 2404 350 2448 venis
374 2402 426 2447 ad
450 2405 551 2447 me?
574 2404 754 2465 quando
775 2405 814 2448 ei
837 2405 1046 2451 Dominus
1070 2406 1309 2466 respondit,
1330 2407 1431 2452 Sine

48 2491 68 2514 »
102 2473 251 2529 modo,
277 2484 328 2519 ut
348 2473 577 2534 impleatur
593 2476 732 2521 omnis
745 2476 954 2536 justitia1.
983 2495 1003 2520 »

93 2577 102 2594 ¹
124 2570 316 2613 Matth.n1,
336 2570 389 2613 14,
406 2571 458 2604 15.

260 2635 400 2666 cxxn.
1274 2628 1298 2664 7
