1825 3214
281 254 323 280 iu
358 252 532 279 somma
565 249 869 288 BVANGELIUM,
903 249 1050 277 ἰ-ιιΛοτ.
1087 249 1204 275 xuv.
1342 233 1421 274 491

43 318 288 370 niarentur,
315 326 364 362 ut
385 318 440 361 de
460 328 676 374 synagoga
695 312 954 373 pelleretur,
977 311 1051 357 sed
1071 327 1094 356 a
1108 311 1280 356 Christo
1303 310 1426 355 inve-

42 387 224 432 niretur.
260 387 342 432 Sed
388 385 459 430 ille
500 394 749 429 constanter
790 385 909 442 quorl
954 382 1166 426 sentiebat
1204 381 1423 440 expressit.

46 479 66 502 «
102 459 173 503 Ait
195 461 330 512 enim,
356 458 456 517 quia
492 458 700 516 propheta
730 465 807 500 est.
837 474 857 496 »
884 454 1039 498 Adhuc
1071 452 1248 513 quidem
1274 453 1427 496 inunc-

42 539 111 576 tus
132 530 177 574 in
199 529 354 582 cordo,
379 527 574 573 nonduin
604 528 676 571 liei
695 527 853 572 Filium
875 525 1132 578 confitetur,
1162 540 1240 568 nec
1271 524 1429 567 menii-

42 609 113 647 tur
143 609 302 644 tamen.
328 601 424 659 Ipse
445 600 561 643 enim
591 598 799 643 Dominus
821 596 875 640 dc
893 612 936 640 se
962 595 1055 654 ipso
1078 594 1137 638 ait
1163 614 1170 637 :
1197 613 1215 634 «
1241 596 1338 639 Non
1366 603 1429 637 est

46 691 64 713 »
100 671 312 731 propheta
336 671 429 715 sine
449 671 612 714 honore
636 669 715 712 nisi
738 669 779 711 in
802 666 940 727 patria
963 667 1079 710 sua¹.
1109 682 1130 705 »

99 743 155 787 X.
186 761 205 783 «
228 743 324 786 Non
342 740 621 785 crediderunt
644 754 747 797 ergo
777 737 918 783 Judaei
942 736 996 780 de
1030 735 1124 790 illo,
1159 734 1261 794 quia
1289 749 1429 778 caecus

42 829 63 853 »
98 810 250 856 fuisset
288 819 331 854 et
358 810 555 864 vidisset,
590 809 730 854 donce
758 816 964 853 vocarent
996 816 1196 866 parentes
1231 805 1323 864 ejus
1355 804 1431 864 qui

42 898 62 923 »
99 881 297 927 videi-aff
325 900 333 926 ;
363 899 382 922 »
410 880 454 924 id
491 890 581 935 est,
606 880 681 940 qui
716 895 855 924 caecus
884 878 1025 922 fuerat
1055 885 1097 921 et
1118 875 1299 920 viderat.
1329 894 1349 916 «
1375 877 1432 920 Et

43 970 64 994 »
98 951 478 1009 interrogaverunt
500 967 599 1004 eOS,
635 949 854 1003 dicentes,
891 948 971 992 llic
1008 956 1072 992 est
1104 945 1219 990 filius
1255 953 1426 999 vester,

42 1039 63 1062 »
99 1036 230 1080 quem
255 1037 330 1065 vos
348 1020 488 1065 diritis
515 1021 612 1079 quia
637 1035 776 1063 cz‘PcuS
807 1028 932 1062 natus
961 1018 1054 1060 est?
1082 1014 1305 1076 quomodo
1327 1030 1430 1073 ergo

43 1110 64 1133 »
101 1107 219 1137 nunc
250 1091 401 1136 videt?
428 1091 762 1150 Responderunt
786 1090 844 1133 eis
867 1098 1065 1148 parentes
1102 1088 1217 1147 ejus,
1244 1096 1286 1130 et
1307 1085 1430 1130 dixe-

43 1182 64 1205 »
101 1172 232 1217 runt,
261 1163 428 1208 Scimus
450 1163 547 1222 quia
569 1162 638 1206 liic
668 1171 731 1205 cst
750 1161 862 1207 filius
894 1170 1060 1215 noster,
1095 1168 1138 1203 et
1168 1159 1269 1218 quia
1292 1173 1431 1202 caecus

43 1252 64 1275 »
101 1242 226 1279 natus
247 1242 312 1278 est
338 1252 347 1278 :
372 1232 595 1293 quomodo
615 1241 759 1276 autem
779 1247 896 1275 nunc
918 1230 1061 1274 videat
1086 1230 1298 1274 nescimus
1318 1263 1328 1282 ‚
1355 1237 1431 1273 aut

43 1323 64 1345 n
99 1304 196 1363 quis
218 1304 311 1363 ejus
342 1303 513 1362 aperuit
535 1302 683 1347 oculos
701 1337 712 1357 ‚
752 1318 830 1346 nos
863 1301 1090 1345 nescimus.
1118 1302 1174 1343 Et
1201 1298 1427 1352 dixerunt,

43 1392 64 1416 »
98 1377 247 1433 Ipsum
281 1374 543 1432 interrogate
562 1409 573 1427 ,
613 1382 785 1417 aetatem
808 1372 964 1426 habet,
990 1371 1078 1429 ipse
1117 1370 1171 1414 de
1200 1384 1243 1412 se
1274 1369 1432 1428 loqua-

44 1463 65 1486 »
100 1454 172 1491 tur
186 1446 218 1489 ³.
247 1467 263 1486 »
292 1445 426 1490 Filius
448 1445 625 1504 quidem
656 1454 801 1488 noster
824 1452 909 1496 est,
935 1442 1007 1487 sed
1031 1443 1146 1501 juste
1176 1456 1431 1499 cogeremur

41 1515 164 1575 loqui
187 1531 265 1575 pro
284 1515 467 1570 infante,
484 1515 585 1574 quia
600 1515 690 1574 ipsc
713 1529 791 1572 pro
814 1530 857 1558 se
874 1513 996 1573 loqui
1019 1528 1106 1556 non
1125 1521 1268 1571 posset
1294 1531 1302 1557 :
1324 1511 1429 1556 olim

42 1586 264 1648 loquitur,
292 1586 423 1631 modo
444 1586 561 1632 videt
586 1606 595 1631 :
621 1601 785 1631 caecum
810 1602 831 1631 a
855 1585 1078 1629 nativitate
1106 1583 1328 1638 novimus,
1359 1583 1428 1628 lo-

42 1667 251 1718 quentem
275 1657 378 1703 olim
395 1657 553 1703 scimus
570 1692 580 1711 ‚
611 1656 832 1701 videntem
862 1654 995 1699 modo
1027 1654 1223 1698 videmus
1250 1672 1259 1697 :
1286 1653 1430 1712 ipsum

43 1728 330 1787 interrogate,
363 1737 413 1772 ut
443 1726 717 1774 instruamini
744 1741 752 1768 :
779 1725 886 1785 quid
916 1723 1041 1768 nobis
1075 1722 1430 1767 calumniamini?

47 1817 67 1839 «
103 1801 207 1843 Haec
240 1797 443 1842 dixerunt
481 1805 681 1856 parentes
714 1797 830 1855 ejus,
866 1795 969 1854 quia
994 1793 1207 1837 timebant
1235 1792 1425 1838 Judaeos.

45 1886 66 1910 »
101 1871 196 1912 Jam
220 1868 334 1911 enim
359 1868 710 1927 conspiraverant
731 1865 874 1910 Judaei
894 1900 902 1915 ,
923 1875 972 1909 ut
989 1865 1022 1909 si
1049 1864 1146 1924 quis
1165 1879 1264 1908 eum
1287 1864 1429 1908 confi-

46 1955 67 1979 »
103 1947 266 1983 teretur
283 1937 521 1991 Christum,
552 1946 668 1981 extra
693 1950 959 1994 synagogam
981 1935 1149 1980 fieret4.
1178 1953 1198 1975 »
1220 1936 1316 1978 Jam
1337 1949 1428 1978 non

44 2017 135 2053 erat
156 2006 319 2053 malum
349 2007 442 2051 fieri
463 2016 581 2052 extra
612 2021 892 2065 synagogam.
919 2004 986 2048 Illi
1021 2003 1322 2064 expellebant,
1352 2004 1429 2048 sed

43 2077 238 2123 Christus
256 2077 510 2136 excipiebat.
541 2096 563 2119 «
597 2080 828 2136 Propterea
853 2084 1052 2135 parentes
1074 2076 1166 2134 ejus
1200 2073 1425 2130 dixerunt,

47 2167 68 2190 »
102 2148 204 2209 quia
227 2157 397 2193 aetatem
420 2148 554 2193 habet
569 2183 580 2202 ,
605 2148 747 2206 ipsum
772 2148 1029 2205 interrogate
1045 2148 1075 2188 ⁵.
1098 2165 1117 2187 »

100 2221 180 2267 XI.
211 2236 231 2260 (ι
251 2219 528 2262 Vocaverunt
561 2232 663 2274 ergo
700 2233 870 2262 rursum
893 2216 1142 2271 hominem,
1179 2214 1256 2275 qui
1287 2214 1431 2259 fuerat

46 2307 67 2331 »
102 2304 266 2343 caecus,
293 2298 336 2333 et
372 2287 575 2333 dixerunt
598 2289 658 2343 ei,
684 2291 745 2332 Da
778 2288 957 2346 gloriam
981 2290 1114 2332 Deo⁶.
1144 2305 1164 2328 »
1190 2286 1305 2339 Quid
1337 2295 1425 2341 est,

47 2379 67 2403 «
101 2363 161 2407 Da
180 2359 359 2418 gloriam
383 2363 471 2403 Deo
485 2360 503 2401 ⁸?
530 2378 547 2399 »
567 2361 682 2417 Nega
703 2358 823 2418 quod
841 2358 1055 2417 accepisti.
1074 2360 1166 2402 Hoc
1189 2356 1316 2415 plane
1338 2371 1429 2400 non

43 2439 107 2479 est
139 2429 320 2490 gloriam
355 2433 442 2478 Deo
478 2430 608 2484 dare,
649 2428 726 2473 sed
756 2432 893 2475 Deum
929 2428 1074 2490 potius
1107 2428 1422 2486 blasphemare.

92 2534 101 2550 ¹
119 2526 238 2563 Manli.
258 2537 326 2568 xm,
349 2526 401 2569 57.
422 2544 464 2548 ·—
489 2533 500 2548 ²
521 2528 619 2561 Marc.
640 2536 686 2566 vt,
706 2524 739 2564 4,
759 2530 792 2557 et
806 2528 888 2558 Joan
913 2536 961 2565 ιι,
983 2525 1033 2558 18.
1049 2542 1091 2550 —·-
1106 2523 1119 2547 3
1134 2527 1224 2557 Joan.
1242 2535 1285 2563 ix,
1303 2531 1421 2564 19-21.

45 2599 87 2605 —
109 2580 125 2612 lo
141 2581 221 2614 Ibid.
240 2590 294 2614 22.
315 2599 355 2604 —
374 2579 484 2613 ⁵1bid.
507 2581 560 2614 23.
580 2577 649 2604 —-⁶
671 2579 752 2612 Ibid.
773 2579 827 2622 24.
