1809 3173
335 189 420 228 396
773 198 805 226 s.
842 198 1071 228 Auens-nm
1104 201 1284 228 muscon

337 285 356 308 »
392 265 573 325 proximi
600 266 703 310 tuil.
719 284 739 307 »
755 265 837 311 Sed
858 267 939 311 hoc
958 268 1120 311 homini
1137 268 1300 312 dictum
1324 276 1400 312 est.
1415 269 1581 312 Infirmi
1598 270 1714 313 enim

334 352 498 391 sumus,
517 345 560 380 et
577 337 693 396 apud
716 338 906 382 infirmos
930 339 1164 398 loquimur.
1188 342 1348 382 Verum
1367 338 1509 383 dicere
1530 349 1573 383 et
1590 355 1714 384 men-

337 409 404 453 tiri
432 423 659 466 possumus
687 428 694 452 :
721 409 799 452 etsi
836 425 986 453 verum
1023 410 1166 452 dicere
1201 409 1411 454 debemus
1430 445 1440 465 ,
1478 420 1521 454 et
1545 412 1717 457 mentiri

333 488 479 523 tamen
503 494 729 538 possumus
757 495 857 523 cum
888 479 1104 523 volumus.
1128 483 1219 522 Lux
1237 481 1408 524 mentiri
1432 497 1520 525 non
1541 490 1683 540 potest
1704 500 1713 526 ;

334 550 445 594 absit
456 559 506 594 ut
527 551 572 593 in
589 549 697 593 lucis
720 550 879 593 divinae
897 549 1127 609 splendore
1150 550 1343 593 tenebrae
1361 550 1576 595 mendacii
1600 567 1719 610 repe-

333 620 515 664 riantur.
550 620 830 679 Loquebatur
862 619 935 662 ille
968 628 1178 679 tanquam
1207 619 1280 663 lux
1299 655 1310 675 ‚
1340 620 1602 680 loquebatur
1618 630 1717 665 tan-

334 707 465 751 quam
500 691 684 746 veritas3
728 689 802 733 sed
831 690 904 733 lux
933 690 978 733 in
1010 691 1199 733 tenebris
1221 691 1427 746 lucebat,
1461 701 1504 735 et
1526 692 1718 735 tenebrae

334 778 427 807 eam
452 777 539 805 non
573 761 999 820 comprehenderunt
1026 778 1037 805 :
1061 762 1160 806 ideo
1187 763 1427 806 secundum
1452 778 1624 806 carnem
1642 764 1717 823 ju-

335 833 554 877 dicabant.
583 851 602 873 «
622 835 730 886 Vos,
751 833 916 892 inquit,
942 834 1182 877 secundum
1200 850 1374 878 carnem
1392 833 1640 894 judicatis².
1665 853 1685 875 »

393 906 467 947 IV.
493 923 513 945 a
538 906 630 961 Ego
652 919 741 947 non
759 904 910 963 judico
934 920 1199 965 quemquam
1214 907 1245 948 3.
1275 923 1295 945 »
1317 908 1413 950 Non
1435 920 1535 962 ergo
1552 904 1719 965 judicat

334 990 597 1034 quemquam
623 975 827 1018 Dominus
850 978 972 1019 Jesus
991 975 1213 1020 Christus?
1229 978 1382 1020 Nonne
1404 976 1492 1035 ipse
1509 984 1570 1018 est
1588 991 1719 1035 quem

334 1047 594 1090 confitemur
612 1047 886 1089 resurrexisse
908 1046 1033 1090 tertia
1057 1045 1127 1090 die
1144 1082 1154 1101 ,
1180 1046 1419 1090 ascendisse
1454 1047 1495 1089 in
1524 1046 1683 1090 coelum
1705 1082 1716 1102 ‚

334 1117 394 1160 ibi
409 1116 557 1160 sedere
574 1117 627 1160 ad
647 1116 863 1160 dexteram
882 1118 1033 1171 Patris,
1048 1117 1151 1160 inde
1173 1132 1261 1160 esse
1283 1126 1517 1160 venturum
1536 1117 1589 1160 ad
1605 1117 1721 1177 judi-

334 1188 496 1232 candos
520 1188 636 1232 vivos
658 1198 701 1232 et
726 1190 950 1232 mortuos?
972 1191 1124 1233 Nonne
1146 1188 1237 1247 ipsa
1258 1197 1322 1231 est
1344 1187 1450 1231 fides
1472 1197 1614 1231 nostra
1631 1223 1641 1243 ,
1665 1188 1719 1231 de

334 1274 421 1318 qua
443 1257 546 1301 dicit
569 1258 802 1317 Apostolus
829 1278 837 1302 :
867 1278 886 1300 «
919 1258 1061 1303 Corde
1083 1258 1275 1302 creditur
1298 1258 1352 1302 ad
1376 1258 1588 1318 justitiam
1609 1293 1619 1313 ,
1646 1273 1720 1302 ore

340 1350 357 1371 »
394 1339 537 1374 autem
567 1328 778 1373 confessio
806 1331 855 1373 fit
888 1329 942 1374 ad
966 1329 1148 1373 salutem
1169 1331 1215 1370 4?
1241 1333 1399 1389 »Ergo
1432 1329 1609 1390 quando
1642 1330 1719 1374 ista

298 1423 305 1426 -
334 1401 609 1454 confitemur,
630 1411 780 1444 contra
795 1400 1028 1444 Dominum
1049 1400 1272 1460 loquimur
1285 1401 1302 1441 *ἒ
1314 1403 1400 1445 Nos
1419 1400 1602 1445 dicimus
1618 1415 1721 1444 ven-

334 1481 483 1516 turum
500 1471 691 1531 judicem
711 1472 909 1516 vivorum
927 1481 969 1516 et
992 1481 1264 1516 mortuorum
1287 1491 1295 1515 ;
1321 1471 1411 1531 ipse
1425 1481 1568 1515 autem
1587 1471 1690 1515 dicit
1707 1491 1717 1516 ι

339 1562 359 1585 «
394 1546 487 1601 Ego
506 1558 592 1587 non
607 1542 758 1602 judico
780 1558 1063 1603 quemquam.
1081 1561 1100 1583 »
1118 1543 1310 1595 Quaestio
1331 1543 1410 1586 ista
1433 1542 1606 1587 duobus
1623 1558 1720 1587 mo-

335 1612 402 1658 dis
431 1612 539 1657 solvi
566 1623 729 1672 potest,
770 1623 817 1657 ut
854 1622 929 1657 aut
959 1614 1042 1657 hoc
1076 1612 1396 1671 intelligamus,
1425 1632 1445 1655 «
1466 1629 1555 1657 non
1570 1612 1722 1672 judico

338 1703 359 1727 »
395 1700 688 1744 quemquam,
730 1704 750 1727 »
786 1684 831 1728 id
862 1694 949 1739 est,
985 1684 1115 1729 modo
1144 1704 1152 1729 :
1186 1684 1297 1728 sicut
1330 1684 1434 1744 dicit
1467 1684 1551 1728 alio
1585 1683 1682 1728 loco
1709 1703 1719 1729 ι

341 1774 360 1797 «
394 1758 487 1812 Ego
510 1771 597 1799 non
620 1756 719 1799 veni
741 1764 790 1798 ut
811 1754 1006 1815 judicem
1029 1754 1245 1798 mundum
1262 1790 1273 1809 ‚
1298 1754 1374 1798 sed
1396 1764 1445 1798 ut
1466 1753 1632 1798 salvum
1654 1753 1723 1798 fa-

339 1845 359 1868 »
396 1826 506 1869 ciam
538 1825 754 1869 mundum
771 1828 786 1850 ⁵
807 1844 817 1870 ;
849 1844 868 1866 »
896 1841 985 1869 non
1011 1825 1225 1884 judicium
1247 1840 1375 1868 suum
1397 1824 1623 1882 negando,
1648 1823 1724 1868 sed

337 1897 598 1941 differendo.
619 1900 707 1940 Aut
738 1905 853 1940 certe
875 1897 977 1955 quia
1000 1897 1190 1947 dixerat,
1211 1914 1230 1936 «
1249 1898 1336 1940 Vos
1357 1895 1598 1939 secundum
1626 1911 1722 1939 car-

343 1990 361 2011 »
397 1984 496 2012 nem
513 1968 738 2028 judicatis:
753 1986 773 2008 »
794 1968 851 2011 ita
869 1967 1092 2027 subjunxit
1111 1986 1119 2010 :
1141 1969 1268 2024 «Ego
1291 1982 1380 2010 non
1397 1965 1546 2025 judico
1568 1981 1724 2026 quem-

341 2058 362 2081 »
397 2054 528 2099 quam
547 2074 557 2094 ‚
586 2058 605 2080 »
628 2048 676 2083 ut
693 2037 940 2093 subaudias,
967 2036 1207 2082 secundum
1230 2052 1421 2081 carnem.
1442 2036 1723 2096 Nullusergo

339 2110 466 2155 nobis
493 2119 643 2155 contra
665 2109 793 2153 fidem
814 2124 945 2168 quam
966 2118 1164 2152 tenemus
1186 2117 1228 2152 et
1252 2107 1560 2151 annuntiamus
1582 2107 1636 2151 de
1651 2109 1726 2167 ju-

340 2180 436 2225 dice
473 2181 672 2236 Christo‚
698 2179 926 2239 scrupulus
953 2178 1238 2222 dubitationis
1263 2178 1308 2221 in
1332 2177 1462 2222 corde
1486 2186 1721 2221 remaneat.

342 2252 473 2295 Venit
500 2252 718 2305 Christus,
754 2251 828 2294 sed
858 2250 996 2309 primo
1030 2249 1214 2303 salvare‚
1239 2257 1388 2308 postea
1406 2248 1602 2308 judicare
1624 2267 1633 2292 :
1654 2263 1726 2291 eos

337 2322 576 2383 judicando
601 2322 646 2365 in
675 2337 850 2381 poenam
871 2356 881 2376 ,
902 2321 978 2380 qui
1001 2320 1154 2364 salvari
1185 2318 1449 2375 noluerunt3
1473 2334 1542 2363 eos
1566 2317 1728 2378 perdu-

344 2392 484 2437 cendo
505 2392 561 2436 ad
592 2393 723 2438 vitam
739 2427 750 2447 ‚
775 2392 851 2452 qui
873 2392 1090 2436 eredendo
1119 2389 1301 2434 salutem
1330 2406 1420 2435 non
1450 2398 1723 2449 respuerunt.

395 2497 406 2511 ¹
436 2492 527 2522 Prov.
557 2501 656 2532 xxvu,
679 2499 712 2522 2.
733 2507 773 2514 —
799 2497 811 2513 ²
835 2492 927 2522 Joan.
952 2500 1020 2530 vm,
1043 2488 1093 2521 15.
1119 2505 1159 2512 —-
1187 2486 1199 2512 3
1231 2487 1313 2520 lbid.
1334 2504 1375 2510 -
1393 2484 1409 2517 s,
1435 2489 1527 2520 Rom.
1553 2497 1587 2528 x,
1614 2496 1662 2519 10.
1685 2502 1727 2510 —

347 2544 363 2570 ⁵
380 2548 471 2579 Joan.
490 2557 537 2587 ιιι,
555 2556 605 2588 ¹7·
