1809 3173
373 174 452 212 1110
800 185 832 210 s.
870 181 1100 212 Aneusmm
1133 184 1314 212 EPISCOI‘I

369 269 388 292 »
425 250 662 295 diviserunt
682 249 765 294 sibi
789 249 1045 295 vestimenta
1064 264 1158 294 mea
1175 285 1186 306 ,
1213 259 1257 294 et
1278 263 1407 308 super
1424 256 1588 292 vestem
1608 262 1748 291 meam

368 339 387 362 »
424 321 634 371 miserunt
653 329 813 365 sortem
830 321 840 345 ¹
859 321 877 365 P
897 338 917 361 »
946 321 1109 380 Sponsa
1127 335 1194 375 es,
1221 334 1403 378 agnosce
1425 326 1588 362 vestem
1604 316 1749 376 sponsi

367 390 446 435 tui.
475 393 612 452 Super
634 407 766 452 quam
787 400 951 437 vestem
985 391 1110 435 missa
1133 399 1196 435 est
1224 391 1342 435 sors?
1364 392 1586 446 Interroga
1609 389 1751 432 Evan-

367 460 526 520 gelium
546 481 555 506 ι
579 461 678 506 vide
700 462 770 506 cui
792 460 1053 521 desponsata
1074 461 1128 505 sis
1146 496 1157 516 ,
1191 459 1289 504 vide
1312 476 1336 503 a
1355 474 1445 518 quo
1469 458 1614 502 arrhas
1643 457 1752 501 acci·-

367 533 472 592 pias.
498 535 723 592 Interroga
758 530 1045 590 Evangelium
1065 550 1075 576 2
1097 529 1198 575 vide
1215 529 1323 590 quid
1344 529 1426 573 tibi
1447 528 1564 573 dicat
1587 528 1632 571 in
1658 541 1752 586 pas-

367 604 487 649 sione
510 603 698 648 Domini.
719 605 825 647 Erat
845 602 927 647 tibi
945 602 1109 657 tunica,
1134 600 1356 646 videamus
1375 600 1514 661 qualis
1536 618 1545 643 ε
1569 598 1752 657 desuper

368 683 484 719 texta
497 674 644 719 tunica
663 672 772 734 quid
788 673 999 730 significat
1015 672 1419 716 nisicl1a1-itaten12?
1437 669 1622 729 desuper
1639 676 1754 713 texta
1806 711 1809 720 ,

368 745 516 790 tunica
538 744 646 804 quid
667 743 880 803 significat
897 743 977 787 nisi
1000 743 1245 787 unitatem?
1260 744 1381 786 Hanc
1403 740 1597 785 tunicam
1613 748 1754 784 atten-

368 815 444 872 de,
476 831 610 876 quam
631 830 712 860 nec
733 823 1026 874 persecutores
1048 813 1208 859 Christi
1232 812 1485 858 diviserunt.
1508 812 1586 867 Ait
1601 811 1715 855 enim
1741 830 1750 854 :

372 907 392 930 «
427 889 638 932 Dixerunt
658 887 771 931 inter
785 901 830 930 se
848 905 857 931 :
878 888 976 932 Non
997 885 1242 930 dividamus
1263 901 1379 941 eam,
1405 883 1480 929 sed
1498 892 1657 928 sortem
1668 885 1754 926 ‘su-

371 976 390 999 »
427 973 504 1018 per
531 973 627 1002 eam
655 957 924 1001 mittamusss.
953 974 974 997 »
1000 958 1111 1000 Ecce
1148 955 1266 1000 unde
1304 954 1482 1000 audistis
1517 953 1750 998 Psalmum.

369 1031 543 1074 Vestem
560 1023 855 1088 persecutores
872 1041 962 1072 non
981 1024 1288 1071 consciderunt
1313 1044 1323 1070 ι
1347 1024 1581 1077 Christiani
1602 1022 1755 1068 Eccle-

369 1099 475 1143 siam
493 1098 711 1144 dividunt.

407 1172 547 1214 vXIV.
585 1168 669 1215 Sed
689 1167 796 1229 quid
818 1167 961 1212 dicam
978 1203 989 1223 ,
1017 1166 1200 1211 fratres?
1223 1169 1385 1226 Aperte
1403 1164 1627 1210 videamus
1648 1162 1757 1223 quid

370 1241 537 1284 emerit.
560 1240 628 1284 Ibi
648 1240 764 1283 enim
787 1239 906 1294 emit,
926 1238 1004 1281 ubi
1020 1238 1210 1297 pretium
1232 1236 1368 1281 dedit.
1391 1240 1474 1280 Pro
1495 1244 1661 1295 quanto
1682 1234 1758 1278 dc-

370 1312 466 1356 dit?
498 1312 540 1358 Si
559 1327 637 1372 pro
652 1309 798 1355 Africa
819 1310 968 1365 dedit,
994 1310 1125 1354 simus
1147 1309 1406 1364 Donatistae,
1431 1317 1474 1352 et
1491 1323 1582 1352 non
1599 1305 1752 1366 appel-

369 1383 511 1427 lemur
539 1383 774 1428 Donatistae
798 1417 809 1438 ,
846 1382 922 1425 sed
956 1381 1216 1439 Christiani,
1252 1381 1354 1441 quia
1385 1379 1582 1424 Christus
1622 1375 1758 1423 solam

370 1454 563 1498 Africam
585 1455 690 1498 emit
711 1473 719 1498 :
752 1467 1004 1512 quanquam
1029 1461 1073 1496 et
1094 1451 1165 1495 hic
1185 1467 1275 1496 non
1296 1450 1375 1495 soli
1397 1450 1648 1495 Donatistae.
1676 1445 1761 1493 Sed

371 1541 460 1569 non
478 1525 613 1570 tacuit
635 1525 683 1568 in
713 1524 973 1569 commercio
995 1539 1074 1568 suo
1095 1523 1204 1583 quid
1225 1522 1392 1566 emerit.
1415 1523 1538 1566 Fecit
1555 1520 1724 1566 tabulas
1747 1537 1757 1564 ι

371 1598 460 1640 Deo
480 1595 651 1654 gratias,
677 1609 767 1639 non
784 1609 863 1638 nos
881 1592 1051 1637 fefellit.
1068 1595 1189 1653 Opus
1202 1602 1329 1637 estut
1342 1591 1490 1636 audiat
1504 1590 1577 1635 illa
1587 1605 1758 1650 sponsa,

372 1676 415 1711 et
430 1667 491 1710 ibi
507 1667 720 1726 intelligat
738 1667 808 1711 cui
821 1665 990 1711 voverit
1005 1665 1314 1724 virginitatem.
1329 1664 1397 1707 Ibi
1411 1664 1560 1722 inipso
1572 1661 1757 1716 Psalmo,

372 1737 449 1781 ubi
471 1736 638 1781 dictum
661 1746 724 1781 est
750 1756 759 1782 :
788 1756 808 1779 «
829 1736 1057 1780 Foderunt
1080 1749 1233 1778 manus
1256 1724 1373 1778 meas
1395 1743 1438 1778 et
1459 1732 1592 1793 pedes
1608 1767 1619 1788 ,
1637 1731 1761 1776 dinu-

374 1826 395 1850 »
431 1816 710 1853 meraverunt
726 1807 872 1855 omnia
890 1821 983 1850 ossa
999 1805 1144 1849 mea4:
1164 1822 1183 1845 »
1195 1804 1271 1848 ubi
1289 1804 1428 1863 passio
1446 1803 1618 1849 Domini
1640 1818 1762 1862 aper·
1796 1848 1799 1851 Δ

373 1879 532 1924 tissime
554 1878 798 1924 declaratur
821 1896 830 1922 2
855 1876 931 1937 qui
945 1875 1140 1920 Psalmus
1161 1875 1281 1919 omni
1304 1890 1419 1919 anno
1441 1874 1599 1933 legitur
1612 1873 1762 1919 ,novis-

373 1950 480 1994 sima
497 1949 776 1995 hebdomada
791 1948 962 1992 intento
981 1947 1182 1992 universo
1201 1946 1381 2005 populo,
1397 1945 1651 1997 imminente
1665 1959 1763 2004 pas-

376 2021 496 2066 sione
513 2021 695 2076 Christi,
722 2029 765 2065 et
788 2018 906 2079 apud
932 2031 1010 2063 nos
1031 2053 1041 2073 ,
1067 2027 1110 2061 et
1132 2016 1249 2077 apud
1271 2016 1369 2061 illos
1393 2016 1587 2060 Psalmus
1604 2016 1683 2060 iste
1698 2015 1763 2059 le-

377 2093 507 2152 gitur.
535 2092 771 2147 Intendite,
791 2091 960 2146 fratres,
987 2088 1096 2149 quid
1116 2089 1177 2133 ibi
1195 2088 1298 2132 emit
1317 2108 1327 2145 3
1347 2088 1584 2131 recitentur
1600 2085 1763 2131 tabulae
1793 2080 1806 2095 ’

377 2162 698 2208 commerciales
711 2161 847 2222 ,quid
867 2162 928 2206 ibi
949 2161 1079 2216 emit,
1105 2159 1251 2205 audite
1276 2179 1284 2205 z
1306 2179 1326 2202 «
1344 2159 1764 2205 Commemorabun-
1796 2151 1799 2157 ’

380 2253 400 2276 »
438 2244 508 2279 tur
530 2244 573 2278 et
602 2243 915 2279 convertentur
933 2233 988 2277 ad
1009 2232 1244 2278 Dominum
1270 2231 1459 2276 universi
1479 2231 1586 2274 fines
1609 2239 1759 2274 terrae:
1790 2256 1794 2257 ν

381 2324 401 2347 »
437 2316 476 2350 et
511 2305 759 2367 adorabunt
790 2306 836 2349 in
863 2313 1099 2364 conspectu
1123 2305 1213 2363 ejus
1240 2303 1451 2347 universae
1480 2301 1629 2361 patriae
1659 2315 1803 2359 gen-w

380 2394 401 2418 »
438 2376 547 2420 tium
569 2395 577 2420 :
603 2375 811 2436 quoniam
832 2376 963 2435 ipsius
986 2384 1050 2419 est
1073 2389 1255 2433 regnum
1273 2408 1284 2429 ,
1302 2383 1344 2417 et
1361 2373 1450 2432 ipse
1467 2371 1763 2418 dominabitur
1789 2400 1799 2413 .

426 2479 434 2495 ¹
462 2471 540 2506 Psal.
561 2482 627 2515 xxi,
656 2482 768 2515 17-19.
801 2488 842 2495 —
867 2478 879 2495 2
904 2473 999 2503 Joan.
1028 2480 1097 2513 xix,
1124 2469 1180 2502 23.
1205 2485 1247 2492 -
1282 2466 1296 2493 3
1320 2467 1401 2502 Ibid.
1427 2467 1459 2510 4.
1490 2485 1532 2492 -
1555 2466 1572 2498 4
1594 2467 1674 2500 Psal.
1694 2477 1760 2507 xxi,

382 2539 436 2570 17,
453 2531 519 2561 etc.

1750 2645 1768 2660 ὓ
