1809 3173
381 176 458 215 224
842 189 873 217 s.
912 191 1138 219 Aucus'nm
1171 193 1349 221 EPISCOI’I

379 253 592 296 turbatur.
622 256 894 300 Demonstrat
926 261 1052 301 Pater
1092 258 1200 303 Filio
1229 275 1326 318 quse
1351 259 1438 317 ipse
1471 258 1574 302 facit
1606 278 1614 302 ;
1640 274 1759 317 ergo,

376 323 433 366 ait
449 322 615 382 aliquis,
634 339 825 369 seorsum
842 330 967 370 Pater
988 327 1103 382 facit,
1125 338 1173 371 ut
1193 330 1321 388 possit
1338 328 1471 372 Filius
1485 328 1630 372 videre
1644 327 1761 388 quod

375 390 494 436 facit.
522 397 687 438 Rursus
709 407 944 440 occurrunt
960 399 1165 441 humanse
1188 399 1438 457 cogitationi
1462 409 1669 459 tanquam
1693 414 1763 442 ai·-

379 463 511 507 tifices
529 465 634 518 duo,
653 465 774 509 velut
795 466 829 510 si
851 466 974 511 faber
992 467 1146 511 doceat
1167 468 1303 512 filium
1322 485 1447 513 suum
1468 479 1601 513 artem
1623 484 1761 523 suam,

375 543 418 578 et
439 533 707 579 demonstret
735 537 772 579 ei
795 537 1009 597 quidquid
1041 537 1157 591 facit,
1183 548 1233 582 ut
1255 541 1387 597 possit
1420 541 1548 583 etiam
1578 539 1670 598 ipse
1702 538 1765 583 sa-

375 619 494 660 cere,
539 624 559 647 «
584 607 757 661 Omnia,
784 608 942 667 inquit,
976 608 1243 653 demonstrat
1279 610 1317 652 ei
1340 626 1437 669 quae
1472 610 1562 669 ipse
1596 609 1714 654 facit.
1743 628 1762 650 »

375 678 487 721 Cum
517 692 619 735 ergo
650 681 775 721 Pater
805 677 928 730 facit,
956 677 1090 722 Filius
1116 695 1204 723 non
1232 679 1356 734 facit,
1382 689 1431 723 ut
1458 680 1588 740 possit
1620 679 1767 723 videre

377 746 514 790 Filius
533 746 653 807 quod
678 750 804 791 Pater
827 748 965 792 facit?
986 750 1113 792 Certe
1135 769 1153 789 «
1186 751 1330 793 omnia
1362 766 1438 809 per
1476 751 1616 809 ipsum
1655 748 1768 793 faeta

380 834 400 857 »
436 826 553 871 sunt,
580 827 624 861 et
653 817 742 860 sine
765 818 856 876 ipso
886 817 1046 861 factum
1091 830 1152 863 est
1183 819 1337 863 nihil¹.
1371 839 1388 860 n
1418 820 1528 864 Hine
1570 819 1768 863 videmus

375 887 751 946 quemadmodum
782 891 908 931 Pater
931 887 1198 933 demonstrat
1226 889 1336 933 Filio
1359 889 1479 950 quod
1510 889 1612 933 facit
1634 911 1644 946 3
1668 904 1770 933 cum

377 961 504 1002 Pater
521 958 630 1002 nihil
643 958 790 1013 faciat,
811 959 891 1003 nisi
906 959 1025 1020 quod
1040 976 1115 1019 per
1132 961 1288 1004 Filium
1311 960 1425 1004 facit.
1443 962 1558 1014 Quid
1574 959 1673 1005 fecit
1694 964 1772 1004 Pa-

376 1030 466 1072 ter?
492 1028 723 1073 mundum.
744 1033 885 1073 [ta—ne
901 1031 1063 1074 factum
1080 1032 1293 1074 mundum
1309 1030 1619 1074 demonstravit
1639 1029 1767 1085 Filio,

376 1108 427 1143 ut
451 1108 494 1142 et
515 1099 604 1158 ipse
630 1099 715 1143 tale
743 1099 907 1160 aliquid
939 1100 1124 1144 faceret?
1146 1108 1274 1145 Detur
1298 1116 1400 1160 ergo
1430 1100 1621 1144 mundus
1642 1100 1768 1144 nobis

379 1168 631 1229 quemfecit
649 1169 854 1214 etFilius.
877 1170 976 1226 Sed,
994 1180 1036 1214 et
1052 1172 1194 1215 omnia
1210 1187 1286 1231 per
1300 1172 1439 1230 ipsum
1457 1170 1569 1215 sacta
1588 1180 1704 1225 sunt,
1728 1178 1771 1214 et

378 1241 468 1285 sine
486 1242 579 1301 ipso
598 1241 761 1286 factum
781 1242 981 1297 estnihil,
1002 1252 1044 1286 et
1061 1242 1339 1302 mundusper
1352 1258 1451 1286 eum
1472 1242 1609 1286 factus
1626 1251 1704 1286 est.
1729 1242 1772 1286 Si

378 1310 518 1356 factus
548 1327 624 1371 per
656 1328 757 1356 eum
787 1322 848 1356 est
882 1313 1088 1367 mundus,
1125 1323 1166 1357 et
1201 1315 1345 1357 omnia
1381 1329 1456 1372 per
1490 1315 1628 1372 ipsum
1658 1313 1771 1356 facta

377 1392 480 1427 sunt
495 1384 527 1437 ²,
554 1392 597 1426 et
619 1383 728 1426 nihil
751 1382 851 1427 facit
875 1386 1000 1427 Pater
1023 1383 1141 1443 quod
1175 1400 1262 1427 non
1306 1400 1382 1443 per
1416 1383 1574 1427 Filium
1608 1381 1736 1427 faeiat
1759 1398 1767 1423 :

379 1453 455 1496 ubi
479 1452 748 1497 demonstrat
772 1453 882 1497 Filio
907 1457 1033 1498 Pater
1067 1454 1186 1513 quod
1209 1454 1326 1506 facit,
1353 1455 1431 1498 nisi
1454 1455 1497 1497 in
1536 1454 1628 1513 ipso
1661 1453 1771 1497 Filio

378 1540 455 1584 per
471 1516 615 1584 ⁵quem
640 1525 772 1568 facit?
797 1524 897 1578 Quis
918 1527 1032 1569 enim
1054 1525 1174 1570 loeus
1206 1526 1282 1569 ubi
1317 1525 1637 1570 demonstretur
1664 1539 1772 1583 opus

380 1596 515 1640 Patris
552 1595 683 1650 Filio,
717 1596 839 1656 quasi
871 1605 986 1639 extra
1012 1594 1140 1640 faeiat
1161 1605 1202 1639 et
1237 1605 1353 1640 extra
1376 1596 1537 1651 sedeat,
1566 1605 1608 1638 et
1637 1595 1773 1638 Filius

380 1664 577 1709 attendat
614 1681 795 1709 manum
829 1667 964 1710 Patris
1000 1667 1372 1726 quemadmodum
1401 1666 1564 1711 faciat?
1596 1666 1677 1710 Ubi
1710 1674 1774 1709 est

380 1735 453 1780 illa
484 1736 781 1795 inseparabilis
816 1737 1031 1780 Trinitas?
1054 1737 1130 1780 ubi
1163 1745 1225 1780 est
1261 1737 1451 1780 Verbum
1486 1738 1540 1780 de
1563 1752 1651 1797 quo
1679 1736 1772 1780 dic-

379 1815 474 1850 tum
497 1817 574 1861 est,
607 1807 726 1866 quod
751 1807 839 1866 ipse
863 1817 926 1851 est
950 1828 967 1848 «
991 1808 1137 1850 Virtus
1165 1817 1207 1851 et
1233 1807 1448 1866 Sapientia
1481 1807 1583 1850 Dei³
1606 1809 1623 1850 P
1648 1825 1666 1846 >¹
1695 1806 1771 1849 ubi

380 1876 501 1938 quod
523 1877 577 1921 de
594 1877 684 1936 ipsa
710 1877 923 1936 Sapientia
948 1877 1167 1935 Scriptura.
1187 1877 1307 1931 dicit,
1333 1898 1350 1918 a
1373 1877 1548 1922 Candor
1571 1887 1634 1920 est
1655 1877 1772 1920 enim

383 1968 402 1990 »
440 1949 549 1993 lueis
566 1951 766 1992 aeternae4
782 1950 800 1992 P
819 1967 836 1989 »
856 1948 933 1991 ubi
955 1948 1075 2007 quod
1098 1948 1152 1991 de
1169 1947 1241 1991 illa
1259 1948 1415 1991 iterum
1440 1948 1622 1992 dieitur:
1654 1967 1672 1988 «
1694 1951 1773 1991 At-

383 2039 402 2061 »
441 2020 567 2078 tingit
589 2037 611 2064 a
634 2020 720 2064 fine
742 2036 880 2080 usque
907 2020 960 2064 ad
980 2019 1109 2062 finem
1129 2017 1297 2062 sortiter
1315 2054 1325 2073 ‚
1355 2028 1397 2062 et
1415 2018 1604 2077 disponit
1626 2018 1771 2062 omnia

384 2110 403 2133 »
440 2092 693 2136 suaviter5P
718 2092 760 2136 Si
799 2090 905 2151 quid
948 2089 1049 2134 facit
1089 2094 1239 2144 Pater,
1271 2105 1347 2149 per
1375 2089 1529 2132 Filium
1572 2088 1702 2145 faeit3
1737 2089 1771 2132 si

381 2177 458 2221 per
479 2163 733 2221 sapientiam
757 2177 895 2215 suam,
921 2170 964 2204 et
985 2161 1190 2204 virtutem
1215 2175 1335 2204 suam
1372 2159 1474 2203 facit
1505 2179 1514 2203 z
1540 2175 1628 2203 non
1653 2168 1771 2203 extra

380 2232 444 2275 itti
475 2233 664 2277 ostendit
699 2231 818 2291 quod
849 2231 1009 2285 videat,
1039 2231 1113 2274 sed
1150 2230 1194 2273 in
1226 2231 1318 2290 ipso
1344 2229 1406 2273 illi
1440 2230 1628 2274 ostendit
1650 2229 1771 2290 quod
1808 2235 1809 2249 ³

382 2302 499 2348 facit.

441 2378 521 2419 ΙΙΙ.
544 2374 659 2428 Quid
684 2374 799 2418 videt
834 2377 975 2428 Pater,
1010 2373 1078 2416 vel
1116 2373 1257 2432 potius
1291 2373 1396 2432 qnid
1432 2371 1549 2415 videt
1572 2371 1701 2415 Filius
1723 2372 1768 2414 in
1807 2365 1809 2410 !

381 2471 390 2474 ”
431 2481 438 2495 ¹
463 2476 593 2514 Joan.1,
614 2473 643 2504 3.
666 2489 705 2494 —
724 2479 734 2493 ⁷
758 2471 839 2503 Ibid.
870 2482 918 2502 ιο.
945 2488 984 2492 -—
1006 2468 1049 2501 31
1073 2472 1135 2502 Cor
1172 2482 1192 2509 x,
1213 2470 1252 2507 ⁴24
1288 2486 1320 2491 —-
1345 2469 1532 2511 «iS>111›.vir‚
1556 2468 1609 2500 ¹26.
1631 2485 1669 2490 —
1687 2465 1766 2499 ⁵1d.
1806 2437 1809 2449 ¹

389 2539 456 2568 VIN,
483 2541 509 2561 Ι.
