1825 3214
277 241 316 266 tN
354 239 524 266 toANMs
559 237 867 273 evAnnn1.1t·x1‚
903 240 1047 266 Tium.
1085 240 1211 265 xviii.
1362 229 1432 265 181

56 305 194 357 tibus,
227 306 258 348 si
283 304 425 349 adhuc
451 304 620 348 l'raudes
643 304 911 360 cogitantur,
943 304 975 346 si
1005 303 1226 347 mendacia
1261 319 1347 348 non
1378 304 1440 348 vi-

55 384 228 429 tantur,
262 376 294 419 si
326 374 547 419 mendacia
575 375 768 433 perjuriis
791 373 1075 417 cumulantur
1104 393 1111 417 :
1140 383 1224 417 tam
1249 376 1440 419 immun-

51 447 156 490 dum
181 462 255 491 cor
276 448 407 490 audet
429 446 571 490 dicere
592 465 599 489 :
621 445 783 504 explica
811 446 915 489 milii
945 445 1168 504 quomodo
1192 445 1307 488 videt
1332 450 1440 490 Ver-

52 517 188 562 bum?
210 518 336 561 etiam
370 518 402 561 si
428 518 582 576 possim
602 552 612 571 ,
639 517 766 560 etiam
790 517 822 560 si
857 531 936 574 ego
965 517 1053 574 jam
1093 515 1276 559 videam.
1308 520 1439 562 Porro

51 598 194 632 autem
213 590 246 633 si
269 588 380 633 sorte
403 604 483 647 ego
503 604 589 632 non
618 603 710 632 sum
737 586 780 630 in
805 588 869 631 liis
900 588 1093 630 moribus
1114 622 1124 640 ‚
1151 596 1193 629 et
1219 596 1363 630 tamen
1385 589 1439 632 ab

50 661 128 704 ista
160 660 323 704 visione
358 659 487 718 longe
521 675 614 703 sum
646 667 890 718 :quantum
931 657 1002 701 ille
1038 658 1113 717 qui
1137 656 1332 702 nondum
1359 659 1438 704 isto

50 745 236 788 superno
259 729 470 773 desiderio
504 729 668 787 rapitur
685 764 696 783 ‚
738 728 915 772 terrenis
936 727 1156 772 desideriis
1188 743 1435 786 praegrava-

52 802 150 844 tus?
182 799 368 844 Multum
394 801 570 844 interest
589 799 701 843 inter
724 808 991 844 aversantem
1014 806 1056 841 et
1079 797 1395 842 desiderantem
1425 818 1433 843 :

49 880 92 914 et
108 872 263 914 iterum
283 871 470 915 multum
490 872 666 914 interest
683 871 795 916 inter
808 869 1125 914 desiderantem
1143 878 1186 912 et
1201 867 1434 913 fruentem.

49 941 166 985 Vivis
186 949 232 984 ut
255 956 427 999 pecora,
445 942 675 985 aversaris:
702 939 854 998 Angeli
879 938 1181 999 perfruuntur.
1206 942 1270 982 Tu
1292 949 1435 983 autem

48 1011 81 1054 si
110 1025 197 1054 non
222 1010 326 1054 vivis
357 1020 406 1054 ut
429 1026 581 1069 pecora
602 1045 612 1064 ,
632 1011 720 1069 jam
745 1025 832 1054 non
857 1010 1061 1053 aversaris
1088 1029 1096 1053 :
1122 1008 1338 1053 desideras
1361 1009 1435 1052 ali-

47 1080 153 1141 quid
170 1115 180 1134 ,
207 1090 250 1124 et
268 1096 355 1125 non
379 1081 495 1140 capis
518 1100 526 1124 ε
553 1080 762 1124 inchoasti
786 1081 877 1138 ipso
901 1078 1112 1123 desiderio
1134 1079 1267 1123 vitam
1290 1083 1435 1136 Ange-

47 1150 209 1196 lorum.
240 1153 414 1196 Crescat
445 1152 489 1194 in
512 1160 579 1205 te,
616 1160 659 1194 et
694 1151 940 1209 perficiatur
962 1151 1006 1193 in
1030 1159 1071 1193 te
1093 1169 1102 1194 ;
1127 1159 1170 1194 et
1191 1150 1331 1209 capias
1354 1150 1436 1194 hoe

47 1236 134 1266 non
158 1237 179 1264 a
202 1236 299 1276 me,
319 1220 394 1265 sed
415 1221 469 1264 ab
492 1220 568 1264 illo
593 1221 668 1280 qui
691 1229 733 1264 et
755 1235 824 1264 me
848 1218 948 1264 fecit
969 1255 979 1274 ,
1005 1229 1047 1263 et
1066 1228 1123 1263 te.

107 1293 229 1334 vlu.
258 1294 418 1334 Tamen
442 1306 530 1335 non
560 1300 799 1350 utcumque
823 1305 900 1334 nos
922 1290 1086 1333 dimisit
1114 1298 1157 1333 et
1192 1290 1430 1346 Dominus,

47 1361 122 1420 qui
154 1360 292 1405 voluit
314 1360 524 1419 intelligi,
550 1362 651 1421 quia
674 1362 719 1404 in
743 1376 794 1405 eo
820 1360 939 1420 quod
964 1359 1070 1404 dixit
1093 1379 1102 1404 z
1133 1362 1269 1404 «Non
1294 1370 1435 1419 potest

34 1449 67 1471 ,„
105 1430 240 1474 Filius
270 1446 293 1474 a
325 1446 369 1475 se
392 1431 533 1474 facere
551 1431 790 1490 quidquam
808 1465 818 1485 ‚
844 1430 923 1474 nisi
944 1429 1065 1490 quod
1088 1429 1242 1474 viderit
1262 1433 1432 1474 Patrem

46 1518 66 1541 »
103 1499 332 1544 facientem
352 1536 362 1555 ‚
394 1519 412 1541 »
432 1516 520 1544 non
544 1500 624 1544 alia
650 1516 779 1559 opera
806 1503 931 1544 Pater
949 1499 1050 1542 facit
1069 1515 1168 1558 quac
1189 1499 1334 1542 videat
1361 1501 1433 1543 Fi-

44 1570 154 1623 lius,
191 1579 233 1614 et
263 1569 343 1614 alia
378 1569 510 1614 Filius
546 1586 645 1614 cum
675 1570 830 1614 viderit
864 1573 1032 1613 Patrem
1056 1568 1317 1625 facientcm3
1357 1569 1432 1613 sed

44 1640 192 1684 eadem
217 1655 346 1699 opera
369 1641 456 1699 ipsa
496 1650 539 1684 et
567 1644 688 1684 Pater
720 1649 762 1683 et
795 1638 943 1683 Filius.
991 1642 1172 1682 Secutus
1200 1639 1314 1682 enim
1336 1640 1392 1682 ait
1421 1658 1427 1682 :

48 1728 66 1750 »
102 1712 401 1769 Quaecumque
434 1711 549 1753 enim
586 1710 656 1753 ille
688 1709 864 1761 fecerit,
902 1709 993 1752 haec
1016 1717 1059 1751 et
1082 1707 1216 1750 Filius
1238 1708 1432 1751 similiter

47 1799 66 1821 »
104 1779 245 1824 facit¹.
262 1799 282 1821 »
308 1783 404 1825 Non
419 1796 517 1824 cum
538 1779 610 1823 ille
634 1780 802 1834 fecerit,
830 1779 911 1823 alia
930 1779 1065 1822 Filius
1082 1777 1276 1821 similiter
1300 1777 1402 1822 facit
1423 1798 1430 1823 :

44 1850 119 1894 sed
153 1870 172 1891 «
198 1853 499 1909 Quaecumque
521 1850 594 1893 ille
618 1848 768 1894 fecerit
784 1884 795 1903 ‚
811 1850 904 1892 haec
928 1858 970 1892 et
994 1847 1128 1892 Filius
1149 1848 1345 1891 similiter
1367 1849 1431 1892 fa-

49 1937 68 1961 »
104 1920 174 1963 cit.
201 1938 220 1960 »
244 1919 287 1964 si
309 1920 402 1964 haec
426 1919 527 1964 facit
550 1918 685 1963 Filius
703 1934 801 1979 quae
822 1918 973 1963 fecerit
996 1921 1123 1961 Pater
1138 1952 1148 1971 ,
1175 1932 1250 1976 per
1274 1917 1431 1961 Filium

45 1988 148 2034 facit
173 1993 299 2035 Pater
321 2010 329 2035 :
354 1991 387 2033 si
405 2006 482 2049 per
506 1990 666 2034 Filium
692 1989 794 2034 iacit
812 2005 911 2049 quae
934 1988 1038 2033 facit
1061 1992 1186 2032 Pater
1203 2023 1213 2042 ,
1240 2004 1327 2031 non
1351 1988 1432 2032 alia

46 2064 173 2104 Pater
189 2096 200 2115 ‚
226 2061 307 2105 alia
340 2062 473 2105 Filius
496 2060 630 2116 facit3
660 2060 735 2104 sed
757 2061 908 2104 eadem
932 2075 1062 2119 opera
1096 2067 1197 2102 sunt
1221 2059 1356 2102 Patris
1391 2068 1432 2102 et

47 2130 160 2174 Filii.
183 2133 240 2175 Et
265 2131 489 2190 quomodo
509 2131 662 2175 eadem
685 2130 788 2175 facit
817 2139 859 2174 et
885 2130 1054 2174 Filius?
1076 2140 1117 2172 et
1141 2127 1289 2172 eadem
1315 2138 1357 2172 et
1374 2130 1427 2174 si-

45 2200 218 2244 militer.
235 2203 297 2246 Ne
317 2200 430 2245 forte
453 2200 621 2253 eadem,
639 2201 714 2245 sed
731 2199 1016 2244 dissimiliter:
1037 2198 1247 2253 «Eadem,
1269 2199 1427 2258 inquit,

49 2290 69 2314 »
105 2281 148 2316 et
164 2271 372 2316 similiter.
393 2290 412 2312 »
438 2275 494 2316 Et
514 2272 736 2331 quomodo
760 2285 901 2331 posset
923 2272 1074 2314 eadem
1099 2285 1186 2313 non
1209 2269 1431 2314 similiter?

46 2344 241 2402 Accipite
279 2342 525 2402 exemplum
542 2378 553 2394 ‚
586 2343 707 2402 quod
737 2352 844 2401 puto
870 2341 924 2386 ad
953 2357 1027 2386 vos
1052 2356 1141 2384 non
1162 2341 1214 2384 sit
1235 2339 1398 2397 grande
1419 2359 1428 2385 :

47 2413 158 2459 Curti
186 2413 412 2458 scribimus
446 2412 610 2457 litteras
629 2448 640 2468 ,
666 2413 768 2457 iacit
787 2427 856 2456 eas
885 2413 1024 2471 primo
1047 2426 1121 2455 cor
1143 2418 1363 2464 nostrum,
1389 2420 1432 2454 ef.

47 2482 206 2527 deinde
222 2498 377 2528 manus
396 2493 557 2529 nostra.
578 2484 705 2529 Certe
727 2482 844 2527 unde
866 2496 1016 2528 omnes
1039 2479 1322 2532 acclamastis,
1348 2477 1432 2529 nisi

98 2572 104 2587 ¹
130 2567 220 2598 Joan.
240 2577 272 2607 v,
297 2577 346 2607 ¹9·
