1825 3214
238 221 280 246 m
315 219 490 246 sosimus
524 217 806 243 EVANGELNJM
831 233 841 247 ,
877 214 1022 242 ὟιιΑοτ.
1059 214 1189 240 xxxii.
1326 201 1407 240 363

24 285 217 342 gentium
250 283 434 341 linguis.
471 297 558 325 non
589 290 652 323 est
680 278 921 323 credendus
960 280 1172 338 accepisse
1202 278 1407 337 Spiritum

21 364 219 399 sanctum
234 357 251 396 ’ἰ
271 355 394 397 Absit
408 362 456 396 ut
470 352 547 394 ista
565 351 742 410 perfidia
763 359 1040 392 1‹=nu·.turcor
1058 358 1269 392 nostrum.
1292 348 1409 392 Certi

21 441 169 470 sumus
192 439 365 467 omnem
385 423 602 466 hominem
628 421 822 480 accipere.
848 440 855 464 :
877 421 950 463 scd
980 429 1194 479 quantum
1217 435 1287 461 vas
1311 419 1411 462 {idei

23 494 222 540 attulerit
241 493 294 538 ad
319 494 507 546 fontem,
536 502 704 536 tantum
733 490 898 550 implet.
935 493 1047 534 Cum
1079 504 1181 547 ergo
1217 498 1259 532 ct
1282 488 1412 533 modo

22 566 257 625 accipiatur
275 601 285 618 ,
310 565 467 608 dixerit
490 564 645 623 aliquis
662 598 672 617 ,
698 564 842 616 Quare
870 576 998 604 nemo
1025 559 1222 619 loquitur
1255 559 1414 617 linguis

22 638 218 683 omnium
235 637 460 695 gentium?
482 635 694 694 Quiajam
714 635 803 693 ipsa
829 632 1015 676 Ecclesia
1039 631 1198 690 linguis
1217 631 1412 674 omnium

23 709 218 768 gentium
242 707 452 767 loquitur.
486 710 622 750 Antea
646 706 690 748 in
719 720 804 748 una
828 713 954 761 gente
977 713 1066 747 crat
1095 700 1286 746 Ecclesia
1303 736 1314 755 ,
1340 702 1413 744 uhi

21 779 216 824 omnium
240 778 400 836 linguis
428 776 706 836 loquebatur.
735 774 975 834 Loquendo
1008 773 1164 831 linguis
1185 772 1381 816 omnium
1401 806 1411 826 ,

22 851 295 909 significabat
314 849 538 902 futurum,
559 857 608 891 ut
626 845 859 892 crescendo
874 861 949 905 per
972 854 1136 904 gentes,
1161 843 1415 904 loqueretur

22 922 183 980 linguis
218 922 429 965 omnium.
458 923 508 964 In
530 920 610 963 hac
635 917 827 963 Ecclesia
848 917 923 976 qui
954 932 1041 960 non
1064 924 1127 959 est
1143 950 1154 970 ‚
1180 930 1261 958 nec
1283 913 1415 958 modo

23 992 188 1052 accepit
225 992 431 1051 Spiritum
465 999 680 1034 sanctum.
712 989 917 1033 l’raecisus
946 987 1062 1031 enim
1093 996 1135 1030 et
1168 986 1329 1030 divisus
1360 986 1414 1029 ab

22 1065 189 1109 unitate
212 1064 507 1107 membrorum
526 1098 536 1116 ,
567 1078 665 1121 quae
688 1062 829 1105 unitas
851 1060 1008 1118 linguis
1039 1059 1234 1103 omnium
1270 1057 1415 1116 loqui-

26 1144 96 1179 tur
113 1170 123 1189 ‚
151 1134 369 1178 renuntiet
388 1133 469 1177 sibi
496 1152 504 1177 :
526 1133 777 1176 nonhabet.
795 1133 902 1175 Nam
927 1131 957 1174 si
978 1130 1124 1183 habet,
1150 1128 1225 1172 det
1241 1128 1414 1186 signum

24 1205 144 1266 quod
162 1214 267 1249 tunc
289 1204 490 1248 (labatur.
518 1201 634 1256 Quid
651 1211 737 1256 est,
768 1201 843 1245 det
863 1202 1032 1258 signum
1055 1198 1174 1259 quod
1205 1208 1311 1242 tunc
1335 1198 1415 1242 da-

25 1277 184 1321 batur?
203 1279 425 1333 Loquatur
441 1275 644 1318 omnibns
668 1272 843 1330 linguis.
870 1269 1121 1331 Respondet
1143 1270 1274 1324 mihi,
1299 1267 1414 1322 Quid

25 1349 138 1392 enirn
157 1382 168 1400 ‚
189 1356 237 1390 tu
260 1346 450 1406 loqueris
477 1343 679 1389 omnibus
714 1342 901 1400 linguis?
921 1345 1098 1402 Loquor
1125 1341 1276 1400 plane,
1312 1339 1414 1399 quia

26 1417 165 1462 omnis
195 1417 343 1475 lingua
368 1431 460 1459 mea
484 1424 575 1469 est,
608 1413 652 1458 id
675 1423 762 1466 est,
799 1414 888 1473 ejus
911 1412 1102 1471 corporis
1131 1412 1254 1470 cujus
1282 1424 1415 1453 mem-

25 1489 152 1533 brum
171 1502 282 1532 sum.
313 1486 474 1530 Diffusa
497 1484 688 1530 Ecclesia
716 1500 790 1543 per
812 1493 961 1542 gentes
988 1482 1184 1542 loquitur
1209 1481 1415 1525 omnihus

26 1560 182 1618 linguis
203 1578 212 1604 :
233 1558 422 1603 Ecclesia
445 1567 508 1602 est
529 1571 686 1614 corpus
703 1556 884 1610 Christi,
904 1555 949 1598 in
971 1555 1054 1598 hoc
1070 1568 1252 1612 corpore
1277 1567 1417 1596 mem-

26 1630 154 1675 brum
179 1645 222 1673 es
247 1649 256 1674 ε
280 1644 381 1673 cum
403 1644 505 1685 ergo
527 1627 771 1670 membrum
795 1626 849 1669 sis
870 1626 961 1685 ejus
990 1624 1182 1684 corporis
1204 1622 1325 1683 quod
1347 1621 1414 1667 lo-

26 1701 178 1761 quitur
206 1699 410 1744 omnibus
436 1697 596 1756 linguis
615 1732 626 1751 ,
651 1697 779 1742 crede
804 1706 845 1741 te
866 1695 985 1756 loqui
1011 1696 1216 1740 omnibus
1238 1694 1412 1752 linguis.

31 1773 176 1817 Unitas
205 1772 322 1815 enim
356 1770 652 1815 membrorum
690 1769 899 1813 charitate
932 1766 1169 1813 concordat
1202 1785 1210 1810 ε
1245 1775 1288 1810 et
1325 1766 1417 1825 ipsa

27 1844 170 1888 unitas
197 1842 419 1903 loquitur,
445 1841 667 1901 quomodo
699 1850 804 1884 tunc
834 1855 948 1883 unus
972 1841 1103 1883 homo
1132 1838 1412 1898 loquebatur.

87 1916 206 1959 vul.
231 1913 477 1971 Accipimus
503 1927 606 1969 ergo
628 1921 671 1954 et
693 1926 771 1954 nos
799 1910 1006 1969 Spiritum
1030 1919 1229 1954 sanctum
1244 1908 1278 1952 si
1297 1923 1416 1952 arna-

28 1999 125 2028 mus
150 1982 385 2028 Ecclesiam
401 2017 412 2036 ‚
438 1982 471 2026 si
496 1982 706 2025 charitate
729 1980 1110 2039 compaginamur,
1135 1979 1168 2023 si
1202 1978 1417 2023 catholico

28 2053 205 2097 nomine
231 2062 276 2097 et
306 2052 392 2096 fide
422 2051 678 2111 gaudemus.
709 2050 946 2096 Credamus
981 2049 1159 2104 fratres,
1196 2054 1418 2103 Quantum

28 2123 212 2183 quisque
235 2132 352 2168 amat
374 2121 612 2167 Ecclesiam
641 2121 821 2175 Christi,
846 2130 1016 2165 tantum
1053 2121 1185 2165 habet
1211 2120 1419 2180 Spiritum

29 2203 242 2239 sanctum,
272 2212 290 2234 «
318 2196 452 2237 Datus
471 2201 534 2235 est
553 2192 668 2236 enim
686 2191 890 2250 Spiritus,
912 2192 1024 2236 sicut
1045 2191 1276 2251 Apostolus
1295 2190 1416 2246 dicit,

34 2282 53 2305 n
89 2262 144 2308 ad
165 2263 560 2307 manifestationem
579 2264 605 2302 ¹:
637 2280 655 2303 »
685 2264 825 2314 Quam
843 2261 1274 2306 manifestationem?
1301 2261 1422 2306 Sicut

30 2336 120 2394 ipse
138 2334 254 2378 idem
276 2334 380 2378 dicit
406 2353 415 2378 ;
441 2334 553 2386 Quia
586 2332 655 2376 alii
686 2332 815 2376 datur
847 2349 924 2393 per
950 2334 1158 2393 Spiritum
1189 2348 1329 2377 sermo
1351 2348 1421 2376 sa-

32 2406 204 2466 pientiae
220 2440 231 2460 ‚
250 2404 319 2448 alii
336 2420 476 2449 sermo
491 2404 682 2448 scientiae
703 2404 944 2448 secundum
959 2403 1164 2449 eumdem
1183 2404 1390 2463 Spiritum
1405 2436 1417 2457 ,

33 2476 102 2521 alii
116 2475 221 2520 fides
238 2476 284 2519 in
298 2474 453 2521 eodem
476 2475 639 2536 Spiritu
652 2510 668 2530 ,
690 2473 761 2520 alii
776 2475 954 2522 donatio
971 2476 1250 2522 curationum
1269 2475 1314 2519 in
1331 2489 1421 2519 uno

85 2567 93 2583 ¹
119 2572 131 2592 ι
149 2562 222 2593 Cor.
249 2571 307 2601 xu,
327 2571 357 2602 7.
