1809 3173
344 181 427 221 324
773 195 805 220 s.
843 190 1072 219 Auons'rtm
1108 193 1285 219 EI‘ISCOPI

343 265 647 312 surrexerunt,
671 265 932 312 tenuerunt,
955 256 1010 300 ad
1027 255 1218 316 judicem
1241 255 1531 311 adduxerunt,
1552 265 1595 300 et
1611 256 1724 300 occi-

341 328 516 372 derunt.
545 327 627 373 Sed
641 328 747 388 quid
763 327 994 373 fecerunt?
1012 328 1140 380 Quod
1163 329 1222 372 ait
1243 327 1445 388 quaedam
1470 328 1687 387 Scriptura
1712 347 1720 372 :

344 416 364 440 «
401 401 529 442 Terra
563 398 722 443 tradita
753 409 816 443 est
839 399 882 442 in
905 414 1057 441 manus
1078 398 1227 457 impii¹
1253 420 1263 455 3
1291 417 1310 439 »
1338 414 1437 442 caro
1463 397 1563 442 data
1586 407 1649 442 est
1678 399 1723 441 in

340 479 597 529 potestatem
629 471 806 514 Judaeis.
833 473 890 514 Et
919 470 1001 512 hoc
1030 479 1257 528 propterea
1274 505 1284 524 ‚
1310 479 1361 514 ut
1382 469 1511 530 quasi¹
1530 469 1724 514 sacculus

339 540 715 596 conscinderetur,
737 540 855 583 unde
873 547 1069 583 nostrum
1092 539 1280 596 pretium
1300 550 1510 584 manaret.

408 614 490 655 ΙΙΙ.
532 630 550 652 «
579 615 683 655 Erat
713 620 858 654 autem
894 609 939 652 in
968 608 1164 667 proximo
1193 609 1283 654 dies
1308 609 1439 654 festus
1472 610 1725 655 Judaeorum

343 702 362 723 »
401 683 710 741 Sceiiopegia'2.
740 700 759 722 »
786 679 902 734 Quid
924 680 978 723 sit
995 682 1277 739 Scenopegia,
1306 682 1545 740 Scripturas
1566 682 1641 742 qui
1662 681 1726 725 lc-

340 763 520 810 gcrunt,
560 762 790 796 noverunt.
828 751 1064 794 Faciebant
1097 751 1167 794 die
1194 751 1303 796 festo
1326 752 1633 811 tabernacula}‚
1671 751 1725 796 ad

338 824 666 867 similitudinem
709 821 1086 866 tabernaculorum
1106 857 1116 876 ‚
1158 822 1201 865 in
1238 823 1398 882 quibus
1421 823 1726 867 habitaverant

338 910 436 939 cum
480 911 529 937 ex
556 897 749 953 AEgypto
778 893 924 936 educti
959 893 1339 951 peregrinarentur
1366 895 1408 936 in
1441 909 1602 938 eremo.
1643 897 1727 937 Iste

339 974 430 1008 erat
451 964 541 1008 dies
570 963 724 1019 festus,
750 978 905 1020 magna
929 962 1191 1006 solemnitas.
1230 962 1523 1007 Celebrabant
1547 964 1630 1007 hoc
1648 966 1672 1006 J
1678 980 1728 1007 u-

339 1035 421 1078 dzei
438 1070 448 1086 ‚
482 1034 601 1078 velut
626 1034 945 1077 reminiscentes
970 1032 1179 1076 beneficia
1208 1033 1409 1088 Domini,
1444 1034 1521 1092 qui
1545 1033 1727 1078 occisuri

339 1116 462 1150 erant
492 1106 742 1150 Dominum.
771 1107 863 1148 Hoc
886 1118 986 1162 ergo
1015 1104 1085 1147 die
1110 1103 1218 1148 festo
1237 1140 1248 1159 7
1277 1104 1406 1163 (quia
1430 1104 1573 1163 plures
1605 1114 1728 1148 erant

341 1177 431 1221 dies
455 1176 549 1219 festi
567 1197 578 1233 3
601 1177 658 1220 sic
681 1177 797 1219 enim
820 1172 1120 1233 appellabatur
1136 1173 1252 1233 apud
1270 1173 1445 1218 Judseos
1463 1175 1552 1218 dies
1574 1174 1724 1229 festus,

345 1256 392 1291 ut
413 1262 503 1290 non
521 1256 630 1290 essct
652 1245 742 1289 dies
765 1260 879 1288 unus
897 1279 907 1299 ‚
931 1243 1005 1287 sed
1024 1244 1168 1302 plures
1187 1263 1195 1288 z
1215 1243 1382 1302 )locuti
1404 1254 1506 1288 sunt
1531 1264 1551 1286 «
1577 1244 1728 1289 fratres

346 1339 365 1360 »
403 1321 492 1379 ejus
519 1337 539 1359 >›
567 1318 622 1362 ad
644 1318 868 1362 Dominum
890 1317 1129 1361 Christum.
1155 1336 1174 1357 ‹ae
1196 1320 1365 1361 Fratres
1384 1318 1472 1377 ejus
1488 1320 1520 1372 3,
1539 1336 1558 1358 »
1581 1318 1640 1362 sic
1663 1334 1729 1362 ac-

341 1391 496 1449 cipite,
531 1390 641 1433 sicut
661 1388 794 1432 nostis
817 1408 825 1432 2
852 1403 942 1431 non
972 1389 1085 1431 enim
1126 1403 1289 1431 novum
1320 1397 1382 1432 est
1404 1388 1526 1448 quod
1554 1388 1724 1432 auditis.

325 1460 662 1517 'Consanguinei
683 1459 860 1517 virginis
882 1459 1029 1502 Mariae
1048 1493 1058 1512 ,
1085 1456 1235 1502 fratres
1259 1458 1430 1501 Domini
1452 1458 1725 1502 dicebantur.

345 1534 450 1575 Erat
476 1531 588 1574 enim
620 1527 946 1573 consuetudinis
972 1527 1312 1587 Scripturarum,
1340 1528 1556 1587 appellare
1579 1527 1729 1572 fratres

344 1600 562 1661 quoslibet
599 1599 944 1658 consanguineos
981 1608 1023 1642 et
1055 1599 1321 1656 cognationis
1359 1599 1626 1658 propinquos
1642 1635 1652 1653 ,
1688 1608 1731 1642 et

346 1683 464 1717 extra
487 1688 612 1716 usum
644 1681 864 1725 nostrum,
890 1686 978 1714 non
1001 1686 1089 1731 quo
1112 1685 1231 1714 more
1254 1685 1332 1714 nos
1365 1670 1601 1728 loquimur.
1622 1673 1731 1715 Nam

346 1745 442 1804 quis
465 1746 580 1787 dicat
601 1743 752 1787 fratres
781 1740 1048 1785 avunculum
1075 1751 1117 1784 et
1148 1741 1286 1784 filium
1304 1742 1490 1785 sororis?
1514 1741 1732 1800 Scriptura

346 1825 493 1859 tamen
515 1815 644 1857 etiam
665 1812 913 1872 hujusmodi
931 1812 1208 1869 cognationes
1231 1810 1382 1854 fratres
1401 1810 1602 1871 appellat.
1624 1814 1732 1856 Nam

349 1886 570 1930 Abraham
594 1893 636 1928 et
656 1887 739 1928 Lot
774 1883 925 1926 fratres
948 1891 1049 1925 sunt
1070 1883 1175 1925 dicti
1195 1917 1206 1935 ‚
1241 1897 1339 1925 cum
1376 1891 1485 1925 esset
1514 1882 1733 1926 Abraham

351 1967 529 2015 patruus
552 1957 658 1999 Lot4
687 1974 695 1999 :
727 1964 770 1998 et
794 1954 940 1997 Laban
960 1961 1002 1996 et
1024 1955 1044 1996 J
1052 1953 1159 1996 acob
1182 1952 1333 1996 fratres
1358 1961 1458 1996 sunt
1481 1952 1584 1995 dicti
1603 1987 1613 2006 ,
1633 1966 1733 1995 cum

350 2038 458 2072 esset
487 2029 636 2071 Laban
667 2025 908 2071 avunculus
932 2025 1068 2068 Jacob
1086 2027 1116 2067 ⁵.
1143 2026 1254 2068 Cum
1277 2039 1377 2081 ergo
1400 2023 1557 2067 auditis
1585 2022 1735 2066 fratres

352 2100 551 2154 Domini,
578 2100 724 2143 Mariae
763 2097 948 2155 cogitate
970 2096 1391 2154 consanguinitatem
1410 2130 1420 2150 ,
1452 2111 1541 2138 non
1578 2095 1733 2138 iterum

354 2172 558 2230 parientis
584 2170 716 2213 ullam
754 2168 1050 2228 propaginem.
1080 2167 1199 2212 Sicut
1221 2167 1335 2210 enim
1359 2167 1403 2209 in
1436 2165 1633 2225 sepulcro
1656 2164 1734 2207 ubi

356 2244 542 2301 positum
577 2251 639 2285 est
669 2257 824 2300 corpus
848 2240 1050 2293 Domini,
1084 2255 1163 2282 1100.
1185 2247 1309 2282 antea
1334 2253 1414 2281 nec
1443 2247 1591 2296 postea
1614 2252 1732 2280 mor-

358 2325 455 2358 tuus
474 2314 610 2372 jacuit
632 2332 640 2356 :
666 2314 723 2355 sic
746 2321 893 2355 uterus
911 2311 1057 2355 Mariae
1080 2325 1159 2353 nec
1188 2319 1407 2369 antea-nec
1434 2317 1581 2367 postea
1604 2306 1733 2367 quid-

353 2400 484 2445 quam
510 2383 689 2427 mortale
712 2382 926 2441 concepit.

407 2492 412 2504 ¹
434 2484 494 2513 ,1111)
529 2496 569 2515 ax,
590 2483 641 2523 ¹24.
665 2499 703 2504 —-
728 2489 736 2498 ²
758 2484 849 2512 Joau.
879 2492 937 2521 vn,
957 2489 988 2511 2.
1006 2496 1047 2501 ·—
1063 2476 1284 2510 31111ἀ.3,-Ν
1304 2474 1412 2508 hoen.
1437 2485 1501 2516 xw,
1525 2473 1573 2516 14.
1596 2472 1664 2496 ..5
1683 2463 1729 2505 Idl.

353 2551 440 2582 xxix,
464 2540 514 2573 15.
