1825 3214
285 227 327 252 m
360 225 533 253 somnis
565 221 873 260 annaurim,
907 223 1054 250 vater.
1091 223 1214 250 xxxv.
1349 212 1426 251 391

57 311 77 335 »
113 305 192 336 nec
210 290 414 350 accipiam
432 288 689 350 saci-ilicium
710 287 764 330 de
785 287 986 330 manibus
1011 287 1160 331 vestris
1188 307 1196 332 :
1226 288 1434 347 quoniam

56 381 77 405 »
112 363 167 406 ab
190 371 289 406 ortu
311 361 410 406 solis
439 374 576 420 usque
599 358 653 403 ad
676 372 875 404 occasum
896 392 907 413 ‚
939 358 1194 402 sacrificium
1220 359 1436 404 mundum

57 451 78 475 »
113 434 297 478 offertur
319 433 482 476 nomini
505 446 601 475 mco
617 433 647 474 ¹.
676 449 696 472 »
717 432 814 475 Non
831 429 958 483 veni,
984 431 1005 473 J
1015 430 1160 485 udaee,
1188 429 1243 474 ad
1271 431 1434 475 sacrifi-

54 505 169 550 cium
193 503 409 548 mundum
435 522 445 548 ε
466 503 679 547 convinco
698 509 740 546 te
761 500 1054 545 immundum.

115 578 237 620 VIII.
255 578 365 619 Ecce
382 583 424 618 et
439 573 629 617 lucernae
652 571 882 632 perhibent
903 571 1199 616 testimonium
1218 572 1301 615 diei
1315 587 1442 633 prop-

56 656 122 691 ter
150 646 449 690 infirmitatem
476 653 664 688 nostram
682 679 693 698 ‚
713 643 815 704 quia
832 642 918 686 diei
939 642 1178 686 claritatem
1197 642 1379 687 tolerare
1399 653 1443 688 et

55 717 204 763 videre
222 732 310 761 non
333 731 576 775 possumus.
602 718 710 760 Nam
741 724 782 758 et
803 729 880 758 nos
901 714 980 773 ipsi
997 713 1229 758 Christiani
1252 715 1296 757 in
1321 729 1444 759 com-

57 790 281 848 paratione
302 787 482 846 quidem
506 785 747 829 infidelium
771 784 843 829 lux
866 786 955 845 jam
981 800 1158 842 sumus3
1189 784 1309 829 unde
1343 785 1447 830 dicit

58 856 293 918 Apostolus
318 876 327 901 :
356 876 376 898 «
395 857 553 900 Fuistis
584 857 701 899 enim
725 853 960 915 aliquando
983 856 1175 899 tenebrae
1191 891 1202 911 ‚
1225 871 1343 901 nunc
1366 872 1447 901 au-

61 947 82 970 »
119 938 207 973 tem
231 927 305 972 lux
327 927 373 971 in
412 928 597 971 Domino
613 962 623 982 ,
655 926 767 970 sicut
800 926 877 970 filii
901 926 1008 970 lucis
1041 926 1263 971 ambulate
1280 930 1297 953 ²
1321 947 1330 973 :
1358 946 1379 970 »
1405 937 1449 974 et

59 999 165 1045 alibi
185 999 295 1043 dixit
319 1017 328 1043 :
358 1017 378 1040 «
400 1001 492 1043 Nox
512 998 747 1057 praecessit,
769 998 860 1041 dies
884 1006 1027 1042 autem
1049 998 1416 1058 appropinquavit
1436 1017 1446 1044 ε

63 1090 84 1113 »
119 1071 371 1130 abjiciamus
405 1083 508 1127 ergo
540 1084 670 1128 opera
698 1069 975 1113 tenebrarum
995 1104 1006 1122 ‚
1042 1078 1085 1113 et
1117 1068 1350 1114 induamus
1372 1085 1451 1115 nos

62 1158 84 1182 »
120 1156 239 1185 arma
260 1139 391 1193 lucis,
418 1140 530 1183 sicut
546 1140 591 1183 in
614 1138 684 1183 die
707 1139 888 1183 honeste
906 1138 1181 1184 ambulemus
1197 1141 1229 1183 ³.
1251 1158 1271 1181 »
1290 1141 1453 1184 Tamen

61 1212 163 1272 qnia
184 1211 230 1255 in
247 1210 572 1270 comparatione
589 1208 705 1253 illius
724 1209 829 1254 lucis
850 1210 904 1254 ad
926 1225 1058 1270 quam
1081 1210 1255 1255 venturi
1271 1226 1421 1255 sumus
1436 1246 1449 1268 ‚

62 1281 208 1326 adhuc
225 1295 311 1325 nox
328 1288 392 1324 est
409 1280 537 1323 etiam
555 1279 645 1324 dies
664 1279 708 1323 in
737 1294 826 1340 quo
840 1295 1006 1336 sumus,
1022 1281 1123 1324 audi
1141 1284 1317 1325 Petrum
1335 1296 1454 1342 apos-

63 1352 203 1398 tolum
224 1370 233 1396 ε
261 1350 450 1395 delatam
472 1350 578 1395 dicit
613 1350 797 1395 Domino
829 1351 1001 1396 Christo
1022 1367 1173 1396 vocem
1204 1352 1260 1396 de
1281 1353 1454 1412 magni—

63 1425 144 1469 fica
167 1423 405 1483 potestate⁴
422 1457 433 1476 ,
452 1441 472 1463 «
491 1424 557 1465 Tu
578 1437 622 1466 es
641 1422 775 1466 Filius
795 1437 917 1466 meus
939 1421 1139 1477 dilectus,
1160 1423 1205 1466 in
1227 1440 1316 1484 quo
1342 1424 1454 1468 bene

66 1513 89 1537 2)
124 1493 236 1538 sensi
253 1496 283 1537 ⁵.
309 1495 432 1537 Hanc
448 1506 617 1543 vocem,
632 1493 798 1553 inquit,
814 1508 892 1537 nos
914 1492 968 1537 de
983 1492 1097 1538 coelo
1112 1493 1357 1539 audivimus
1379 1493 1454 1540 de-

67 1582 89 1607 »
123 1564 256 1608 latam
273 1598 285 1619 ‚
320 1578 421 1608 cum
456 1577 643 1607 essemus
674 1578 773 1607 cum
797 1562 872 1607 illo
896 1563 939 1606 in
962 1574 1112 1608 monte
1134 1573 1298 1609 sancto.
1318 1584 1338 1606 »
1370 1563 1456 1611 Sed

65 1635 170 1695 quia
189 1649 268 1679 nos
290 1649 380 1678 non
402 1633 464 1677 ibi
487 1633 650 1677 fuimus
668 1668 678 1687 ‚
716 1643 760 1677 et
783 1633 910 1677 istam
946 1649 1097 1679 vocem
1128 1633 1183 1679 de
1213 1636 1327 1681 coelo
1349 1646 1455 1682 tunc

65 1721 157 1751 non
186 1705 430 1750 audivimus
457 1723 466 1748 ε
499 1704 556 1747 ait
592 1703 648 1747 ad
677 1719 756 1748 nos
789 1705 879 1763 ipse
913 1707 1091 1760 Petrus,
1120 1725 1140 1748 «
1165 1709 1221 1750 Et
1243 1707 1456 1752 habemus

69 1793 90 1818 n
125 1775 353 1821 certiorem
383 1774 689 1834 propheticum
715 1789 973 1819 sermonem.
999 1794 1018 1817 »
1043 1777 1141 1821 Non
1164 1776 1342 1822 audistis
1376 1793 1456 1823 vo-

66 1863 161 1893 cem
183 1846 238 1891 de
256 1847 371 1892 coelo
388 1845 576 1890 delatam
591 1879 602 1900 ‚
618 1845 694 1889 sed
715 1846 942 1890 certiorem
960 1847 1129 1892 habetis
1147 1849 1455 1908 propheticum

66 1931 326 1962 sermonem.
360 1916 605 1960 Praevidens
633 1916 748 1959 enim
780 1916 988 1960 Dominus
1010 1919 1131 1962 Jesus
1153 1920 1349 1964 Christus
1370 1920 1456 1964 im-

68 1989 162 2048 pios
181 1985 395 2048 quosdam
412 1984 598 2040 futuros,
617 1986 695 2046 qui
716 1986 934 2030 miraculis
952 1988 1042 2047 ejus
1064 1987 1452 2048 calumniarentur,

69 2058 243 2115 magicis
280 2056 446 2100 artibus
480 2071 530 2099 ea
558 2056 820 2110 tribuendo,
848 2058 1084 2116 Prophetas
1106 2068 1206 2103 ante
1228 2061 1451 2119 praemisit.

69 2127 297 2188 Numquid
319 2127 435 2170 enim
456 2161 466 2176 ,
492 2127 526 2170 si
553 2142 706 2186 magus
729 2137 820 2172 erat
839 2138 882 2172 et
903 2129 1079 2187 magicis
1099 2130 1264 2175 artibus
1285 2130 1389 2177 fecit
1408 2141 1459 2178 ut

71 2198 287 2244 coleretur
309 2206 353 2241 et
371 2205 570 2241 mortuus
587 2232 598 2252 ,
623 2212 775 2256 magus
797 2207 889 2242 erat
910 2207 1142 2260 antequam
1167 2204 1324 2246 natus?
1347 2205 1456 2249 Pro-

72 2270 224 2329 phetas
252 2266 381 2322 audi,
417 2283 444 2312 o
476 2267 608 2312 homo
636 2276 834 2323 mortue,
871 2278 914 2313 et
943 2273 1251 2316 vermescendo
1289 2273 1457 2318 calum-

73 2340 214 2394 niose,
247 2338 483 2397 Prophetas
514 2337 617 2381 audi
643 2355 652 2382 z
687 2336 812 2396 lego,
851 2338 954 2383 audi
982 2340 1058 2400 qui
1090 2349 1190 2385 ante
1219 2344 1456 2387 Dominum

73 2417 302 2455 venerunt.
333 2427 353 2450 «
371 2409 615 2463 Habemus,
632 2408 776 2468 inquit
793 2409 1012 2468 apostolus
1037 2413 1203 2468 Petrus,
1229 2414 1457 2458 certiorem

137 2511 147 2528 ¹
171 2503 314 2536 Malach.
331 2514 356 2544 1,
378 2513 429 2544 10,
449 2514 500 2536 11.
519 2520 562 2526 —
577 2509 589 2526 ²
610 2502 726 2546 Ephes.
745 2514 781 2546 v,
799 2503 835 2536 8.
855 2521 897 2530 -
921 2503 935 2529 ³
954 2507 1045 2539 Rom.
1066 2517 1145 2549 xm,
1166 2517 1217 2541 12.
1244 2525 1284 2532 —
1304 2507 1321 2539 4
1340 2511 1458 2545 2Petr.

76 2572 103 2603 ι,
124 2570 175 2603 17.
191 2576 234 2584 —
251 2557 267 2583 5
281 2557 401 2594 Matth.
419 2569 498 2601 xvu,
513 2557 544 2591 5.
