<?xml version="1.0" encoding="UTF-8"?>
<!DOCTYPE html PUBLIC "-//W3C//DTD XHTML 1.0 Transitional//EN"
    "http://www.w3.org/TR/xhtml1/DTD/xhtml1-transitional.dtd">
<html xmlns="http://www.w3.org/1999/xhtml" xml:lang="en" lang="en">
 <head>
  <title>
</title>
<meta http-equiv="Content-Type" content="text/html;charset=utf-8" />
  <meta name='ocr-system' content='tesseract 3.04.00' />
  <meta name='ocr-capabilities' content='ocr_page ocr_carea ocr_par ocr_line ocrx_word'/>
</head>
<body>
  <div class='ocr_page' id='page_1' title='image "./operaomniaaccura15auguuoft_0127.png"; bbox 0 0 1825 3214; ppageno 0'>
   <div class='ocr_carea' id='block_1_1' title="bbox 307 241 1449 281">
    <p class='ocr_par' dir='ltr' id='par_1_1' title="bbox 307 241 1449 281">
     <span class='ocr_line' id='line_1_1' title="bbox 307 241 1449 281; baseline 0.01 -13"><span class='ocrx_word' id='word_1_1' title='bbox 307 245 347 269; x_wconf 68' lang='grc' dir='ltr'>ιΝ</span> <span class='ocrx_word' id='word_1_2' title='bbox 384 241 560 272; x_wconf 75' lang='lat' dir='ltr'>JOANNIS</span> <span class='ocrx_word' id='word_1_3' title='bbox 593 243 871 272; x_wconf 67' lang='grc' dir='ltr'>ΕνΑιωιεωυΜ</span> <span class='ocrx_word' id='word_1_4' title='bbox 894 263 903 281; x_wconf 94' lang='grc'>,</span> <span class='ocrx_word' id='word_1_5' title='bbox 939 246 1084 274; x_wconf 67' lang='lat' dir='ltr'>TtiAe&#39;l&#39;.</span> <span class='ocrx_word' id='word_1_6' title='bbox 1123 250 1211 275; x_wconf 77' lang='lat' dir='ltr'>xiv.</span> <span class='ocrx_word' id='word_1_7' title='bbox 1370 243 1449 279; x_wconf 81' lang='lat'>115</span> 
     </span>
    </p>
   </div>
   <div class='ocr_carea' id='block_1_2' title="bbox 32 306 1451 2584">
    <p class='ocr_par' dir='ltr' id='par_1_2' title="bbox 64 306 1451 708">
     <span class='ocr_line' id='line_1_2' title="bbox 70 306 1449 373; baseline 0.008 -23"><span class='ocrx_word' id='word_1_8' title='bbox 70 306 201 351; x_wconf 79' lang='lat' dir='ltr'>Aliud</span> <span class='ocrx_word' id='word_1_9' title='bbox 223 316 287 352; x_wconf 87' lang='lat' dir='ltr'>est</span> <span class='ocrx_word' id='word_1_10' title='bbox 306 308 423 352; x_wconf 92' lang='lat' dir='ltr'>enim</span> <span class='ocrx_word' id='word_1_11' title='bbox 441 308 590 354; x_wconf 87' lang='lat' dir='ltr'>lumen</span> <span class='ocrx_word' id='word_1_12' title='bbox 607 310 729 370; x_wconf 85' lang='lat' dir='ltr'>quod</span> <span class='ocrx_word' id='word_1_13' title='bbox 752 309 985 366; x_wconf 84' lang='lat' dir='ltr'>illuminat,</span> <span class='ocrx_word' id='word_1_14' title='bbox 1010 321 1053 356; x_wconf 83' lang='lat' dir='ltr'>et</span> <span class='ocrx_word' id='word_1_15' title='bbox 1073 313 1191 357; x_wconf 80' lang='lat' dir='ltr'>aliud</span> <span class='ocrx_word' id='word_1_16' title='bbox 1208 314 1329 373; x_wconf 81' lang='lat' dir='ltr'>quod</span> <span class='ocrx_word' id='word_1_17' title='bbox 1350 316 1449 361; x_wconf 90' lang='lat' dir='ltr'>illu-</span> 
     </span>
     <span class='ocr_line' id='line_1_3' title="bbox 68 377 1451 433; baseline 0.01 -13"><span class='ocrx_word' id='word_1_18' title='bbox 68 377 259 422; x_wconf 86' lang='lat' dir='ltr'>minatur</span> <span class='ocrx_word' id='word_1_19' title='bbox 284 397 293 424; x_wconf 81' lang='lat'><em>2</em></span> <span class='ocrx_word' id='word_1_20' title='bbox 317 395 417 423; x_wconf 83' lang='lat' dir='ltr'>nam</span> <span class='ocrx_word' id='word_1_21' title='bbox 440 389 483 425; x_wconf 89' lang='lat' dir='ltr'>et</span> <span class='ocrx_word' id='word_1_22' title='bbox 502 380 618 426; x_wconf 88' lang='lat' dir='ltr'>oculi</span> <span class='ocrx_word' id='word_1_23' title='bbox 637 381 771 426; x_wconf 80' lang='lat' dir='ltr'>nostri</span> <span class='ocrx_word' id='word_1_24' title='bbox 788 381 953 427; x_wconf 85' lang='lat' dir='ltr'>lumina</span> <span class='ocrx_word' id='word_1_25' title='bbox 975 381 1183 429; x_wconf 84' lang='lat' dir='ltr'>dicuntur</span> <span class='ocrx_word' id='word_1_26' title='bbox 1205 403 1214 429; x_wconf 79' lang='lat' dir='ltr'><strong><em>z</em></strong></span> <span class='ocrx_word' id='word_1_27' title='bbox 1240 395 1284 430; x_wconf 91' lang='lat' dir='ltr'>et</span> <span class='ocrx_word' id='word_1_28' title='bbox 1309 396 1451 433; x_wconf 84' lang='lat' dir='ltr'>tamen</span> 
     </span>
     <span class='ocr_line' id='line_1_4' title="bbox 68 447 1449 508; baseline 0.009 -18"><span class='ocrx_word' id='word_1_29' title='bbox 68 447 111 491; x_wconf 87' lang='lat' dir='ltr'>in</span> <span class='ocrx_word' id='word_1_30' title='bbox 134 449 322 494; x_wconf 79' lang='lat' dir='ltr'>tenebris</span> <span class='ocrx_word' id='word_1_31' title='bbox 352 458 531 508; x_wconf 82' lang='lat' dir='ltr'>patent,</span> <span class='ocrx_word' id='word_1_32' title='bbox 556 460 601 496; x_wconf 89' lang='lat' dir='ltr'>et</span> <span class='ocrx_word' id='word_1_33' title='bbox 618 467 707 497; x_wconf 90' lang='lat' dir='ltr'>non</span> <span class='ocrx_word' id='word_1_34' title='bbox 739 450 903 497; x_wconf 87' lang='lat' dir='ltr'>vident.</span> <span class='ocrx_word' id='word_1_35' title='bbox 930 455 1101 498; x_wconf 84' lang='lat' dir='ltr'>Lumen</span> <span class='ocrx_word' id='word_1_36' title='bbox 1117 463 1264 499; x_wconf 91' lang='lat' dir='ltr'>autem</span> <span class='ocrx_word' id='word_1_37' title='bbox 1286 456 1449 503; x_wconf 89' lang='lat' dir='ltr'>illumi-</span> 
     </span>
     <span class='ocr_line' id='line_1_5' title="bbox 65 520 1449 581; baseline 0.007 -18"><span class='ocrx_word' id='word_1_38' title='bbox 65 533 173 564; x_wconf 90' lang='lat' dir='ltr'>nans</span> <span class='ocrx_word' id='word_1_39' title='bbox 191 535 214 564; x_wconf 93' lang='lat' dir='ltr'>a</span> <span class='ocrx_word' id='word_1_40' title='bbox 235 535 280 564; x_wconf 93' lang='lat' dir='ltr'>se</span> <span class='ocrx_word' id='word_1_41' title='bbox 297 520 389 580; x_wconf 88' lang='lat' dir='ltr'>ipso</span> <span class='ocrx_word' id='word_1_42' title='bbox 414 520 564 568; x_wconf 90' lang='lat' dir='ltr'>lumen</span> <span class='ocrx_word' id='word_1_43' title='bbox 588 532 676 579; x_wconf 90' lang='lat' dir='ltr'>est,</span> <span class='ocrx_word' id='word_1_44' title='bbox 701 532 746 568; x_wconf 89' lang='lat' dir='ltr'>et</span> <span class='ocrx_word' id='word_1_45' title='bbox 765 523 848 568; x_wconf 88' lang='lat' dir='ltr'>sibi</span> <span class='ocrx_word' id='word_1_46' title='bbox 867 522 1019 570; x_wconf 89' lang='lat' dir='ltr'>lumen</span> <span class='ocrx_word' id='word_1_47' title='bbox 1040 534 1131 581; x_wconf 91' lang='lat' dir='ltr'>est,</span> <span class='ocrx_word' id='word_1_48' title='bbox 1159 535 1203 571; x_wconf 88' lang='lat' dir='ltr'>et</span> <span class='ocrx_word' id='word_1_49' title='bbox 1223 542 1313 572; x_wconf 87' lang='lat' dir='ltr'>non</span> <span class='ocrx_word' id='word_1_50' title='bbox 1334 528 1449 574; x_wconf 88' lang='lat' dir='ltr'>indi-</span> 
     </span>
     <span class='ocr_line' id='line_1_6' title="bbox 65 591 1447 658; baseline 0.007 -23"><span class='ocrx_word' id='word_1_51' title='bbox 65 600 136 648; x_wconf 85' lang='lat' dir='ltr'>get</span> <span class='ocrx_word' id='word_1_52' title='bbox 152 591 236 637; x_wconf 87' lang='lat' dir='ltr'>alio</span> <span class='ocrx_word' id='word_1_53' title='bbox 253 591 419 638; x_wconf 90' lang='lat' dir='ltr'>lumine</span> <span class='ocrx_word' id='word_1_54' title='bbox 438 603 487 640; x_wconf 89' lang='lat' dir='ltr'>ut</span> <span class='ocrx_word' id='word_1_55' title='bbox 507 593 653 640; x_wconf 90' lang='lat' dir='ltr'>lucere</span> <span class='ocrx_word' id='word_1_56' title='bbox 674 596 837 655; x_wconf 89' lang='lat' dir='ltr'>possit,</span> <span class='ocrx_word' id='word_1_57' title='bbox 861 596 937 642; x_wconf 90' lang='lat' dir='ltr'>sed</span> <span class='ocrx_word' id='word_1_58' title='bbox 958 597 1053 656; x_wconf 90' lang='lat' dir='ltr'>ipso</span> <span class='ocrx_word' id='word_1_59' title='bbox 1075 597 1276 658; x_wconf 83' lang='lat' dir='ltr'>indigent</span> <span class='ocrx_word' id='word_1_60' title='bbox 1295 609 1447 647; x_wconf 82' lang='lat' dir='ltr'>caetera</span> 
     </span>
     <span class='ocr_line' id='line_1_7' title="bbox 64 660 314 708; baseline 0.008 -2"><span class='ocrx_word' id='word_1_61' title='bbox 64 673 109 706; x_wconf 80' lang='lat' dir='ltr'>ut</span> <span class='ocrx_word' id='word_1_62' title='bbox 124 660 314 708; x_wconf 89' lang='lat' dir='ltr'>luceant.</span> 
     </span>
    </p>

    <p class='ocr_par' dir='ltr' id='par_1_3' title="bbox 32 734 1451 2584">
     <span class='ocr_line' id='line_1_8' title="bbox 122 734 1451 803; baseline 0.009 -26"><span class='ocrx_word' id='word_1_63' title='bbox 122 735 180 777; x_wconf 90' lang='grc' dir='ltr'>ΙΙ.</span> <span class='ocrx_word' id='word_1_64' title='bbox 206 734 439 781; x_wconf 82' lang='lat' dir='ltr'><strong>Confessus</strong></span> <span class='ocrx_word' id='word_1_65' title='bbox 456 745 520 782; x_wconf 93' lang='lat' dir='ltr'>est</span> <span class='ocrx_word' id='word_1_66' title='bbox 537 752 640 797; x_wconf 87' lang='lat' dir='ltr'><strong>ergo</strong></span> <span class='ocrx_word' id='word_1_67' title='bbox 657 740 862 795; x_wconf 85' lang='lat' dir='ltr'><strong>Joannes,</strong></span> <span class='ocrx_word' id='word_1_68' title='bbox 877 738 989 786; x_wconf 91' lang='lat' dir='ltr'>sicut</span> <span class='ocrx_word' id='word_1_69' title='bbox 1013 739 1208 797; x_wconf 83' lang='lat' dir='ltr'>audistis,</span> <span class='ocrx_word' id='word_1_70' title='bbox 1234 742 1337 803; x_wconf 88' lang='lat' dir='ltr'>quia</span> <span class='ocrx_word' id='word_1_71' title='bbox 1349 758 1451 789; x_wconf 89' lang='lat' dir='ltr'>eum</span> 
     </span>
     <span class='ocr_line' id='line_1_9' title="bbox 60 801 1444 871; baseline 0.009 -24"><span class='ocrx_word' id='word_1_72' title='bbox 60 801 293 864; x_wconf 91' lang='lat' dir='ltr'>discipulos</span> <span class='ocrx_word' id='word_1_73' title='bbox 324 806 486 852; x_wconf 91' lang='lat' dir='ltr'>multos</span> <span class='ocrx_word' id='word_1_74' title='bbox 518 808 680 854; x_wconf 86' lang='lat' dir='ltr'>faceret</span> <span class='ocrx_word' id='word_1_75' title='bbox 706 812 852 866; x_wconf 79' lang='lat' dir='ltr'>JeSUS,</span> <span class='ocrx_word' id='word_1_76' title='bbox 891 820 935 856; x_wconf 93' lang='lat' dir='ltr'>et</span> <span class='ocrx_word' id='word_1_77' title='bbox 972 811 1239 871; x_wconf 84' lang='lat' dir='ltr'>perferretur</span> <span class='ocrx_word' id='word_1_78' title='bbox 1260 814 1318 859; x_wconf 89' lang='lat' dir='ltr'>ad</span> <span class='ocrx_word' id='word_1_79' title='bbox 1345 830 1444 861; x_wconf 89' lang='lat' dir='ltr'>eum</span> 
     </span>
     <span class='ocr_line' id='line_1_10' title="bbox 59 873 1444 943; baseline 0.01 -26"><span class='ocrx_word' id='word_1_80' title='bbox 59 873 194 918; x_wconf 88' lang='lat' dir='ltr'>veluti</span> <span class='ocrx_word' id='word_1_81' title='bbox 220 886 270 920; x_wconf 94' lang='lat' dir='ltr'>ut</span> <span class='ocrx_word' id='word_1_82' title='bbox 305 877 613 936; x_wconf 76' lang='lat' dir='ltr'>instigaretur3</span> <span class='ocrx_word' id='word_1_83' title='bbox 643 881 767 940; x_wconf 87' lang='lat' dir='ltr'><strong>quasi</strong></span> <span class='ocrx_word' id='word_1_84' title='bbox 802 881 953 927; x_wconf 89' lang='lat' dir='ltr'>invido</span> <span class='ocrx_word' id='word_1_85' title='bbox 975 882 1094 927; x_wconf 89' lang='lat' dir='ltr'>enim</span> <span class='ocrx_word' id='word_1_86' title='bbox 1126 895 1414 931; x_wconf 88' lang='lat' dir='ltr'>narraverunt</span> <span class='ocrx_word' id='word_1_87' title='bbox 1433 921 1444 943; x_wconf 95' lang='lat'><strong>‚</strong></span> 
     </span>
     <span class='ocr_line' id='line_1_11' title="bbox 58 944 1448 1012; baseline 0.011 -25"><span class='ocrx_word' id='word_1_88' title='bbox 58 945 171 989; x_wconf 89' lang='lat' dir='ltr'>Ecce</span> <span class='ocrx_word' id='word_1_89' title='bbox 202 944 276 990; x_wconf 86' lang='lat' dir='ltr'>ille</span> <span class='ocrx_word' id='word_1_90' title='bbox 305 946 408 992; x_wconf 87' lang='lat' dir='ltr'>facit</span> <span class='ocrx_word' id='word_1_91' title='bbox 442 947 587 1008; x_wconf 91' lang='lat' dir='ltr'>plures</span> <span class='ocrx_word' id='word_1_92' title='bbox 608 949 845 1010; x_wconf 90' lang='lat' dir='ltr'>discipulos</span> <span class='ocrx_word' id='word_1_93' title='bbox 866 967 997 1012; x_wconf 82' lang='lat' dir='ltr'>quam</span> <span class='ocrx_word' id='word_1_94' title='bbox 1035 962 1111 1012; x_wconf 80' lang='lat' dir='ltr'>tu3</span> <span class='ocrx_word' id='word_1_95' title='bbox 1135 953 1207 999; x_wconf 90' lang='lat' dir='ltr'>ille</span> <span class='ocrx_word' id='word_1_96' title='bbox 1228 954 1448 1002; x_wconf 83' lang='lat' dir='ltr'><strong>confessus</strong></span> 
     </span>
     <span class='ocr_line' id='line_1_12' title="bbox 57 1016 1448 1088; baseline 0.01 -29"><span class='ocrx_word' id='word_1_97' title='bbox 57 1023 119 1059; x_wconf 90' lang='lat' dir='ltr'>est</span> <span class='ocrx_word' id='word_1_98' title='bbox 149 1016 258 1076; x_wconf 90' lang='lat' dir='ltr'>quid</span> <span class='ocrx_word' id='word_1_99' title='bbox 285 1028 417 1075; x_wconf 90' lang='lat' dir='ltr'>esset,</span> <span class='ocrx_word' id='word_1_100' title='bbox 443 1028 487 1064; x_wconf 91' lang='lat' dir='ltr'>et</span> <span class='ocrx_word' id='word_1_101' title='bbox 516 1020 620 1065; x_wconf 90' lang='lat' dir='ltr'>inde</span> <span class='ocrx_word' id='word_1_102' title='bbox 651 1023 811 1067; x_wconf 84' lang='lat' dir='ltr'>meruit</span> <span class='ocrx_word' id='word_1_103' title='bbox 835 1022 890 1067; x_wconf 88' lang='lat' dir='ltr'>ad</span> <span class='ocrx_word' id='word_1_104' title='bbox 910 1024 1052 1083; x_wconf 88' lang='lat' dir='ltr'>ipsum</span> <span class='ocrx_word' id='word_1_105' title='bbox 1075 1025 1315 1084; x_wconf 89' lang='lat' dir='ltr'>pertinere,</span> <span class='ocrx_word' id='word_1_106' title='bbox 1344 1029 1448 1088; x_wconf 90' lang='lat' dir='ltr'>quia</span> 
     </span>
     <span class='ocr_line' id='line_1_13' title="bbox 55 1090 1448 1155; baseline 0.01 -24"><span class='ocrx_word' id='word_1_107' title='bbox 55 1101 146 1131; x_wconf 89' lang='lat' dir='ltr'>non</span> <span class='ocrx_word' id='word_1_108' title='bbox 167 1097 230 1133; x_wconf 87' lang='lat' dir='ltr'>est</span> <span class='ocrx_word' id='word_1_109' title='bbox 246 1104 374 1135; x_wconf 88' lang='lat' dir='ltr'>ausus</span> <span class='ocrx_word' id='word_1_110' title='bbox 397 1106 442 1135; x_wconf 92' lang='lat' dir='ltr'>se</span> <span class='ocrx_word' id='word_1_111' title='bbox 462 1090 606 1137; x_wconf 87' lang='lat' dir='ltr'>dicere</span> <span class='ocrx_word' id='word_1_112' title='bbox 627 1092 746 1153; x_wconf 90' lang='lat' dir='ltr'>quod</span> <span class='ocrx_word' id='word_1_113' title='bbox 769 1103 832 1138; x_wconf 89' lang='lat' dir='ltr'>est</span> <span class='ocrx_word' id='word_1_114' title='bbox 853 1094 942 1139; x_wconf 89' lang='lat' dir='ltr'>ille.</span> <span class='ocrx_word' id='word_1_115' title='bbox 956 1099 1048 1141; x_wconf 90' lang='lat' dir='ltr'>Hoc</span> <span class='ocrx_word' id='word_1_116' title='bbox 1063 1111 1166 1155; x_wconf 85' lang='lat' dir='ltr'><strong>ergo</strong></span> <span class='ocrx_word' id='word_1_117' title='bbox 1188 1098 1297 1143; x_wconf 84' lang='lat' dir='ltr'>dixit</span> <span class='ocrx_word' id='word_1_118' title='bbox 1318 1102 1448 1145; x_wconf 82' lang='lat' dir='ltr'><strong>Joan-</strong></span> 
     </span>
     <span class='ocr_line' id='line_1_14' title="bbox 56 1163 1445 1227; baseline 0.011 -26"><span class='ocrx_word' id='word_1_119' title='bbox 56 1172 131 1202; x_wconf 91' lang='lat' dir='ltr'>nes</span> <span class='ocrx_word' id='word_1_120' title='bbox 151 1177 159 1203; x_wconf 89' lang='lat'>:</span> <span class='ocrx_word' id='word_1_121' title='bbox 184 1178 202 1200; x_wconf 85' lang='lat'>«</span> <span class='ocrx_word' id='word_1_122' title='bbox 228 1163 326 1205; x_wconf 92' lang='lat' dir='ltr'>Non</span> <span class='ocrx_word' id='word_1_123' title='bbox 348 1171 489 1221; x_wconf 87' lang='lat' dir='ltr'>potest</span> <span class='ocrx_word' id='word_1_124' title='bbox 516 1164 648 1210; x_wconf 90' lang='lat' dir='ltr'>homo</span> <span class='ocrx_word' id='word_1_125' title='bbox 678 1165 873 1224; x_wconf 86' lang='lat' dir='ltr'>accipere</span> <span class='ocrx_word' id='word_1_126' title='bbox 889 1166 1134 1227; x_wconf 86' lang='lat' dir='ltr'>quidquam</span> <span class='ocrx_word' id='word_1_127' title='bbox 1150 1203 1161 1223; x_wconf 91' lang='lat'>‚</span> <span class='ocrx_word' id='word_1_128' title='bbox 1188 1169 1270 1213; x_wconf 90' lang='lat' dir='ltr'>nisi</span> <span class='ocrx_word' id='word_1_129' title='bbox 1292 1170 1445 1216; x_wconf 84' lang='lat' dir='ltr'>(latum</span> 
     </span>
     <span class='ocr_line' id='line_1_15' title="bbox 58 1229 1440 1303; baseline 0.012 -32"><span class='ocrx_word' id='word_1_130' title='bbox 58 1247 78 1270; x_wconf 88' lang='lat'>»</span> <span class='ocrx_word' id='word_1_131' title='bbox 112 1229 175 1276; x_wconf 89' lang='lat' dir='ltr'>illi</span> <span class='ocrx_word' id='word_1_132' title='bbox 196 1230 330 1277; x_wconf 84' lang='lat' dir='ltr'>suerit</span> <span class='ocrx_word' id='word_1_133' title='bbox 345 1232 401 1278; x_wconf 92' lang='lat' dir='ltr'>de</span> <span class='ocrx_word' id='word_1_134' title='bbox 418 1234 531 1280; x_wconf 86' lang='lat' dir='ltr'><strong>coelo</strong></span> <span class='ocrx_word' id='word_1_135' title='bbox 547 1237 576 1280; x_wconf 92' lang='lat'>¹.</span> <span class='ocrx_word' id='word_1_136' title='bbox 592 1254 612 1278; x_wconf 92' lang='lat'>»</span> <span class='ocrx_word' id='word_1_137' title='bbox 631 1238 749 1296; x_wconf 87' lang='lat' dir='ltr'><strong>Ergo</strong></span> <span class='ocrx_word' id='word_1_138' title='bbox 770 1238 968 1283; x_wconf 90' lang='lat' dir='ltr'>Christus</span> <span class='ocrx_word' id='word_1_139' title='bbox 990 1238 1081 1295; x_wconf 88' lang='lat' dir='ltr'>dat,</span> <span class='ocrx_word' id='word_1_140' title='bbox 1111 1241 1243 1286; x_wconf 91' lang='lat' dir='ltr'>homo</span> <span class='ocrx_word' id='word_1_141' title='bbox 1266 1243 1440 1303; x_wconf 86' lang='lat' dir='ltr'>accipit.</span> 
     </span>
     <span class='ocr_line' id='line_1_16' title="bbox 56 1302 1445 1374; baseline 0.012 -31"><span class='ocrx_word' id='word_1_142' title='bbox 56 1318 77 1342; x_wconf 89' lang='lat'>«</span> <span class='ocrx_word' id='word_1_143' title='bbox 112 1302 200 1362; x_wconf 92' lang='lat' dir='ltr'>Ipsi</span> <span class='ocrx_word' id='word_1_144' title='bbox 214 1318 290 1347; x_wconf 90' lang='lat' dir='ltr'>vos</span> <span class='ocrx_word' id='word_1_145' title='bbox 306 1305 412 1349; x_wconf 90' lang='lat' dir='ltr'>mihi</span> <span class='ocrx_word' id='word_1_146' title='bbox 430 1307 727 1353; x_wconf 86' lang='lat' dir='ltr'>testimonium</span> <span class='ocrx_word' id='word_1_147' title='bbox 745 1309 981 1369; x_wconf 88' lang='lat' dir='ltr'>perhibetis</span> <span class='ocrx_word' id='word_1_148' title='bbox 998 1310 1119 1371; x_wconf 91' lang='lat' dir='ltr'>quod</span> <span class='ocrx_word' id='word_1_149' title='bbox 1137 1311 1335 1370; x_wconf 85' lang='lat' dir='ltr'>dixerim,</span> <span class='ocrx_word' id='word_1_150' title='bbox 1351 1317 1445 1374; x_wconf 88' lang='lat' dir='ltr'>Ego</span> 
     </span>
     <span class='ocr_line' id='line_1_17' title="bbox 54 1377 1443 1441; baseline 0.013 -27"><span class='ocrx_word' id='word_1_151' title='bbox 54 1390 74 1414; x_wconf 73' lang='grc' dir='ltr'>ι)</span> <span class='ocrx_word' id='word_1_152' title='bbox 110 1388 200 1417; x_wconf 89' lang='lat' dir='ltr'>non</span> <span class='ocrx_word' id='word_1_153' title='bbox 216 1390 313 1419; x_wconf 89' lang='lat' dir='ltr'>sum</span> <span class='ocrx_word' id='word_1_154' title='bbox 334 1377 532 1424; x_wconf 90' lang='lat' dir='ltr'>Christus</span> <span class='ocrx_word' id='word_1_155' title='bbox 549 1415 560 1435; x_wconf 81' lang='lat'>‚</span> <span class='ocrx_word' id='word_1_156' title='bbox 581 1380 657 1424; x_wconf 94' lang='lat' dir='ltr'>sed</span> <span class='ocrx_word' id='word_1_157' title='bbox 678 1381 780 1440; x_wconf 88' lang='lat' dir='ltr'>quia</span> <span class='ocrx_word' id='word_1_158' title='bbox 802 1381 953 1426; x_wconf 90' lang='lat' dir='ltr'>missus</span> <span class='ocrx_word' id='word_1_159' title='bbox 970 1397 1066 1427; x_wconf 90' lang='lat' dir='ltr'>sum</span> <span class='ocrx_word' id='word_1_160' title='bbox 1089 1393 1190 1429; x_wconf 88' lang='lat' dir='ltr'>ante</span> <span class='ocrx_word' id='word_1_161' title='bbox 1206 1384 1347 1431; x_wconf 91' lang='lat' dir='ltr'>illum.</span> <span class='ocrx_word' id='word_1_162' title='bbox 1361 1388 1443 1441; x_wconf 88' lang='lat' dir='ltr'>Qui</span> 
     </span>
     <span class='ocr_line' id='line_1_18' title="bbox 52 1442 1441 1517; baseline 0.013 -32"><span class='ocrx_word' id='word_1_163' title='bbox 52 1458 72 1484; x_wconf 81' lang='lat'>»</span> <span class='ocrx_word' id='word_1_164' title='bbox 108 1442 242 1489; x_wconf 88' lang='lat' dir='ltr'>habet</span> <span class='ocrx_word' id='word_1_165' title='bbox 277 1461 477 1506; x_wconf 82' lang='lat' dir='ltr'><strong>sponsam</strong></span> <span class='ocrx_word' id='word_1_166' title='bbox 496 1484 507 1505; x_wconf 89' lang='lat'>‚</span> <span class='ocrx_word' id='word_1_167' title='bbox 550 1465 733 1510; x_wconf 89' lang='lat' dir='ltr'><strong>sponsus</strong></span> <span class='ocrx_word' id='word_1_168' title='bbox 765 1461 828 1496; x_wconf 87' lang='lat' dir='ltr'>est</span> <span class='ocrx_word' id='word_1_169' title='bbox 855 1471 864 1497; x_wconf 91' lang='lat'>:</span> <span class='ocrx_word' id='word_1_170' title='bbox 902 1453 1065 1499; x_wconf 89' lang='lat' dir='ltr'>amicus</span> <span class='ocrx_word' id='word_1_171' title='bbox 1111 1464 1257 1501; x_wconf 88' lang='lat' dir='ltr'>autem</span> <span class='ocrx_word' id='word_1_172' title='bbox 1294 1460 1441 1517; x_wconf 91' lang='lat' dir='ltr'><strong>sponsi</strong></span> 
     </span>
     <span class='ocr_line' id='line_1_19' title="bbox 51 1516 1436 1586; baseline 0.013 -30"><span class='ocrx_word' id='word_1_173' title='bbox 51 1530 73 1555; x_wconf 90' lang='lat'>»</span> <span class='ocrx_word' id='word_1_174' title='bbox 106 1516 184 1574; x_wconf 91' lang='lat' dir='ltr'>qui</span> <span class='ocrx_word' id='word_1_175' title='bbox 205 1525 290 1561; x_wconf 90' lang='lat' dir='ltr'>stat</span> <span class='ocrx_word' id='word_1_176' title='bbox 321 1528 365 1563; x_wconf 93' lang='lat' dir='ltr'>et</span> <span class='ocrx_word' id='word_1_177' title='bbox 385 1519 508 1565; x_wconf 87' lang='lat' dir='ltr'>audit</span> <span class='ocrx_word' id='word_1_178' title='bbox 537 1537 661 1577; x_wconf 86' lang='lat' dir='ltr'>eum,</span> <span class='ocrx_word' id='word_1_179' title='bbox 691 1522 851 1582; x_wconf 88' lang='lat' dir='ltr'>gaudio</span> <span class='ocrx_word' id='word_1_180' title='bbox 878 1524 1041 1583; x_wconf 85' lang='lat' dir='ltr'>gaudet</span> <span class='ocrx_word' id='word_1_181' title='bbox 1072 1537 1250 1586; x_wconf 90' lang='lat' dir='ltr'><strong>propter</strong></span> <span class='ocrx_word' id='word_1_182' title='bbox 1284 1544 1436 1574; x_wconf 90' lang='lat' dir='ltr'>vocem</span> 
     </span>
     <span class='ocr_line' id='line_1_20' title="bbox 49 1588 1434 1652; baseline 0.012 -23"><span class='ocrx_word' id='word_1_183' title='bbox 49 1602 71 1626; x_wconf 84' lang='lat'>»</span> <span class='ocrx_word' id='word_1_184' title='bbox 104 1588 297 1646; x_wconf 76' lang='lat' dir='ltr'><strong>sponsi2.</strong></span> <span class='ocrx_word' id='word_1_185' title='bbox 315 1607 336 1632; x_wconf 71' lang='grc' dir='ltr'>ι)</span> <span class='ocrx_word' id='word_1_186' title='bbox 347 1592 444 1636; x_wconf 90' lang='lat' dir='ltr'>Non</span> <span class='ocrx_word' id='word_1_187' title='bbox 462 1592 544 1636; x_wconf 89' lang='lat' dir='ltr'>sibi</span> <span class='ocrx_word' id='word_1_188' title='bbox 562 1593 773 1652; x_wconf 87' lang='lat' dir='ltr'>gaudium</span> <span class='ocrx_word' id='word_1_189' title='bbox 805 1594 909 1640; x_wconf 85' lang='lat' dir='ltr'>fecit</span> <span class='ocrx_word' id='word_1_190' title='bbox 931 1596 986 1641; x_wconf 91' lang='lat' dir='ltr'>de</span> <span class='ocrx_word' id='word_1_191' title='bbox 1007 1612 1067 1642; x_wconf 85' lang='lat' dir='ltr'>se.</span> <span class='ocrx_word' id='word_1_192' title='bbox 1095 1598 1177 1650; x_wconf 83' lang='lat' dir='ltr'>Qui</span> <span class='ocrx_word' id='word_1_193' title='bbox 1198 1599 1316 1644; x_wconf 90' lang='lat' dir='ltr'>enim</span> <span class='ocrx_word' id='word_1_194' title='bbox 1338 1600 1434 1646; x_wconf 89' lang='lat' dir='ltr'>vult</span> 
     </span>
     <span class='ocr_line' id='line_1_21' title="bbox 47 1657 1432 1728; baseline 0.012 -27"><span class='ocrx_word' id='word_1_195' title='bbox 47 1657 236 1716; x_wconf 82' lang='lat' dir='ltr'>gaudere</span> <span class='ocrx_word' id='word_1_196' title='bbox 254 1659 310 1704; x_wconf 92' lang='lat' dir='ltr'>de</span> <span class='ocrx_word' id='word_1_197' title='bbox 327 1676 387 1716; x_wconf 84' lang='lat' dir='ltr'>se,</span> <span class='ocrx_word' id='word_1_198' title='bbox 404 1664 538 1707; x_wconf 85' lang='lat' dir='ltr'>tristis</span> <span class='ocrx_word' id='word_1_199' title='bbox 555 1665 658 1709; x_wconf 86' lang='lat' dir='ltr'>erit:</span> <span class='ocrx_word' id='word_1_200' title='bbox 673 1666 750 1724; x_wconf 86' lang='lat' dir='ltr'>qui</span> <span class='ocrx_word' id='word_1_201' title='bbox 769 1675 915 1710; x_wconf 90' lang='lat' dir='ltr'>autem</span> <span class='ocrx_word' id='word_1_202' title='bbox 933 1666 988 1711; x_wconf 88' lang='lat' dir='ltr'>de</span> <span class='ocrx_word' id='word_1_203' title='bbox 1005 1670 1094 1713; x_wconf 90' lang='lat' dir='ltr'>Deo</span> <span class='ocrx_word' id='word_1_204' title='bbox 1114 1670 1210 1714; x_wconf 91' lang='lat' dir='ltr'>vult</span> <span class='ocrx_word' id='word_1_205' title='bbox 1227 1671 1432 1728; x_wconf 85' lang='lat' dir='ltr'>gaudere,</span> 
     </span>
     <span class='ocr_line' id='line_1_22' title="bbox 45 1731 1434 1796; baseline 0.012 -24"><span class='ocrx_word' id='word_1_206' title='bbox 45 1742 213 1788; x_wconf 88' lang='lat' dir='ltr'><strong>semper</strong></span> <span class='ocrx_word' id='word_1_207' title='bbox 234 1731 442 1788; x_wconf 87' lang='lat' dir='ltr'>gaudebit</span> <span class='ocrx_word' id='word_1_208' title='bbox 463 1754 472 1789; x_wconf 78' lang='lat'>3</span> <span class='ocrx_word' id='word_1_209' title='bbox 497 1734 598 1793; x_wconf 84' lang='lat' dir='ltr'>quia</span> <span class='ocrx_word' id='word_1_210' title='bbox 625 1737 737 1779; x_wconf 89' lang='lat' dir='ltr'>Deus</span> <span class='ocrx_word' id='word_1_211' title='bbox 759 1737 1047 1796; x_wconf 89' lang='lat' dir='ltr'>sempiternus</span> <span class='ocrx_word' id='word_1_212' title='bbox 1070 1749 1148 1784; x_wconf 89' lang='lat' dir='ltr'>est.</span> <span class='ocrx_word' id='word_1_213' title='bbox 1177 1741 1250 1785; x_wconf 84' lang='lat' dir='ltr'>vis</span> <span class='ocrx_word' id='word_1_214' title='bbox 1271 1742 1434 1788; x_wconf 87' lang='lat' dir='ltr'>habere</span> 
     </span>
     <span class='ocr_line' id='line_1_23' title="bbox 45 1800 1428 1869; baseline 0.011 -26"><span class='ocrx_word' id='word_1_215' title='bbox 45 1800 256 1858; x_wconf 87' lang='lat' dir='ltr'>gaudium</span> <span class='ocrx_word' id='word_1_216' title='bbox 289 1803 634 1862; x_wconf 74' lang='lat' dir='ltr'>sempiternum?</span> <span class='ocrx_word' id='word_1_217' title='bbox 668 1805 824 1849; x_wconf 90' lang='lat' dir='ltr'>Inhere</span> <span class='ocrx_word' id='word_1_218' title='bbox 856 1806 920 1851; x_wconf 89' lang='lat' dir='ltr'>illi</span> <span class='ocrx_word' id='word_1_219' title='bbox 942 1808 1020 1868; x_wconf 91' lang='lat' dir='ltr'>qui</span> <span class='ocrx_word' id='word_1_220' title='bbox 1040 1810 1327 1869; x_wconf 88' lang='lat' dir='ltr'>sempiternus</span> <span class='ocrx_word' id='word_1_221' title='bbox 1350 1823 1428 1858; x_wconf 91' lang='lat' dir='ltr'>est.</span> 
     </span>
     <span class='ocr_line' id='line_1_24' title="bbox 45 1870 1432 1942; baseline 0.013 -29"><span class='ocrx_word' id='word_1_222' title='bbox 45 1870 192 1915; x_wconf 86' lang='lat' dir='ltr'>Talem</span> <span class='ocrx_word' id='word_1_223' title='bbox 225 1887 268 1916; x_wconf 87' lang='lat' dir='ltr'>se</span> <span class='ocrx_word' id='word_1_224' title='bbox 305 1871 414 1918; x_wconf 84' lang='lat' dir='ltr'>dixit</span> <span class='ocrx_word' id='word_1_225' title='bbox 445 1876 650 1920; x_wconf 86' lang='lat' dir='ltr'><strong>Joannes.</strong></span> <span class='ocrx_word' id='word_1_226' title='bbox 689 1878 871 1936; x_wconf 86' lang='lat' dir='ltr'><strong>Propter</strong></span> <span class='ocrx_word' id='word_1_227' title='bbox 901 1893 1054 1923; x_wconf 87' lang='lat' dir='ltr'>vocem</span> <span class='ocrx_word' id='word_1_228' title='bbox 1088 1882 1249 1940; x_wconf 85' lang='lat' dir='ltr'><strong>sponsi·</strong></span> <span class='ocrx_word' id='word_1_229' title='bbox 1270 1883 1432 1942; x_wconf 84' lang='lat' dir='ltr'>gaudet</span> 
     </span>
     <span class='ocr_line' id='line_1_25' title="bbox 42 1940 1430 2008; baseline 0.012 -24"><span class='ocrx_word' id='word_1_230' title='bbox 42 1940 206 1986; x_wconf 86' lang='lat' dir='ltr'>amicus</span> <span class='ocrx_word' id='word_1_231' title='bbox 227 1944 393 2002; x_wconf 89' lang='lat' dir='ltr'><strong>sponsi,</strong></span> <span class='ocrx_word' id='word_1_232' title='bbox 419 1944 500 2000; x_wconf 83' lang='lat' dir='ltr'>ait,</span> <span class='ocrx_word' id='word_1_233' title='bbox 525 1960 616 1990; x_wconf 91' lang='lat' dir='ltr'>non</span> <span class='ocrx_word' id='word_1_234' title='bbox 638 1955 816 2006; x_wconf 88' lang='lat' dir='ltr'><strong>propter</strong></span> <span class='ocrx_word' id='word_1_235' title='bbox 837 1963 990 1993; x_wconf 90' lang='lat' dir='ltr'>vocem</span> <span class='ocrx_word' id='word_1_236' title='bbox 1007 1964 1131 1995; x_wconf 90' lang='lat' dir='ltr'>suam</span> <span class='ocrx_word' id='word_1_237' title='bbox 1155 1970 1165 1997; x_wconf 75' lang='grc' dir='ltr'>ε</span> <span class='ocrx_word' id='word_1_238' title='bbox 1190 1962 1234 1997; x_wconf 89' lang='lat' dir='ltr'>et</span> <span class='ocrx_word' id='word_1_239' title='bbox 1249 1962 1334 2000; x_wconf 87' lang='lat' dir='ltr'>stat</span> <span class='ocrx_word' id='word_1_240' title='bbox 1348 1989 1360 2008; x_wconf 91' lang='lat'><strong>‚</strong></span> <span class='ocrx_word' id='word_1_241' title='bbox 1386 1964 1430 2000; x_wconf 92' lang='lat' dir='ltr'>et</span> 
     </span>
     <span class='ocr_line' id='line_1_26' title="bbox 41 2010 1428 2074; baseline 0.012 -20"><span class='ocrx_word' id='word_1_242' title='bbox 41 2010 163 2056; x_wconf 83' lang='lat' dir='ltr'>audit</span> <span class='ocrx_word' id='word_1_243' title='bbox 184 2027 300 2057; x_wconf 89' lang='lat' dir='ltr'>eum.</span> <span class='ocrx_word' id='word_1_244' title='bbox 334 2015 377 2059; x_wconf 90' lang='lat' dir='ltr'>Si</span> <span class='ocrx_word' id='word_1_245' title='bbox 399 2029 501 2074; x_wconf 86' lang='lat' dir='ltr'><strong>ergo</strong></span> <span class='ocrx_word' id='word_1_246' title='bbox 523 2015 666 2072; x_wconf 87' lang='lat' dir='ltr'>eadit,</span> <span class='ocrx_word' id='word_1_247' title='bbox 701 2032 792 2062; x_wconf 90' lang='lat' dir='ltr'>non</span> <span class='ocrx_word' id='word_1_248' title='bbox 818 2018 942 2064; x_wconf 86' lang='lat' dir='ltr'>audit</span> <span class='ocrx_word' id='word_1_249' title='bbox 962 2034 1063 2064; x_wconf 89' lang='lat' dir='ltr'>eum</span> <span class='ocrx_word' id='word_1_250' title='bbox 1088 2039 1099 2068; x_wconf 84' lang='lat'>;</span> <span class='ocrx_word' id='word_1_251' title='bbox 1125 2020 1181 2067; x_wconf 90' lang='lat' dir='ltr'>de</span> <span class='ocrx_word' id='word_1_252' title='bbox 1211 2022 1288 2069; x_wconf 93' lang='lat' dir='ltr'>illo</span> <span class='ocrx_word' id='word_1_253' title='bbox 1310 2025 1428 2071; x_wconf 90' lang='lat' dir='ltr'>enim</span> 
     </span>
     <span class='ocr_line' id='line_1_27' title="bbox 38 2080 1419 2150; baseline 0.013 -26"><span class='ocrx_word' id='word_1_254' title='bbox 38 2080 230 2140; x_wconf 90' lang='lat' dir='ltr'>quodam</span> <span class='ocrx_word' id='word_1_255' title='bbox 247 2084 323 2143; x_wconf 86' lang='lat' dir='ltr'>qui</span> <span class='ocrx_word' id='word_1_256' title='bbox 339 2085 497 2130; x_wconf 86' lang='lat' dir='ltr'>cecidit</span> <span class='ocrx_word' id='word_1_257' title='bbox 512 2121 524 2142; x_wconf 88' lang='lat'>‚</span> <span class='ocrx_word' id='word_1_258' title='bbox 545 2086 712 2132; x_wconf 91' lang='lat' dir='ltr'>dietum</span> <span class='ocrx_word' id='word_1_259' title='bbox 728 2097 809 2144; x_wconf 89' lang='lat' dir='ltr'>est,</span> <span class='ocrx_word' id='word_1_260' title='bbox 833 2091 891 2144; x_wconf 85' lang='lat' dir='ltr'>Et</span> <span class='ocrx_word' id='word_1_261' title='bbox 910 2090 956 2134; x_wconf 91' lang='lat' dir='ltr'>in</span> <span class='ocrx_word' id='word_1_262' title='bbox 977 2091 1157 2137; x_wconf 88' lang='lat' dir='ltr'>veritate</span> <span class='ocrx_word' id='word_1_263' title='bbox 1178 2109 1268 2140; x_wconf 91' lang='lat' dir='ltr'>non</span> <span class='ocrx_word' id='word_1_264' title='bbox 1289 2098 1419 2150; x_wconf 89' lang='lat' dir='ltr'>stetit,</span> 
     </span>
     <span class='ocr_line' id='line_1_28' title="bbox 37 2147 1423 2225; baseline 0.013 -31"><span class='ocrx_word' id='word_1_265' title='bbox 37 2147 93 2194; x_wconf 89' lang='lat' dir='ltr'>de</span> <span class='ocrx_word' id='word_1_266' title='bbox 110 2149 293 2197; x_wconf 81' lang='lat' dir='ltr'>diabolo</span> <span class='ocrx_word' id='word_1_267' title='bbox 305 2153 472 2200; x_wconf 86' lang='lat' dir='ltr'>dictum</span> <span class='ocrx_word' id='word_1_268' title='bbox 493 2158 599 2201; x_wconf 66' lang='lat' dir='ltr'>est-⁹³.</span> <span class='ocrx_word' id='word_1_269' title='bbox 612 2159 729 2217; x_wconf 86' lang='lat' dir='ltr'><strong>Ergo</strong></span> <span class='ocrx_word' id='word_1_270' title='bbox 750 2168 862 2204; x_wconf 87' lang='lat' dir='ltr'>stare</span> <span class='ocrx_word' id='word_1_271' title='bbox 883 2160 1014 2206; x_wconf 87' lang='lat' dir='ltr'>debet</span> <span class='ocrx_word' id='word_1_272' title='bbox 1035 2164 1198 2209; x_wconf 82' lang='lat' dir='ltr'>amicus</span> <span class='ocrx_word' id='word_1_273' title='bbox 1216 2167 1360 2225; x_wconf 90' lang='lat' dir='ltr'><strong>sponsi</strong></span> <span class='ocrx_word' id='word_1_274' title='bbox 1382 2176 1423 2212; x_wconf 88' lang='lat' dir='ltr'>et</span> 
     </span>
     <span class='ocr_line' id='line_1_29' title="bbox 37 2220 1420 2299; baseline 0.013 -35"><span class='ocrx_word' id='word_1_275' title='bbox 37 2220 201 2266; x_wconf 83' lang='lat' dir='ltr'>audire.</span> <span class='ocrx_word' id='word_1_276' title='bbox 236 2224 356 2277; x_wconf 90' lang='lat' dir='ltr'>Quid</span> <span class='ocrx_word' id='word_1_277' title='bbox 382 2236 446 2271; x_wconf 85' lang='lat' dir='ltr'>est</span> <span class='ocrx_word' id='word_1_278' title='bbox 477 2232 619 2272; x_wconf 81' lang='lat' dir='ltr'>stare?</span> <span class='ocrx_word' id='word_1_279' title='bbox 652 2244 906 2289; x_wconf 84' lang='lat' dir='ltr'>permanere</span> <span class='ocrx_word' id='word_1_280' title='bbox 932 2232 978 2276; x_wconf 89' lang='lat' dir='ltr'>in</span> <span class='ocrx_word' id='word_1_281' title='bbox 1002 2235 1138 2292; x_wconf 81' lang='lat' dir='ltr'>gratia</span> <span class='ocrx_word' id='word_1_282' title='bbox 1166 2237 1258 2296; x_wconf 89' lang='lat' dir='ltr'>ejus</span> <span class='ocrx_word' id='word_1_283' title='bbox 1288 2253 1420 2299; x_wconf 87' lang='lat' dir='ltr'>quam</span> 
     </span>
     <span class='ocr_line' id='line_1_30' title="bbox 36 2293 1420 2361; baseline 0.015 -27"><span class='ocrx_word' id='word_1_284' title='bbox 36 2293 216 2352; x_wconf 78' lang='lat' dir='ltr'>accepit.</span> <span class='ocrx_word' id='word_1_285' title='bbox 242 2296 299 2339; x_wconf 92' lang='lat' dir='ltr'>Et</span> <span class='ocrx_word' id='word_1_286' title='bbox 315 2296 436 2342; x_wconf 86' lang='lat' dir='ltr'>audit</span> <span class='ocrx_word' id='word_1_287' title='bbox 453 2313 603 2344; x_wconf 89' lang='lat' dir='ltr'>vocem</span> <span class='ocrx_word' id='word_1_288' title='bbox 625 2298 681 2346; x_wconf 90' lang='lat' dir='ltr'>ad</span> <span class='ocrx_word' id='word_1_289' title='bbox 707 2315 836 2360; x_wconf 82' lang='lat' dir='ltr'>quam</span> <span class='ocrx_word' id='word_1_290' title='bbox 861 2302 1062 2361; x_wconf 86' lang='lat' dir='ltr'>gaudeat.</span> <span class='ocrx_word' id='word_1_291' title='bbox 1091 2305 1159 2351; x_wconf 88' lang='lat' dir='ltr'>Sic</span> <span class='ocrx_word' id='word_1_292' title='bbox 1179 2317 1270 2353; x_wconf 85' lang='lat' dir='ltr'>erat</span> <span class='ocrx_word' id='word_1_293' title='bbox 1286 2311 1420 2354; x_wconf 81' lang='lat' dir='ltr'><strong>Joan-</strong></span> 
     </span>
     <span class='ocr_line' id='line_1_31' title="bbox 34 2370 1418 2441; baseline 0.015 -35"><span class='ocrx_word' id='word_1_294' title='bbox 34 2377 109 2408; x_wconf 88' lang='lat' dir='ltr'>nes</span> <span class='ocrx_word' id='word_1_295' title='bbox 128 2382 137 2408; x_wconf 73' lang='grc' dir='ltr'>ε</span> <span class='ocrx_word' id='word_1_296' title='bbox 159 2377 338 2412; x_wconf 87' lang='lat' dir='ltr'>noverat</span> <span class='ocrx_word' id='word_1_297' title='bbox 355 2370 472 2414; x_wconf 90' lang='lat' dir='ltr'>unde</span> <span class='ocrx_word' id='word_1_298' title='bbox 489 2370 723 2430; x_wconf 78' lang='lat' dir='ltr'>gaudebat,</span> <span class='ocrx_word' id='word_1_299' title='bbox 744 2389 833 2418; x_wconf 91' lang='lat' dir='ltr'>non</span> <span class='ocrx_word' id='word_1_300' title='bbox 849 2375 930 2419; x_wconf 91' lang='lat' dir='ltr'>sibi</span> <span class='ocrx_word' id='word_1_301' title='bbox 947 2378 1179 2437; x_wconf 85' lang='lat' dir='ltr'>arrogabat</span> <span class='ocrx_word' id='word_1_302' title='bbox 1193 2383 1313 2441; x_wconf 85' lang='lat' dir='ltr'>quod</span> <span class='ocrx_word' id='word_1_303' title='bbox 1326 2382 1418 2441; x_wconf 90' lang='lat' dir='ltr'>ipse</span> 
     </span>
     <span class='ocr_line' id='line_1_32' title="bbox 32 2440 1410 2502; baseline 0.013 -24"><span class='ocrx_word' id='word_1_304' title='bbox 32 2444 123 2478; x_wconf 84' lang='lat' dir='ltr'>non</span> <span class='ocrx_word' id='word_1_305' title='bbox 148 2446 239 2481; x_wconf 89' lang='lat' dir='ltr'>erat</span> <span class='ocrx_word' id='word_1_306' title='bbox 265 2456 274 2482; x_wconf 75' lang='grc' dir='ltr'><strong><em>ε</em></strong></span> <span class='ocrx_word' id='word_1_307' title='bbox 305 2440 469 2486; x_wconf 88' lang='lat' dir='ltr'>sciebat</span> <span class='ocrx_word' id='word_1_308' title='bbox 504 2442 802 2489; x_wconf 85' lang='lat' dir='ltr'>illuminatum</span> <span class='ocrx_word' id='word_1_309' title='bbox 832 2460 906 2502; x_wconf 80' lang='lat' dir='ltr'>se,</span> <span class='ocrx_word' id='word_1_310' title='bbox 936 2462 1027 2493; x_wconf 90' lang='lat' dir='ltr'>non</span> <span class='ocrx_word' id='word_1_311' title='bbox 1058 2448 1410 2498; x_wconf 89' lang='lat' dir='ltr'>illuminatorem.</span> 
     </span>
     <span class='ocr_line' id='line_1_33' title="bbox 35 2508 1412 2584; baseline 0.014 -35"><span class='ocrx_word' id='word_1_312' title='bbox 35 2521 57 2547; x_wconf 70' lang='grc' dir='ltr'><strong>α</strong></span> <span class='ocrx_word' id='word_1_313' title='bbox 89 2508 196 2553; x_wconf 88' lang='lat' dir='ltr'>Erat</span> <span class='ocrx_word' id='word_1_314' title='bbox 211 2518 357 2555; x_wconf 88' lang='lat' dir='ltr'>autem</span> <span class='ocrx_word' id='word_1_315' title='bbox 379 2510 530 2559; x_wconf 85' lang='lat' dir='ltr'>lumen</span> <span class='ocrx_word' id='word_1_316' title='bbox 561 2530 713 2561; x_wconf 88' lang='lat' dir='ltr'>verum</span> <span class='ocrx_word' id='word_1_317' title='bbox 730 2551 741 2572; x_wconf 92' lang='lat'>‚</span> <span class='ocrx_word' id='word_1_318' title='bbox 766 2517 824 2562; x_wconf 83' lang='lat' dir='ltr'>ait</span> <span class='ocrx_word' id='word_1_319' title='bbox 846 2519 1121 2579; x_wconf 86' lang='lat' dir='ltr'>Evangelista</span> <span class='ocrx_word' id='word_1_320' title='bbox 1138 2556 1151 2578; x_wconf 91' lang='lat'><strong><em>‚</em></strong></span> <span class='ocrx_word' id='word_1_321' title='bbox 1170 2523 1287 2584; x_wconf 90' lang='lat' dir='ltr'>quod</span> <span class='ocrx_word' id='word_1_322' title='bbox 1309 2523 1412 2568; x_wconf 84' lang='lat' dir='ltr'>illu-</span> 
     </span>
    </p>
   </div>
   <div class='ocr_carea' id='block_1_3' title="bbox 79 2593 1205 2698">
    <p class='ocr_par' dir='ltr' id='par_1_4' title="bbox 79 2593 1205 2698">
     <span class='ocr_line' id='line_1_34' title="bbox 79 2593 1026 2646; baseline 0.016 -23"><span class='ocrx_word' id='word_1_323' title='bbox 79 2596 90 2613; x_wconf 85' lang='lat'>¹</span> <span class='ocrx_word' id='word_1_324' title='bbox 107 2593 200 2624; x_wconf 85' lang='lat' dir='ltr'><strong>Joan.</strong></span> <span class='ocrx_word' id='word_1_325' title='bbox 218 2602 269 2635; x_wconf 84' lang='lat' dir='ltr'>iu,</span> <span class='ocrx_word' id='word_1_326' title='bbox 288 2603 343 2637; x_wconf 77' lang='lat'>27.</span> <span class='ocrx_word' id='word_1_327' title='bbox 362 2612 404 2620; x_wconf 95' lang='lat'><strong>—</strong></span> <span class='ocrx_word' id='word_1_328' title='bbox 419 2603 432 2621; x_wconf 86' lang='lat'>²</span> <span class='ocrx_word' id='word_1_329' title='bbox 447 2598 529 2634; x_wconf 77' lang='lat' dir='ltr'>Ibid-</span> <span class='ocrx_word' id='word_1_330' title='bbox 549 2600 606 2642; x_wconf 84' lang='lat'>28,</span> <span class='ocrx_word' id='word_1_331' title='bbox 622 2609 677 2643; x_wconf 79' lang='lat'>²9·</span> <span class='ocrx_word' id='word_1_332' title='bbox 700 2617 743 2625; x_wconf 96' lang='lat'>—</span> <span class='ocrx_word' id='word_1_333' title='bbox 764 2599 783 2626; x_wconf 75' lang='lat'>3</span> <span class='ocrx_word' id='word_1_334' title='bbox 799 2602 847 2636; x_wconf 86' lang='lat' dir='ltr'>Id.</span> <span class='ocrx_word' id='word_1_335' title='bbox 866 2613 934 2646; x_wconf 84' lang='lat' dir='ltr'>vm,</span> <span class='ocrx_word' id='word_1_336' title='bbox 953 2602 1026 2646; x_wconf 42' lang='lat'>44⁰⁷</span> 
     </span>
     <span class='ocr_line' id='line_1_35' title="bbox 1165 2659 1205 2698; baseline -0.025 0"><span class='ocrx_word' id='word_1_337' title='bbox 1165 2659 1205 2698; x_wconf 86' lang='lat'>8.</span> 
     </span>
    </p>
   </div>
  </div>
 </body>
</html>
