1809 3173
390 189 472 228 414
831 203 863 229 s.
901 200 1128 230 Auens'mm
1164 205 1342 232 EPISCOPI

385 295 405 318 »
441 279 583 332 Deus,
610 287 653 321 et
684 286 840 322 cuneta
872 289 975 323 nota
1011 279 1143 324 teeit¹
1169 300 1176 325 :
1206 300 1224 322 η
1254 297 1342 325 non
1381 281 1496 324 enim
1531 281 1632 340 quia
1666 280 1769 326 feeit

381 347 553 401 didicit,
580 346 655 391 sed
672 349 773 408 quia
788 359 966 394 noverat
989 349 1105 393 feeit.
1126 351 1260 395 Nobis
1283 351 1385 410 quia
1400 350 1512 394 faeta
1528 359 1644 405 sunt,
1666 360 1769 396 nota

378 427 480 462 sunt
503 437 510 462 ε
537 417 598 461 illi
621 418 700 462 nisi
720 429 820 463 nota
837 430 994 473 essent,
1016 419 1129 463 faeta
1144 436 1231 464 non
1245 431 1400 464 essent.
1426 421 1646 464 Praecessit
1668 436 1769 479 ergo

379 488 589 532 Verbum.
617 492 673 533 Et
703 490 810 549 quid
833 499 931 534 ante
955 490 1151 533 Verbum
1175 491 1286 534 Dei?
1310 491 1417 534 nihil
1440 492 1636 535 omnino.
1660 493 1769 536 Nam

378 558 412 602 si
434 567 545 602 esset
574 558 740 619 aliquid
770 568 870 602 ante
889 594 899 613 ,
934 575 1024 603 non
1056 558 1223 603 dictum
1261 568 1399 613 esset,
1429 579 1448 601 «
1478 563 1530 603 In
1557 560 1770 619 principio

382 645 402 669 »
438 637 528 672 erat
539 629 730 672 Verbum
747 632 763 653 2
780 649 790 685 3
810 646 829 669 »
850 628 950 684 sed,
974 632 1023 672 In
1048 630 1260 688 principio
1284 629 1449 673 factum
1474 638 1536 673 est
1555 630 1766 673 Verbum.

378 699 575 758 Denique
605 699 659 742 de
683 699 849 742 mundo
872 699 979 758 quid
1002 700 1060 742 ait
1081 702 1282 756 Moyses?
1309 718 1327 741 «
1357 703 1407 743 In
1430 699 1644 759 principio
1666 700 1770 744 fecit

380 786 401 809 »
436 771 548 811 Deus
572 767 734 811 coelum
756 777 799 812 ct
818 771 1016 812 terram3.
1038 788 1056 810 »
1078 769 1199 813 Fecit
1220 769 1341 829 quod
1361 784 1449 813 non
1473 778 1564 813 erat
1586 789 1594 814 ;
1617 770 1648 813 si
1667 785 1769 828 ergo

376 837 480 882 fecit
511 837 631 898 quod
661 854 749 882 non
781 849 893 893 erat,
927 848 1028 883 ante
1061 841 1167 899 quid
1206 841 1330 883 erat?
1363 842 1415 883 In
1445 840 1656 899 principio
1679 849 1770 884 erat

377 908 587 952 Verbum.
611 911 668 952 Et
689 908 806 952 unde
823 908 986 952 eoelum
1005 919 1047 953 et
1073 919 1183 953 terra
1198 911 1215 951 ⁶?
1229 909 1386 954 Omnia
1406 925 1483 968 per
1498 910 1639 968 ipsum
1658 909 1771 954 facta

374 988 491 1022 sunt.
519 981 583 1022 Tu
606 994 708 1037 ergo
730 980 854 1037 ponis
883 980 1108 1023 Christum
1143 980 1224 1023 sub
1260 979 1378 1024 fato?
1405 980 1487 1023 Ubi
1519 989 1621 1030 sunt
1650 979 1770 1024 fata?

376 1053 429 1094 In
449 1049 589 1105 coelo,
621 1051 787 1110 inquis,
823 1051 867 1093 in
900 1051 1054 1095 ordine
1084 1060 1127 1094 et
1162 1051 1519 1095 conversionibus
1561 1050 1765 1094 siderum.

375 1121 604 1173 Quomodo
621 1136 723 1180 ergo
746 1119 884 1164 fatum
908 1121 1059 1175 habet,
1084 1136 1161 1179 per
1178 1136 1310 1180 quem
1329 1121 1494 1164 factum
1518 1129 1582 1164 est
1604 1120 1767 1164 eoelum

373 1199 416 1234 et
438 1190 598 1241 sidera;
618 1206 716 1234 eum
737 1200 811 1234 tua
828 1190 1045 1244 voluntas,
1065 1191 1097 1234 si
1117 1201 1231 1235 reete
1247 1191 1402 1250 sapias,
1431 1191 1709 1234 transcendat
1726 1200 1769 1234 et

373 1261 540 1305 sidera?
567 1264 635 1304 An
665 1261 767 1320 quia
798 1262 910 1305 nosti
945 1262 1104 1305 Christi
1136 1277 1311 1305 earnem
1344 1261 1473 1304 fuisse
1509 1261 1590 1304 sub
1623 1261 1764 1316 coelo,

372 1331 472 1375 ideo
494 1340 620 1390 putas
642 1341 684 1374 et
706 1341 964 1390 potestatem
986 1331 1145 1376 Christi
1168 1330 1390 1375 subditam
1413 1330 1563 1374 coelo?

433 1404 510 1445 lx.
537 1401 651 1445 Audi
673 1401 804 1445 stulte
837 1421 846 1446 :
876 1420 895 1443 «
922 1401 1127 1446 Nondum
1150 1411 1329 1445 venerat
1358 1402 1465 1445 hora
1488 1402 1602 1460 ejus,
1627 1419 1645 1441 »
1677 1415 1768 1444 non

373 1488 460 1532 qua
481 1482 709 1531 cogeretur
738 1474 869 1527 mori,
905 1472 980 1516 sed
1007 1489 1093 1532 qua
1127 1472 1379 1530 dignaretur
1402 1472 1556 1515 occidi.
1579 1474 1768 1517 Noverat

373 1543 491 1586 enim
514 1543 605 1602 ipse
623 1542 800 1603 quando
820 1543 999 1586 deberet
1016 1543 1125 1586 mori
1146 1561 1153 1586 :
1174 1541 1364 1585 intendit
1381 1543 1525 1586 omnia
1539 1558 1638 1601 quae
1660 1557 1768 1601 prae·

373 1612 490 1657 dieta
517 1623 619 1657 sunt
643 1612 697 1657 de
727 1612 802 1657 illo
820 1648 831 1668 ,
870 1623 913 1656 et
946 1613 1203 1672 expectabat
1225 1612 1340 1655 finiri
1363 1614 1508 1656 omnia
1531 1627 1629 1671 quae
1651 1626 1766 1670 prae-

373 1682 489 1728 dicta
511 1693 612 1728 sunt
644 1693 744 1727 ante
777 1685 869 1743 ejus
902 1683 1145 1742 passionem
1168 1681 1343 1740 futura,
1375 1692 1426 1726 ut
1456 1697 1555 1725 eum
1588 1680 1766 1740 impleta

370 1764 534 1808 essent,
557 1764 661 1798 tune
684 1754 851 1797 veniret
874 1762 916 1796 et
950 1753 1112 1812 passio,
1147 1752 1442 1812 dispositionis
1470 1752 1622 1795 ordine
1640 1785 1650 1805 ,
1676 1766 1767 1795 non
1808 1760 1809 1809 J

370 1823 492 1869 fatali
514 1825 780 1869 necessitate.
810 1824 1008 1883 Denique
1023 1823 1171 1867 audite
1187 1858 1197 1878 ,
1223 1832 1273 1866 ut
1295 1823 1487 1882 probetis
1514 1842 1522 1867 ε
1540 1825 1660 1866 Inter
1681 1836 1767 1866 eae-
1808 1824 1809 1868 ἶ

374 1905 464 1940 tera
506 1912 606 1955 quae
638 1897 692 1939 de
725 1895 801 1939 illo
823 1896 1081 1953 prophetata
1104 1903 1228 1948 sunt,
1264 1894 1473 1953 seriptum
1506 1902 1569 1936 est
1599 1893 1762 1936 etiam:
1807 1894 1809 1936 Ξ

377 1985 398 2008 ι(
433 1966 657 2010 Dederunt
669 1965 714 2009 in
739 1980 877 2008 escam
897 1979 1036 2007 meam
1061 1963 1144 2017 fel,
1171 1973 1213 2007 et
1231 1964 1276 2007 in
1298 1965 1365 2008 siti
1391 1979 1487 2007 mea
1505 1971 1768 2022 potaverunt
1806 1997 1808 2028 ἐ

1806 1943 1809 1985 ἱ

379 2056 400 2080 »
435 2040 505 2082 r‘ne
531 2047 654 2082 aceto
670 2038 702 2080 4.
732 2035 999 2090 »Quomodo
1023 2034 1137 2079 faeta
1160 2035 1244 2078 sint
1261 2070 1271 2089 ,
1302 2036 1347 2078 in
1376 2034 1613 2093 Evangelio
1641 2033 1766 2078 novi-2
1806 2031 1808 2058 f

375 2124 488 2153 mus.
512 2109 634 2154 Prius
656 2107 875 2152 dederunt
897 2106 984 2163 fel,
1021 2108 1212 2165 aceepit,
1242 2106 1458 2165 gustavit,
1485 2114 1528 2149 et
1557 2105 1730 2164 despuit
1754 2123 1763 2148 ε
1807 2124 1809 2139 <

372 2190 524 2238 postea
548 2181 593 2223 in
615 2193 744 2223 eruce
767 2177 963 2237 pendens
979 2212 990 2231 ,
1010 2187 1060 2221 ut
1083 2177 1228 2220 omnia
1254 2176 1460 2235 praedicta
1490 2175 1765 2234 compleren-
1806 2204 1809 2225 2

376 2258 469 2304 tur,
501 2251 580 2304 ait,
619 2249 724 2294 Sitio
757 2256 1050 2306 :acceperunt
1083 2246 1307 2305 spongiam
1342 2255 1464 2289 aceto
1495 2245 1693 2304 plenam,
1719 2244 1766 2287 in
1807 2281 1809 2285 .

376 2319 589 2363 arundine
603 2318 870 2377 ligaverunt,
891 2327 934 2360 et
951 2316 1240 2360 admoverunt
1257 2314 1465 2374 pendenti
1480 2335 1490 2370 3
1508 2314 1674 2373 aceepit
1691 2313 1765 2357 ille
1806 2328 1809 2339 ·

1805 2349 1809 2374 1

375 2395 418 2434 et
447 2390 533 2444 ait,
570 2387 819 2432 Perfectum
841 2388 944 2431 estf‘.
973 2405 992 2428 »
1020 2385 1134 2439 Quid
1156 2394 1242 2440 est,
1282 2384 1530 2428 Perfectum
1547 2386 1640 2428 est?
1674 2386 1764 2427 I'm-
1807 2386 1809 2437 3

427 2493 435 2508 ¹
463 2485 542 2517 Psal.
567 2496 634 2523 cm,
649 2483 703 2525 24.
732 2501 768 2507 —
790 2491 802 2506 ²
824 2486 914 2515 Joan.
936 2495 961 2521 1,
982 2495 1009 2515 1.
1031 2499 1073 2505 —-
1096 2480 1108 2503 3
1129 2483 1208 2514 Gen.
1235 2492 1258 2520 1,
1282 2492 1309 2512 1.
1330 2497 1371 2503 —-
1398 2479 1414 2510 4
1430 2479 1512 2512 Psa'l.
1533 2488 1643 2521 vam,
1663 2488 1764 2512 22.—

383 2540 398 2564 ·'>
411 2543 503 2574 Joan.
525 2551 594 2581 xix,
614 2542 671 2579 28,
690 2544 755 2572 etc.
