1825 3214
278 210 319 237 m
353 207 528 239 JOANMS
561 208 874 251 EvAhGEMUM,
910 214 1053 242 'suman
1095 219 1162 243 n.
1342 210 1420 247 12¹.)

45 369 73 386 Ἃ
79 369 144 386 m
150 370 286 387 ῑἋὶἋΝἱ
292 372 357 388 §AM
364 372 428 390 ΜΛ
435 372 500 389 m&
506 373 641 390 §mm
647 373 783 390 wumx
789 375 853 391 m
860 375 996 392 ῑὶἱνῑὶνὶ
1002 376 1138 393 §mvnvs
1144 378 1278 396 WWSW!
1285 381 1313 396 ὶὶ
1319 381 1348 396 ἱΊ
1355 382 1423 397 ΜΝ

446 500 853 548 TRACTATUS
888 503 974 548 XV
990 506 1019 547 ¹.

41 657 108 702 Ab
142 673 194 703 eo
218 659 439 718 Evangelii
461 660 559 706 loco
575 695 585 715 ,
620 660 683 705 Ut
719 677 831 724 ergo
860 665 1085 725 cognovit
1108 663 1250 710 ιῙιιίςιω·
1267 702 1277 722 ,
1304 669 1420 724 qaia

99 728 357 773 audierunt
380 728 646 786 Pharis-cel,
679 733 794 790 (μιιά
818 732 960 778 Jesus
984 733 1148 794 plures
1170 736 1427 797 discipulos

83 798 246 860 sitcil,
273 808 360 843 ele.
384 802 528 860 Usque
550 800 605 845 ad
627 801 687 857 id,
712 801 783 847 Et
799 805 973 849 scimus
995 807 1109 864 (μιία
1133 805 1209 852 laic
1231 818 1300 853 esc
1324 825 1427 854 vere

97 868 332 914 Salvator
352 870 531 915 musali.

100 1019 134 1061 1.
161 1019 257 1062 Non
276 1015 384 1061 rudc
401 1026 464 1061 est
476 1019 653 1063 auribus
675 1020 905 1065 Charitatis
923 1025 1102 1074 Vestrae,
1121 1027 1428 1086 evangelistam

40 1089 253 1132 Joannem
276 1088 397 1132 velut
418 1088 605 1148 aquilam
639 1091 784 1135 volare
814 1092 940 1137 altius
958 1128 968 1148 ,
997 1094 1314 1157 caliginemque
1345 1109 1428 1143 ter-

40 1175 97 1203 rae
132 1160 461 1217 transcendere,
499 1171 543 1205 et
579 1161 721 1206 luc'em
758 1164 949 1209 veritatis
988 1167 1251 1214 firmioribus
1293 1173 1428 1217 oculis

39 1229 214 1274 intueri.
242 1230 381 1275 Multa
414 1233 526 1276 enim
554 1234 643 1292 jam
674 1249 722 1277 ex
756 1237 991 1294 Evangelio
1014 1239 1106 1297 ejus
1127 1255 1204 1300 per
1231 1243 1428 1288 ministe-

40 1301 150 1346 rium
174 1311 369 1346 nostrum
390 1304 574 1348 Domino
596 1304 832 1364 adjuvante
855 1315 1035 1353 tractata
1055 1320 1158 1355 sunt
1177 1331 1185 1355 ;
1207 1327 1257 1356 ex
1275 1313 1428 1359 ordine

39 1382 183 1417 autem
213 1374 408 1434 sequitur
441 1375 535 1419 haec
563 1375 718 1432 lectio,
749 1393 848 1437 quae
884 1378 1014 1424 hodie
1047 1383 1222 1427 recitata
1251 1394 1329 1429 est.
1365 1389 1428 1431 Ea

38 1460 137 1505 quae
159 1445 355 1490 dicturus
378 1460 474 1490 sum
499 1448 686 1492 Domino
706 1448 896 1494 donante
918 1451 1043 1496 multi
1066 1454 1124 1498 sic
1148 1454 1339 1500 audituri
1361 1473 1429 1501 es-

38 1515 112 1571 tis,
138 1525 189 1560 ut
209 1517 343 1576 magis
360 1518 675 1577 recognoscatis
693 1535 825 1579 quam
848 1519 1033 1567 discatis.
1052 1526 1149 1569 Non
1166 1525 1265 1570 ideo
1283 1536 1429 1572 tamen

39 1587 157 1646 pigra
178 1586 310 1631 debet
339 1603 428 1632 esse
450 1588 634 1633 intentio
650 1624 661 1644 ‚
687 1591 789 1650 quia
813 1607 902 1635 non
924 1603 987 1637 est
1009 1596 1198 1652 cognitio
1214 1631 1224 1650 ,
1256 1598 1331 1641 sed
1359 1614 1429 1642 re-

38 1657 242 1715 cognitio.
271 1661 363 1702 }Ioc
380 1658 542 1702 lectum
566 1668 656 1713 est,
683 1670 725 1704 et
748 1661 860 1705 hanc
892 1661 1124 1708 lectionem
1156 1667 1428 1713 tractandam

41 1738 256 1787 gestamus
289 1729 333 1772 in
369 1729 592 1784 manibus,
618 1732 739 1790 quod
771 1733 979 1778 Dominus
1010 1737 1132 1780 Jesus
1163 1737 1216 1780 ad
1247 1747 1430 1796 puteum

39 1799 176 1843 Jacob
210 1798 472 1860 loquebatur
505 1815 605 1844 cum
637 1802 904 1847 Samaritana
940 1804 1136 1850 muliere.
1164 1807 1286 1852 Dicta
1314 1810 1429 1854 enim

39 1867 99 1912 ibi
133 1878 236 1913 sunt
276 1883 431 1927 magna
468 1871 672 1927 mysteria
689 1906 700 1926 ‚
745 1881 789 1916 et
827 1888 1081 1931 magnarum
1123 1877 1429 1925 similitudines

41 1953 185 1982 rerum
213 1948 469 1998 :pascentes
505 1940 692 1984 animam
727 1943 1009 1999 esurientem,
1055 1947 1296 1994 reficientes
1329 1949 1430 1994 lana

41 2017 264 2067 guentem.

102 2081 159 2122 ΙΙ.
182 2078 391 2123 Dominus
408 2079 524 2123 enim
543 2080 636 2124 haec
659 2082 805 2126 «Cum
825 2083 1035 2139 audisset,
1056 2089 1306 2144 cognovisse
1321 2092 1432 2136 Pha·

43 2166 64 2189 n
100 2149 243 2193 risaeos
272 2149 391 2209 quod
416 2149 561 2209 plures
583 2150 819 2210 discipulos
851 2153 1014 2198 faceret
1047 2172 1180 2217 quam
1213 2161 1428 2218 Joannes,

46 2236 65 2260 »
100 2227 144 2263 et
164 2219 309 2279 plures
343 2220 579 2279 baptizaret
600 2240 608 2265 ε
629 2237 880 2282 quanquam
903 2226 1028 2269 Jesus
1052 2242 1141 2271 non
1159 2228 1398 2289 baptizaret
1416 2267 1426 2288 ,

47 2307 66 2330 »
100 2289 175 2334 sed
192 2289 392 2349 discipuli
411 2291 500 2350 ejus
522 2307 529 2332 :
552 2290 730 2351 reliquit
748 2293 946 2338 Judaeam
970 2304 1123 2340 terram
1138 2332 1149 2352 ‚
1170 2308 1213 2343 et
1230 2300 1336 2345 abiit
1355 2303 1434 2347 ite-

47 2377 67 2399 »
102 2375 196 2404 rum
219 2360 263 2404 in
287 2359 495 2404 Galileam
514 2365 545 2404 2.
571 2380 590 2403 »
614 2361 725 2406 Hinc
743 2361 905 2407 diutius
929 2363 1239 2424 disputandum
1263 2387 1352 2416 non
1370 2382 1433 2418 est

45 2443 99 2473 ne
118 2430 396 2474 immorantes
413 2431 458 2474 in
476 2430 715 2476 manifestis
727 2466 738 2487 ‚
761 2434 978 2491 angustias
998 2439 1199 2496 temporis
1217 2442 1434 2499 patiamur

92 2531 102 2547 ¹
119 2525 259 2559 Habitus
275 2526 326 2558 die
346 2526 489 2569 proximo
505 2532 579 2560 ante
597 2529 730 2560 Tractat
748 2527 874 2572 subseq.
896 2546 937 2553 --
954 2536 966 2553 ²
980 2532 1073 2564 Joan.
1093 2544 1139 2574 ιν,
1161 2545 1192 2573 1,
1210 2544 1241 2566 2.

230 2601 356 2631 cxxii
1218 2600 1242 2637 9
