1825 3214
305 226 347 250 ιΝ
379 224 552 251 sommis
585 222 893 255 EVARGELIUM,
928 224 1073 250 τηατ.
1112 226 1260 251 xxxvi.
1380 214 1461 253 403

92 310 108 331 »
144 304 239 333 sum
257 324 267 343 ‚
291 298 333 332 et
356 289 431 348 qui
450 288 564 332 misit
582 301 650 330 me
678 290 824 330 Pater:
845 308 859 326 »
879 288 1025 341 audis,
1051 308 1066 327 «
1098 292 1189 347 Ego
1211 305 1303 333 sum
1328 300 1369 334 ct
1389 292 1464 351 qui

90 379 107 400 »
143 374 213 403 me
238 360 368 403 misit.
399 379 415 400 »ι
442 361 504 403 Ne
535 358 689 416 perdas
721 371 948 416 personam
969 392 979 411 ,
1005 358 1222 417 distingue
1246 376 1463 419 personas.

86 429 310 488 Distingue
339 427 623 486 intelligentia
638 462 649 482 ,
676 426 766 471 noli
788 441 984 485 separare
1005 429 1185 486 persidia
1203 450 1213 486 3
1232 445 1286 473 ne
1309 432 1466 475 iterum

85 501 208 560 quasi
230 499 400 558 fugiens
421 498 694 556 Charybdim
709 533 722 552 ,
756 498 801 541 in
827 497 1013 555 Scyllam
1037 499 1245 544 incurras.
1278 503 1470 547 Vorabat

84 571 200 616 enim
216 580 258 614 te
274 586 429 630 gurges
441 570 674 630 impietatis
694 572 746 614 Sa
755 568 1055 624 bellianorum‚
1077 579 1125 613 ut
1139 570 1302 615 diceres
1327 573 1468 632 ipsum

86 657 176 686 esse
200 645 371 686 Patrem
396 642 471 701 qui
509 650 573 685 est
595 640 729 684 Filius
755 660 764 685 :
793 639 925 684 modo
947 639 1156 695 didicisti,
1189 660 1205 681 «
1234 642 1357 687 Solus
1381 659 1470 688 non

92 731 108 752 »
144 727 256 765 sum,
271 710 345 755 sed
367 727 446 770 ego
470 721 512 755 et
532 711 607 770 qui
627 711 741 754 misit
758 725 826 754 me
846 714 986 754 Pater.
1008 729 1027 751 »
1045 712 1250 769 Agnoscis
1265 714 1367 773 quia
1391 717 1470 757 Pa-

87 792 174 837 ter,
202 786 327 826 Pater
351 792 444 839 est3
469 792 512 826 et
534 782 690 836 Filius,
718 781 851 826 Filius
875 792 951 826 est.
988 785 1104 826 Bene
1138 785 1331 842 agnoscis
1358 804 1366 830 z
1398 786 1474 829 sed

88 852 176 897 noli
199 851 364 907 dicere,
401 856 524 896 Pater
545 853 681 912 major
704 862 767 896 est
778 878 795 906 ·‚
822 852 956 895 Filius
989 853 1131 897 minor
1152 863 1215 897 est
1241 874 1248 899 :
1287 855 1376 900 noli
1401 856 1471 899 di-

88 938 206 977 cere,
233 926 359 966 Pater
381 938 536 966 aurum
553 932 631 976 est,
649 921 783 966 Filius
806 932 1033 981 argentum
1053 933 1129 967 est.
1156 925 1246 968 Una
1269 926 1474 970 substan-

89 994 148 1037 tia
169 1002 247 1045 est,
264 1009 352 1036 una
369 992 586 1046 divinitas,
609 1009 697 1036 una
718 993 1005 1048 coaeternitas,
1023 995 1213 1052 perfecta
1232 996 1471 1055 aequalitas,

88 1062 392 1108 dissimilitudo
414 1062 547 1107 nulla.
569 1066 677 1108 Nam
694 1064 727 1106 si
742 1064 1052 1108 tantummodo
1072 1065 1257 1108 alterum
1281 1066 1474 1112 credide-

89 1135 144 1179 ris
161 1150 251 1178 esse
272 1135 510 1187 Christum,
526 1150 615 1178 non
633 1149 733 1177 eum
752 1134 827 1193 qui
852 1137 977 1177 Pater
998 1143 1061 1178 est
1077 1152 1087 1185 ;
1102 1135 1148 1179 in
1163 1135 1310 1196 aliquo
1327 1147 1472 1182 tamen

90 1206 322 1250 distantem
344 1204 586 1249 secundum
604 1213 803 1248 naturam
822 1219 910 1248 esse
931 1206 1171 1263 putaveris,
1198 1222 1221 1250 a
1243 1209 1470 1266 Charybdi

91 1275 269 1337 quidem
292 1276 484 1326 evasisti,
512 1275 587 1319 sed
613 1275 658 1318 in
689 1273 880 1332 Scyllaeis
903 1275 1092 1334 scopulis
1114 1276 1396 1337 naufragasti.
1423 1282 1475 1324 In

91 1346 237 1391 medio
258 1346 412 1404 naviga
430 1381 441 1401 ,
461 1355 698 1405 utrumque
718 1344 1009 1404 periculosum
1034 1345 1146 1391 latus
1167 1348 1295 1392 evita.
1321 1353 1450 1394 Pater
1463 1386 1475 1406 ‚

94 1421 219 1462 Pater
233 1427 325 1474 est3
346 1415 503 1466 Filius,
530 1415 666 1459 Filius
687 1424 765 1459 est.
792 1418 888 1459 Jam
908 1416 1014 1460 dicis
1030 1451 1040 1469 ‚
1067 1420 1214 1472 Pater,
1241 1422 1368 1463 Pater
1389 1430 1476 1478 est;

94 1489 250 1544 Filius,
276 1487 412 1532 Filius
447 1498 543 1531 est:
575 1488 687 1531 bene
718 1487 963 1545 periculum
1001 1487 1271 1533 absorbentis
1295 1492 1474 1549 gurgitis

94 1559 263 1604 evasisti
283 1578 293 1604 :
315 1559 424 1618 quid
444 1559 506 1602 vis
533 1558 593 1600 ire
620 1557 666 1600 in
689 1556 866 1600 alteram
889 1566 1078 1616 partem,
1106 1567 1154 1602 ut
1176 1560 1292 1604 dicas
1308 1595 1319 1614 ‚
1345 1561 1477 1606 Aliud

94 1639 157 1675 est
177 1633 321 1683 Pater,
347 1628 481 1673 Filius
499 1625 649 1670 aliud?
675 1625 796 1670 Alius
813 1635 902 1682 est,
927 1637 1044 1672 recte
1060 1627 1165 1672 dicis
1193 1648 1201 1673 2
1227 1630 1361 1685 aliud,
1389 1647 1478 1676 non

94 1710 224 1746 recte.
252 1699 372 1745 Alius
398 1699 514 1742 enim
538 1707 602 1741 est
623 1696 758 1741 Filius
775 1731 786 1751 ,
813 1697 914 1757 quia
936 1713 1025 1741 non
1047 1708 1111 1742 est
1126 1699 1218 1758 ipse
1234 1702 1308 1760 qui
1330 1704 1478 1760 Pater3

95 1781 139 1817 et
159 1772 267 1816 alius
289 1773 432 1823 Pater,
449 1769 550 1828 quia
568 1783 657 1812 non
679 1768 770 1826 ipse
786 1768 863 1827 qui
887 1767 1041 1813 Filius:
1065 1784 1155 1812 non
1176 1779 1322 1814 tamen
1344 1772 1479 1826 aliud,

94 1843 170 1887 sed
187 1843 270 1886 hoc
287 1841 432 1899 ipsum
454 1847 517 1882 est
532 1847 575 1881 et
598 1841 724 1881 Pater
741 1845 784 1880 et
801 1836 952 1880 Filius.
978 1837 1095 1890 Quid
1117 1847 1179 1882 est
1197 1874 1208 1893 ‚
1234 1840 1318 1884 hoc
1339 1841 1481 1901 ipsum

95 1922 187 1970 est3
213 1913 332 1956 Unus
350 1913 463 1954 Deus
491 1917 569 1951 est.
595 1906 790 1960 Audisti,
821 1925 838 1945 «
871 1907 974 1966 quia
996 1923 1085 1951 non
1108 1923 1203 1952 sum
1230 1910 1346 1954 solus
1362 1946 1372 1966 ‚
1406 1911 1482 1956 sed

102 2003 119 2024 »
155 1996 234 2040 ego
250 1990 293 2024 et
310 1980 386 2040 qui
401 1979 516 2022 misit
534 1992 603 2021 me
627 1979 753 2020 Pater
775 1994 783 2020 :
816 1996 833 2017 »
859 1975 960 2019 audi
982 1978 1206 2037 quomodo
1225 1980 1373 2024 credas
1399 1985 1480 2026 Pa-

98 2062 208 2097 trem
227 2060 274 2094 et
291 2049 450 2094 Filium
464 2083 478 2103 ,
499 2046 601 2091 audi
621 2047 765 2105 ipsum
788 2045 961 2089 Filium:
978 2065 994 2085 «
1018 2049 1110 2105 Ego
1132 2057 1175 2091 et
1197 2052 1322 2093 Pater
1344 2066 1482 2096 unum

105 2142 122 2162 »
158 2137 306 2166 sumus
320 2122 350 2163 1.
381 2140 398 2160 »
419 2121 516 2163 Non
539 2117 646 2160 dixit
661 2151 672 2169 ,
693 2119 818 2160 Pater
839 2130 918 2173 ego
940 2131 1036 2159 sum
1055 2137 1065 2173 3
1093 2127 1166 2161 aut
1185 2153 1195 2172 ‚
1221 2122 1314 2178 Ego
1333 2131 1374 2164 et
1400 2125 1481 2166 Pa-

98 2201 166 2236 ter
180 2206 295 2235 unus
312 2197 400 2233 est:
417 2187 493 2232 sed
511 2201 611 2231 cum
629 2185 752 2239 dicit,
776 2203 793 2225 t<
812 2188 906 2244 Ego
921 2194 963 2229 et
983 2189 1108 2229 Pater
1122 2202 1260 2231 unum
1275 2204 1445 2249 sumus3
1463 2212 1479 2233 »

99 2272 339 2320 utrumque
361 2257 462 2302 audi
478 2293 488 2312 ‚
521 2266 565 2300 et
587 2271 749 2309 unum,
776 2264 820 2299 et
843 2271 1013 2310 sumus,
1039 2267 1082 2301 et
1104 2273 1126 2301 a
1149 2259 1374 2317 Charybdi
1397 2271 1440 2306 et
1461 2278 1485 2306 a

104 2332 247 2381 chlla
264 2328 528 2375 liberaberis.
543 2331 595 2371 In
607 2326 763 2370 duobis
783 2326 872 2369 istis
895 2327 1034 2370 verbis
1049 2328 1170 2387 quod
1187 2329 1308 2383 dixit,
1329 2347 1483 2387 unum,

103 2383 260 2448 lib-erat
281 2401 400 2445 teab
422 2399 526 2443 Ario
552 2417 560 2441 ε
586 2395 707 2455 quod
725 2395 848 2449 dixit,
871 2398 1036 2450 sumus,
1060 2397 1215 2442 liberat
1234 2409 1275 2442 te
1299 2417 1319 2443 a
1344 2402 1487 2444 theL

103 2474 178 2518 lio.
208 2473 248 2518 Si
274 2485 409 2515 unum
430 2504 440 2524 ‚
466 2485 554 2513 non
578 2481 678 2524 ergo
700 2465 920 2509 diversum
944 2485 952 2510 :
977 2467 1011 2509 si
1033 2482 1180 2511 sumus
1195 2503 1205 2522 ,
1231 2485 1331 2526 ergo
1353 2481 1395 2513 et
1416 2477 1488 2515 Pa-

159 2566 166 2582 ¹
191 2560 281 2590 Joan.
303 2568 336 2597 x,
358 2557 408 2587 30.

1194 2605 1268 2643 ·26
