1809 3173
356 171 439 212 432
779 183 812 212 s.
851 184 1079 214 Αυαυετιω
1113 187 1293 215 Emscom

357 250 399 294 Si
422 264 525 308 ergo
546 250 732 294 charitas
753 251 830 294 Dei
852 250 1010 296 diffusa
1032 252 1075 296 in
1105 252 1308 297 cordibus
1332 254 1486 297 nostris
1510 268 1585 312 per
1604 255 1738 313 Spiri-

357 330 448 365 tum
472 331 671 366 sanctum
709 324 785 383 qui
819 323 944 368 datus
969 333 1032 368 est
1067 324 1192 369 nobis
1209 359 1219 379 ‚
1246 323 1404 368 multas
1445 325 1608 369 animas
1635 325 1739 370 facit

352 408 486 437 unam
507 395 718 450 animam,
752 404 794 440 et
821 394 959 440 multa
991 395 1122 440 corda
1155 395 1259 440 facit
1280 412 1419 440 unum
1448 412 1548 453 ‹301'3
1572 406 1738 457 quanto

352 465 485 523 magis
503 468 630 509 Pater
646 475 688 510 et
708 467 890 526 Spiritus
908 476 1098 522 sanctus,
1127 469 1241 511 Deus
1256 484 1369 513 unus
1384 503 1395 524 ,
1412 467 1563 512 lumen
1579 483 1735 526 unum,

353 551 581 597 unumque
604 538 867 597 principium
884 540 901 581 ἱ)

411 609 488 651 VI.
513 606 752 652 Audiamus
785 623 885 666 ergo
920 608 1182 668 principium
1212 610 1333 670 quod
1369 608 1564 670 loquitur
1591 610 1735 655 nobis.

355 696 375 719 «
410 677 549 722 Multa
567 713 578 733 ,
599 679 768 738 inquit,
795 679 937 722 habeo
960 678 1081 739 loqui
1100 680 1155 723 de
1177 679 1299 724 vobis
1321 689 1364 724 et
1381 679 1592 740 judicare.
1614 699 1634 722 »
1651 683 1740 725 Me-

352 748 535 792 ministis
566 748 687 808 quod
725 749 808 803 ait,
852 752 945 808 Ego
982 766 1069 793 non
1086 750 1238 809 judico
1269 766 1537 812 quemquam
1557 753 1570 777 ¹
1600 771 1609 796 ;
1641 766 1740 796 eece

352 818 483 862 modo
507 817 633 874 dicit,
664 819 843 864 «Multa
865 820 1007 864 habeo
1035 820 1089 864 de
1121 821 1243 865 vobis
1266 821 1386 881 loqui
1409 831 1451 866 et
1474 821 1685 882 judicare.
1717 840 1736 864 »

352 888 437 934 Sed
460 889 577 933 aliud
595 899 658 934 est
675 925 685 945 ,
707 906 794 935 non
812 889 990 950 judiC03
1015 890 1134 935 aliud
1148 927 1158 945 ‚
1180 911 1199 933 «
1216 892 1357 937 habeo
1369 892 1582 953 judicare.
1605 912 1624 934 »
1644 896 1742 938 Non

346 959 518 1019 judico,
543 959 651 1005 dixit
677 960 731 1005 ad
750 977 960 1021 praesens3
982 972 1160 1006 venerat
1181 963 1296 1007 enim
1326 973 1376 1007 ut
1408 963 1590 1008 salvaret
1612 980 1742 1008 mun-

352 1032 456 1077 dum
487 1052 495 1077 :
522 1032 644 1093 quod
664 1043 810 1077 autem
846 1033 972 1088 dicit,
998 1053 1017 1075 «
1054 1034 1193 1078 Multa
1217 1035 1357 1079 habeo
1387 1035 1442 1079 de
1466 1036 1587 1079 vobis
1619 1035 1743 1096 loqui

352 1121 372 1144 »
410 1112 453 1147 et
480 1104 695 1163 judicare,
725 1105 972 1164 »judicium
1004 1104 1205 1149 futurum
1240 1107 1360 1150 dicit.
1390 1106 1493 1151 Ideo
1522 1107 1638 1150 enim
1673 1123 1742 1152 as-

351 1175 521 1229 cendit,
543 1184 593 1219 ut
614 1176 760 1220 veniat
776 1174 972 1232 Judicare
989 1176 1109 1220 vivos
1134 1186 1176 1220 et
1199 1187 1407 1222 mortuos.
1429 1180 1567 1223 Nemo
1584 1178 1743 1237 justius

345 1244 592 1306 Judicabit‚
619 1262 751 1306 quam
785 1247 859 1306 qui
889 1247 1046 1306 injuste
1074 1246 1294 1306 judicatus
1323 1257 1400 1291 est.
1439 1268 1457 1289 «
1484 1247 1622 1292 Multa
1639 1283 1649 1302 ‚
1675 1248 1744 1292 in»

353 1334 373 1357 »
410 1317 529 1375 quit,
555 1316 697 1361 habeo
736 1316 790 1360 de
824 1317 946 1360 vohis
975 1316 1098 1377 loqui
1129 1326 1171 1360 et
1201 1317 1397 1377 judicare
1424 1337 1432 1362 :
1459 1318 1534 1362 sed
1564 1319 1640 1379 qui
1675 1334 1743 1362 me

353 1403 374 1428 »
411 1387 555 1442 misit,
595 1402 724 1431 verax
747 1396 824 1430 est.
860 1405 880 1428 »
916 1386 1071 1431 Videte
1113 1389 1487 1448 quemadmodum
1517 1390 1633 1434 Patri
1670 1390 1744 1433 det

353 1457 534 1516 gloriam
577 1458 755 1519 {equalis
777 1457 928 1502 Filius.
951 1459 1211 1518 Exemplum
1246 1461 1363 1503 enim
1393 1461 1517 1505 nobis
1546 1461 1740 1520 praebet,

352 1537 395 1572 et
418 1537 628 1588 tanquam
651 1529 697 1572 in
719 1529 927 1573 cordibus
950 1529 1106 1573 nostris
1128 1530 1324 1590 loquitur
1349 1533 1412 1575 :O
1430 1532 1560 1575 homo
1582 1530 1740 1585 fidelis,

351 1599 385 1643 si
407 1599 691 1658 Evangelium
709 1615 856 1644 meum
879 1599 1018 1656 audis,
1037 1600 1142 1645 dicit
1160 1601 1240 1645 tibi
1260 1602 1466 1646 Dominus
1490 1605 1604 1646 Deus
1622 1611 1740 1657 tuus,

351 1671 429 1715 ubi
462 1687 543 1731 ego
564 1672 609 1715 in
634 1671 847 1731 principio
866 1673 1061 1716 Verbum
1093 1675 1205 1717 Deus
1237 1673 1355 1732 apud
1381 1676 1518 1717 Deum
1534 1709 1544 1728 ‚
1565 1672 1744 1733 aequalis

353 1742 492 1798 Patri,
510 1752 752 1787 coaeternus
772 1743 987 1801 gignenti,
1006 1742 1063 1787 do
1079 1743 1258 1800 gloriam
1278 1743 1316 1786 ei
1332 1746 1456 1804 cujus
1468 1759 1562 1787 sum
1580 1743 1739 1798 Filius,

353 1815 578 1874 quomodo
600 1823 650 1858 tu
685 1813 898 1873 superbus
930 1829 973 1857 es
996 1813 1199 1858 adversus
1223 1829 1323 1857 eum
1347 1816 1471 1874 cujus
1495 1829 1641 1858 servus
1667 1816 1744 1858 es?

413 1887 542 1929 VIL«
567 1883 707 1929 Multa
731 1884 871 1927 habeo
886 1918 897 1939 ‚
917 1884 1085 1943 inquit,
1110 1884 1165 1928 de
1184 1885 1306 1929 vobis
1330 1884 1450 1945 loqui
1471 1894 1513 1928 et
1523 1884 1741 1945 judicare,

357 1974 377 1997 »
413 1957 488 2000 sed
506 1956 583 2016 qui
602 1971 671 1999 me
693 1955 837 2010 misit,
871 1969 1000 1998 verax
1023 1963 1086 1997 est
1111 1973 1119 1998 z
1149 1973 1168 1994 »
1202 1964 1410 2014 tanquam
1433 1954 1611 2009 diceret,
1639 1956 1744 2000 Ideo

354 2044 504 2073 verum
524 2028 674 2085 judico
691 2063 701 2082 ‚
727 2027 829 2087 quia
852 2026 986 2070 Filius
1008 2027 1169 2069 veracis
1198 2027 1353 2070 veritas
1376 2042 1488 2070 sum.
1520 2030 1647 2070 Pater
1674 2043 1745 2071 ve-

355 2116 427 2144 rax
443 2135 453 2155 ‚
481 2099 616 2143 Filius
645 2099 802 2143 veritas
819 2133 829 2153 ‚
855 2096 962 2158 quid
984 2106 1188 2156 putamus
1214 2112 1304 2141 esse
1332 2097 1549 2157 amplius?
1567 2098 1742 2156 Cogite-

354 2186 450 2215 mus
470 2172 503 2214 si
526 2170 738 2230 possimus
754 2204 765 2225 ‚
798 2167 905 2229 quid
922 2178 985 2213 est
1013 2167 1220 2227 amplius,
1251 2183 1379 2211 verax
1407 2184 1461 2212 an
1483 2169 1654 2212 veritas.
1681 2172 1742 2212 De

354 2242 621 2301 quibusdam
659 2255 906 2301 quaeramus
940 2259 949 2284 ;
976 2239 1076 2283 Pius
1098 2239 1229 2283 homo
1252 2237 1349 2298 plus
1380 2248 1464 2293 est,
1487 2254 1541 2282 an
1577 2240 1743 2299 pietas?

353 2311 549 2372 sedplus
571 2320 635 2355 est
654 2312 743 2370 ipsa
766 2311 901 2370 pietas
924 2329 932 2354 :
959 2310 1054 2369 pius
1075 2309 1191 2353 enim
1207 2325 1230 2353 a
1252 2309 1433 2368 pietate,
1455 2326 1543 2354 non
1566 2310 1702 2369 pietas
1717 2326 1740 2354 a

354 2382 441 2441 pio.
468 2386 614 2426 Potest
631 2384 746 2425 enim
770 2396 859 2425 esse
882 2381 1039 2441 pietas,
1064 2379 1160 2424 etsi
1182 2379 1255 2423 ille
1287 2380 1363 2440 qui
1384 2379 1480 2439 pius
1511 2389 1623 2435 erat,
1649 2379 1741 2424 fae-

355 2462 422 2497 tus
444 2462 507 2497 est
535 2452 709 2512 impius.
737 2454 832 2511 Ipse
853 2450 1042 2511 perdidit
1079 2450 1305 2510 pietatem,
1330 2449 1480 2510 pietati
1509 2450 1619 2495 nihil
1640 2450 1739 2495 abs-

401 2546 409 2562 ¹
429 2541 520 2572 Joan.
541 2549 614 2581 vm,
635 2538 686 2571 15.
