1809 3173
382 184 461 222 194
810 197 841 221 s.
880 194 1109 225 AUGUSTINL
1143 195 1321 224 emscori
1686 220 1687 223 ,

377 278 396 300 »
434 257 533 317 geli,
560 266 603 301 et
626 256 672 299 in
694 257 799 301 tuba
827 259 900 302 Dei
930 257 1138 302 Dominus
1159 256 1249 316 ipse
1281 253 1515 299 descendet
1534 255 1588 300 de
1611 254 1725 299 coelo
1743 289 1754 309 ,

377 345 397 368 »
433 334 476 368 et
497 324 658 369 mortui
680 323 727 367 in
747 323 918 369 Christo
947 332 1173 383 resurgent
1194 324 1333 384 primo
1365 341 1374 368 2
1399 321 1558 366 deinde
1580 337 1657 366 nos
1690 323 1757 367 vi-

376 413 396 438 »
431 402 578 440 ventes
596 393 672 455 qui
687 392 843 453 reliqui
855 409 1021 450 sumus,
1033 393 1161 438 simul
1171 394 1390 453 rapiemur
1407 390 1603 436 cumillis
1615 391 1662 436 in
1674 407 1761 437 nu-

375 483 394 508 »
429 464 559 509 bibus
575 463 747 509 obviam
762 463 933 508 Christo
946 465 992 506 in
1003 477 1116 517 aera,
1133 473 1176 508 et
1198 463 1258 507 ita
1271 478 1441 523 semper
1457 477 1559 508 cum
1573 462 1758 507 Domino

373 554 394 579 »
428 536 588 580 erimus
601 536 667 578 1.»
688 533 843 579 Veniet
857 534 929 577 illa
945 535 1067 589 hora,
1082 533 1160 577 sed
1175 548 1266 578 non
1283 542 1346 578 est
1360 548 1494 578 nunc.
1516 536 1633 578 Hora
1655 545 1758 578 vero

372 607 452 652 ista
470 621 569 666 quae
591 605 661 660 sit,
686 603 913 659 advertite,
938 621 959 645 «
984 604 1115 648 Venit
1135 605 1258 659 hora,
1284 612 1328 649 et
1347 618 1467 648 nunc
1494 612 1571 648 est.
1597 621 1616 644 »
1642 601 1758 657 Quid
1807 614 1809 616 ·

372 679 418 722 in
433 692 482 721 ea
505 677 585 722 fit?
603 674 711 735 quid
728 674 810 718 nisi
824 675 1081 720 resurrectio
1109 676 1418 720 mortuorum?
1450 677 1507 719 Et
1527 672 1664 735 qualis
1696 689 1759 718 re·
1806 710 1809 713 .

373 746 613 792 surrectio?
632 754 681 789 ut
703 745 781 804 qui
801 754 1048 804 resurgunt,
1066 745 1113 790 in
1134 754 1350 791 aeternum
1382 744 1545 792 vivant.
1570 746 1665 791 Hoc
1680 744 1761 789 erit
1808 800 1809 803 Ἰ

374 827 418 863 et
433 818 480 862 in
501 815 733 861 novissima
757 815 878 859 hora.
1793 811 1809 867 ᾗ

432 890 489 933 X.
510 885 628 941 Quid
650 886 814 945 igitur?
831 886 1055 947 quomodo
1070 885 1350 946 intelligimus
1371 886 1479 932 duas
1497 886 1598 932 istas
1617 900 1763 931 resur·
1804 883 1809 914 7

373 961 616 1006 rectiones?
637 959 861 1020 Numquid
883 959 996 1005 forte
1023 961 1099 1020 qui
1120 975 1239 1005 nunc
1261 969 1518 1019 resurgunt,
1542 969 1649 1005 tunc
1670 974 1761 1005 non

374 1040 617 1091 resurgent,
635 1040 685 1075 ut
703 1030 887 1075 aliorum
904 1032 980 1075 fiat
1001 1047 1120 1075 nune
1134 1032 1408 1086 resurreetio,
1423 1030 1607 1076 aliorum
1624 1030 1761 1074 tunc?

373 1106 471 1150 Non
492 1112 556 1162 est
576 1103 650 1148 ita.
677 1104 787 1148 Nam
818 1103 896 1146 ista
922 1103 1252 1158 resurrectione,
1274 1103 1309 1147 si
1336 1111 1451 1147 recte
1480 1100 1758 1156 credidimus,

374 1173 713 1231 resurreximus,
738 1182 781 1218 ct
803 1188 881 1217 nos
911 1173 992 1232 ipsi
1014 1173 1091 1232 qui
1107 1175 1197 1232 jam
1230 1174 1553 1228 resurreximus,
1583 1171 1762 1216 alteram
1808 1210 1809 1213 ,

373 1246 419 1290 in
441 1246 527 1290 fine
544 1245 905 1289 resurrectionem
924 1254 1214 1303 expectamus.
1238 1243 1323 1289 Sed
1340 1253 1382 1288 et
1408 1258 1528 1287 nunc
1556 1243 1602 1286 in
1632 1251 1761 1286 aeter-

373 1332 477 1361 nam
497 1317 630 1361 vitam
648 1315 976 1370 resurreximus,
1004 1314 1039 1358 si
1060 1316 1105 1358 in
1121 1314 1207 1358 fide
1225 1314 1316 1374 ipsa
1332 1321 1653 1374 perseveranter
1674 1327 1761 1357 ma·
1807 1338 1809 1343 .

374 1402 553 1446 nemus3
585 1396 628 1431 et
650 1396 754 1431 tunc
776 1387 821 1430 in
847 1396 1054 1430 aeternam
1082 1388 1229 1431 vitam·
1253 1400 1543 1444 resurgemus,
1583 1382 1762 1444 quando
1806 1404 1809 1427 z

373 1459 551 1518 Angelis
572 1459 900 1519 coaequabimur
916 1462 944 1502 ὲ.
968 1461 1064 1518 lpse
1085 1473 1187 1516 ergo
1204 1457 1463 1516 distinguat,
1488 1457 1578 1516 ipse
1600 1456 1764 1515 aperiat
1806 1493 1807 1497 ,

375 1529 498 1591 quod
523 1530 646 1590 loqui
683 1531 775 1573 ausi
804 1544 953 1574 sumus
980 1547 989 1573 t
1017 1528 1239 1588 quomodo
1274 1529 1350 1572 fiat
1382 1527 1639 1572 resurreetio
1664 1535 1765 1570 ante
1806 1549 1808 1578 ς

378 1604 754 1657 resurrectionem,
774 1616 865 1645 non
882 1601 1067 1646 aliorum
1088 1609 1132 1644 et
1149 1600 1349 1654 aliorum,
1374 1598 1450 1643 sed
1471 1597 1726 1643 eorumdem
1750 1613 1761 1640 ε
1791 1618 1809 1653 ,1

379 1688 459 1717 nec
492 1671 587 1717 talis
615 1672 755 1733 qualis
789 1672 955 1727 Lazari,
986 1670 1063 1714 sed
1098 1670 1144 1714 in
1171 1671 1303 1714 vitam
1336 1678 1558 1719 aeternam.
1589 1667 1766 1728 Aperiet
1805 1675 1809 1733 ’γ

378 1745 522 1806 plane.
561 1745 720 1790 Audite
752 1744 1090 1788 dilucescentem
1125 1744 1401 1802 magistrum,
1436 1751 1480 1785 et
1511 1740 1766 1785 illabentem
1802 1729 1809 1757 ³

379 1816 584 1861 cordibus
613 1815 769 1860 nostris
804 1815 940 1859 solem
971 1824 1168 1859 nostrum
1197 1834 1209 1872 j,
1240 1829 1330 1858 non
1352 1828 1485 1873 quem
1520 1811 1767 1856 desiderant
1800 1811 1802 1864 j

380 1887 498 1933 oculi
519 1887 680 1943 carnis,
706 1888 782 1931 sed
804 1886 875 1930 cui
903 1893 1091 1929 aestuant
1113 1885 1267 1942 aperiri
1294 1883 1409 1928 oculi
1436 1881 1593 1927 cordis.
1615 1885 1765 1941 Ipsum
1800 1910 1804 1934 ¹.

381 1975 484 2019 ergo
501 1960 728 2004 audiamus
747 1973 754 1999 :
777 1976 796 1999 ιι
814 1961 971 2011 Amen,
984 1970 1110 2000 amen
1124 1954 1221 2000 dico
1233 1954 1371 2009 vobis,
1388 1954 1489 2013 quia
1502 1952 1624 1998 venit
1639 1952 1762 2006 hora,
1798 1942 1804 1993 ἕ

385 2049 406 2073 »
442 2040 485 2075 et
517 2045 636 2075 nunc
658 2038 737 2084 est,
772 2027 950 2088 quando
983 2025 1161 2081 mortui,
1192 2046 1209 2066 »
1228 2023 1372 2069 videte
1406 2023 1589 2083 exprimi
1619 2036 1764 2066 resur-
1798 2042 1802 2054 ›

331 2128 341 2134 -·
384 2101 638 2157 rectionem,
663 2119 683 2143 «
709 2098 894 2153 Quando
914 2097 1075 2142 mortui
1096 2097 1276 2140 audient
1298 2110 1447 2140 vocem
1475 2094 1574 2138 Filii
1606 2093 1699 2148 Dei,
1721 2101 1765 2137 et
1802 2086 1803 2092 ¹

387 2191 408 2215 »
443 2173 520 2232 qui
553 2172 769 2216 audierint
800 2172 961 2215 vivent.
989 2171 1132 2221 Quare
1163 2166 1349 2222 addidit,
1383 2184 1403 2208 «
1433 2165 1518 2218 Qui
1550 2163 1768 2209 audierint

387 2264 408 2289 ι)
443 2246 621 2292 vivent?
645 2263 665 2285 »
686 2247 864 2288 Possent
886 2242 1002 2285 enim
1025 2240 1173 2285 audire
1195 2239 1276 2283 nisi
1298 2240 1520 2283 viverent?
1540 2237 1766 2282 Sufficeret

383 2331 502 2376 ergo,
532 2334 552 2358 «
577 2315 709 2358 Venit
728 2315 834 2358 hora
851 2320 894 2356 et
921 2326 1040 2355 nuuc
1071 2320 1149 2366 est,
1185 2310 1363 2370 quando
1397 2308 1556 2353 mortui
1587 2298 1804 2352 audient*

387 2407 410 2432 ‹<
440 2401 594 2433 vocem
615 2384 714 2430 Filii
735 2385 827 2429 Dei.
850 2404 868 2426 »
886 2386 984 2429 Jam
1004 2397 1083 2429 nos
1099 2381 1438 2440 intelligeremus
1454 2380 1647 2425 viventes
1663 2392 1764 2435 eos;
1798 2397 1802 2418 2

384 2458 562 2522 quando
591 2457 673 2503 nisi
698 2456 909 2511 viverent,
934 2454 1084 2501 audire
1105 2467 1196 2498 non
1228 2460 1416 2512 possent.
1454 2453 1568 2507 Non,
1601 2448 1763 2508 inquit,
1800 2444 1803 2447 ’

435 2552 446 2570 ¹
466 2546 574 2580 Thess.
588 2555 635 2589 iv,
655 2543 709 2586 15,
733 2543 786 2577 16.
807 2558 849 2566 -
869 2548 881 2567 ²
906 2542 983 2575 Luc.
999 2551 1055 2582 xx,
1071 2539 1127 2573 36.
