1825 3214
265 207 305 231 m
348 206 514 231 10ANMS
548 202 850 239 nummum,
888 206 1030 231 imm.
1073 208 1158 232 xxi.
1340 198 1414 232 157

39 271 158 313 nium
180 303 190 320 ,
216 270 416 314 conditus
440 271 481 313 in
507 269 578 313 illa
597 278 658 312 ost
681 269 919 313 secundum
954 271 1136 314 sormam
1160 273 1282 316 servi.
1310 275 1414 318 Nam

38 340 171 398 ipsam
193 340 409 384 civitatem
439 341 480 383 in
499 355 585 400 qua
608 339 809 383 conditus
842 349 921 394 est,
954 342 1088 400 ipsam
1125 341 1247 395 Sion,
1283 344 1415 402 ipsam

36 409 290 454 ,ludaeorum
316 420 486 468 gentem
503 446 514 463 ,
541 410 675 469 ipsam
705 409 966 466 Jerusalem,
994 413 1082 471 ipse
1101 412 1294 457 condidit
1317 430 1416 458 eum

36 490 143 524 esset
161 481 277 540 apud
303 484 468 524 Patrem
489 481 681 524 Verbum
703 481 775 524 Dei
803 500 812 527 ;
843 500 861 523 «
882 483 1037 526 Omnia
1060 483 1173 526 enim
1192 485 1416 543 peripsum

39 569 58 591 »
96 551 204 595 iacta
221 560 338 601 sunt,
364 560 407 595 et
427 552 517 595 sine
534 551 627 611 ipso
642 549 882 596 factumest
904 552 1012 597 nihil
1034 556 1062 596 ¹.
1092 572 1111 594 »
1142 557 1202 597 De
1222 553 1296 598 illo
1316 571 1418 614 ergo

37 623 211 668 homine
232 622 287 666 de
309 638 397 682 quo
419 623 549 667 hodie
571 623 814 667 audivimus
840 642 860 665 «
893 640 1004 668 unus
1033 624 1244 669 mediator
1277 626 1349 669 Dei
1377 636 1419 670 et

36 712 57 734 n
94 694 320 738 hominum
344 695 474 738 homo
497 694 825 740 ChristusJesus
848 698 881 749 ²,
900 713 919 735 »
945 696 1074 740 etiam
1101 696 1417 756 Psalmusprce-

35 763 207 809 loeutus
225 774 311 818 est,
327 764 473 808 dicens
494 783 502 809 ε
528 784 547 806 «
573 768 711 809 Mater
731 766 833 810 Sion
855 766 970 810 dicet
985 767 1116 812 homo
1140 770 1170 810 ³.
1191 785 1209 807 »
1231 767 1416 820 Quidam

36 834 188 889 homo,
228 834 439 879 mediator
466 835 541 878 Dei
577 843 619 878 et
655 836 880 879 hominum
908 837 1060 891 homo,
1091 856 1108 877 «
1149 839 1287 882 Mater
1318 838 1418 883 Sion

37 924 57 946 n
92 906 212 950 dicit.
242 924 261 946 »
286 910 429 959 Quare
452 909 590 950 Mater
615 907 716 951 Sion
735 906 864 951 dicit?
882 908 990 960 Quia
1013 908 1114 952 inde
1132 909 1298 968 accepit
1326 925 1418 954 ear-

34 992 156 1032 nem,
182 977 282 1021 inde
305 978 428 1036 virgo
450 978 585 1021 Maria
601 1012 612 1032 ‚
638 977 693 1022 de
724 980 847 1038 cujus
877 989 1000 1023 utero
1031 983 1138 1024 servi
1163 980 1300 1025 forma
1324 998 1416 1025 sus-

34 1057 158 1108 cepta
177 1057 266 1102 est,
291 1049 335 1092 in
358 1064 441 1107 qua
465 1048 666 1106 dignatus
698 1059 761 1093 est
785 1065 990 1108 apparere
1013 1051 1295 1095 humillimus.
1324 1056 1417 1096 Ma—

36 1127 99 1163 ter
121 1119 223 1164 Sion
253 1118 358 1163 dicit
382 1119 529 1173 homo,
556 1128 598 1162 et
629 1120 760 1163 homo
783 1120 862 1163 iste
889 1121 960 1180 qui
986 1119 1090 1164 dicit
1111 1124 1250 1164 Mater
1284 1123 1383 1166 Sion
1405 1158 1415 1176 ‚

33 1189 172 1234 {hctus
195 1199 258 1234 est
290 1190 335 1233 in
358 1205 422 1243 ea,
449 1190 580 1234 homo
615 1189 754 1234 {hctus
785 1191 914 1234 estin
948 1206 1011 1234 ea.
1045 1194 1153 1235 Nam
1187 1195 1301 1236 Deus
1329 1203 1420 1237 erat

34 1269 132 1304 ante
158 1275 274 1312 eam,
301 1269 343 1304 et
365 1261 496 1304 homo
522 1259 661 1304 factus
684 1269 747 1304 est
769 1260 814 1304 in
837 1276 900 1304 ea.
934 1262 1017 1314 Qui
1044 1262 1174 1305 homo
1199 1261 1335 1307 {hctus
1357 1273 1420 1307 est

32 1331 74 1375 in
94 1347 158 1385 ea,
185 1332 275 1390 ipse
296 1330 497 1375 fundavit
517 1346 611 1375 eam
636 1331 880 1387 altissimus,
903 1348 990 1376 non
1019 1333 1305 1378 humillimus.
1336 1338 1420 1379 Ho-

31 1417 104 1446 mo
124 1401 266 1447 factus
282 1411 345 1447 est
368 1403 412 1445 in
431 1418 478 1445 ea
501 1402 770 1446 humillimus
793 1423 803 1459 3
829 1403 931 1462 quia
956 1423 975 1444 «
998 1404 1191 1448 Verbum
1211 1421 1309 1449 earo
1336 1405 1419 1450 fac-

34 1491 55 1514 »
91 1482 182 1518 tuin
206 1474 293 1528 eet,
319 1482 362 1517 et
393 1474 606 1518 habitavit
636 1473 681 1517 in
701 1474 827 1517 nobis
848 1475 861 1499 ⁴
900 1494 907 1517 :
937 1492 956 1515 »
986 1474 1076 1534 ipse
1101 1473 1301 1520 fundavit
1323 1492 1416 1520 eam

32 1544 288 1602 altissimus3
316 1564 336 1587 (ι
360 1545 470 1598 Quia
493 1545 537 1589 in
561 1545 772 1605 principio
795 1555 887 1590 erat
909 1545 1102 1589 Verbum
1122 1581 1133 1601 ‚
1157 1555 1200 1590 et
1223 1547 1418 1591 Verbum

36 1633 56 1657 »
91 1624 183 1659 erat
207 1614 326 1675 apud
348 1618 503 1670 Deum,
530 1624 573 1659 et
595 1618 706 1659 Deus
729 1624 820 1659 erat
843 1615 1036 1659 Verbum
1061 1634 1069 1659 ;
1090 1617 1233 1660 omnia
1257 1632 1332 1676 per
1351 1618 1418 1676 ip-

35 1703 55 1726 »
90 1700 186 1729 sum
210 1685 323 1730 iacta
345 1694 446 1729 sunt
469 1687 500 1728 ⁵.
530 1703 550 1726 »
576 1685 687 1737 Quia
709 1701 811 1729 vero
840 1684 1038 1730 condidit
1060 1686 1184 1730 istam
1208 1688 1415 1745 patriam,

34 1756 104 1801 hic.
137 1756 294 1800 habeat
315 1757 541 1801 honorem.
570 1755 747 1815 Repulit
769 1772 868 1800 eum
893 1757 1030 1816 patria
1062 1756 1108 1800 in
1130 1772 1216 1816 qua
1238 1773 1415 1817 genera-

34 1835 102 1871 tus
125 1836 188 1871 est
213 1846 221 1871 z
248 1827 453 1886 suscipiat
474 1841 574 1870 eum
592 1827 731 1886 patria
749 1842 880 1886 quam
904 1827 1188 1886 regeneravit.

81 1929 89 1945 ¹
109 1924 201 1955 Joan.
216 1933 239 1963 1,
259 1922 290 1955 3.
312 1939 352 1945 -
377 1928 389 1945 2
411 1932 423 1954 1
445 1921 524 1955 Tim.
545 1933 579 1963 n,
605 1921 637 1954 5.
658 1938 699 1945 -
719 1920 732 1946 3
747 1922 826 1955 Psal.
844 1922 1018 1965 Lxxxv1‚5.
1035 1939 1077 1947 —
1093 1921 1110 1954 4
1129 1925 1221 1956 Joan.
1244 1935 1268 1964 1,
1299 1923 1348 1957 xli.
1378 1939 1418 1947 —-

33 1976 145 2011 ⁵1bid.
172 1990 202 2020 1,
221 1982 284 2011 etc.
