1825 3214
266 243 308 268 ιΝ
341 241 514 268 JOANNJs
548 240 858 278 ammonivit,
893 242 1039 269 TnACT.
1078 244 1216 270 xxvii.
1358 232 1440 270 315

58 306 150 349 dost
169 304 422 365 plurimum.
444 309 549 351 Nam
569 306 716 351 sicaro
735 306 841 349 nihil
865 307 1104 364 prodesset,
1128 308 1318 352 Verbum
1343 324 1442 354 caro

58 392 145 420 non
169 378 316 432 tieret,
343 387 389 420 ut
421 377 683 421 inhabitaret
708 377 752 420 in
778 377 918 420 nobis.
947 376 988 420 si
1016 392 1089 435 per
1120 392 1291 421 carucm
1317 379 1442 423 nobis

58 446 245 491 multum
282 446 445 508 profuit
468 448 688 503 Christus,
713 446 937 507 quomodo
970 462 1070 491 caro
1102 447 1210 490 nihil
1243 449 1442 506 prodest?

58 517 141 564 Sed
165 533 240 578 per
262 534 436 563 carnem
469 519 652 578 Spiritus
680 517 845 578 aliquid
878 533 955 577 pro
990 516 1129 561 salute
1159 527 1305 563 nostra
1337 521 1438 577 egit.

55 591 166 634 Caro
195 605 268 634 vas
293 588 376 634 suit
410 609 418 634 :
457 590 576 650 quod
612 590 804 634 habebat
831 588 1030 644 attende,
1062 603 1151 633 non
1183 590 1303 648 quod
1334 601 1439 636 erat.

54 660 250 720 Apostoli
276 660 389 704 missi
419 670 545 715 sunt,
582 658 797 719 numquid
829 675 929 704 caro
959 659 1151 718 ipsorum
1179 660 1287 703 nihil
1317 662 1443 705 nobis

54 730 245 789 profuit?
270 732 312 776 Si
335 747 435 776 caro
459 730 764 790 Apostolorum
789 730 915 775 nobis
935 729 1114 790 profuit,
1139 746 1240 775 caro
1272 732 1444 777 Domini

54 801 197 861 potuit
215 801 324 846 nihil
343 801 574 860 prodesse?
601 801 723 846 Unde
742 802 858 845 cuim
878 801 931 844 ad
951 817 1028 846 nos
1045 817 1177 845 sonus
1195 802 1333 857 verbi,
1359 803 1444 847 nisi

54 888 129 933 per
165 888 315 918 vocem
344 873 514 918 carnis?
538 874 656 917 unde
688 872 843 931 stylus,
881 873 998 917 unde
1035 873 1322 933 conscriptio?
1356 877 1443 920 Ista

52 944 196 989 omnia
219 959 348 1004 opera
371 945 508 988 earnis
531 953 649 999 sunt,
672 943 746 988 sed
765 944 953 1003 agitante
970 945 1125 1004 spiritu
1150 954 1358 1005 tanquam
1376 961 1444 991 or-

52 1031 213 1075 ganum
231 1031 374 1060 suum.
401 1035 421 1057 «
445 1016 628 1075 Spiritus
652 1034 670 1056 »
689 1031 790 1074 ergo
808 1035 828 1058 «
846 1016 998 1076 estqui
1014 1016 1218 1072 vivificat,
1243 1031 1342 1062 caro
1361 1033 1441 1063 au-

55 1105 74 1127 »
112 1096 198 1131 tem
225 1103 313 1131 non
336 1087 512 1147 prodest
539 1087 780 1148 quidquam
813 1107 822 1132 ;
858 1106 878 1129 »
907 1088 1015 1131 sicut
1040 1087 1103 1132 illi
1134 1087 1442 1134 intellexerunt

51 1174 242 1212 carnem,
266 1174 355 1202 non
375 1159 433 1203 sic
452 1173 530 1217 ego
553 1158 687 1203 doad
712 1158 1067 1203 manducandum
1090 1175 1264 1203 carnem
1282 1175 1438 1206 meam.

112 1231 186 1274 VI.
216 1228 430 1285 Proinde,
470 1249 489 1271 α
526 1229 690 1284 Verba,
724 1229 890 1289 inquit,
917 1245 1016 1289 quae
1043 1244 1122 1287 ego
1150 1230 1323 1275 locutus
1345 1245 1442 1275 sum

54 1319 74 1342 »
109 1300 232 1345 vobis
249 1335 259 1355 ‚
277 1301 450 1361 spiritus
462 1310 504 1344 et
517 1300 717 1346 vitasunt
733 1302 763 1344 ².
784 1300 1012 1345 »Diximus
1025 1301 1157 1356 enim,
1173 1300 1342 1354 fratres;
1358 1302 1442 1347 hoc

53 1370 289 1415 Dominum
312 1371 637 1415 commendasse
665 1370 711 1414 in
739 1370 1078 1416 manducatione
1110 1371 1250 1416 carnis
1278 1386 1368 1416 suae
1399 1380 1442 1417 et

51 1441 275 1501 potatione
303 1440 522 1499 sanguinis
545 1441 637 1496 sui,
663 1450 711 1485 ut
741 1441 786 1484 in
818 1440 893 1485 illo
917 1456 1192 1497 maneamus,
1217 1450 1261 1486 et
1286 1441 1378 1501 ipse
1395 1442 1442 1488 in

51 1511 193 1557 nobis.
208 1515 461 1558 Mane-amus
474 1522 619 1558 autem
641 1513 684 1558 in
708 1512 800 1568 illo,
822 1529 922 1558 cum
939 1529 1086 1559 sumus
1102 1514 1299 1559 membra
1313 1515 1406 1574 ejus
1429 1533 1438 1560 ε

49 1592 198 1628 manet
215 1592 360 1628 autem
384 1583 473 1643 ipse
494 1583 539 1628 in
561 1584 703 1639 nobis,
728 1599 829 1628 oum
847 1599 997 1628 sumus
1019 1584 1232 1644 templum
1254 1586 1360 1645 ejus.
1384 1587 1442 1630 Ut

50 1663 199 1698 autem
229 1655 360 1699 simus
395 1654 591 1699 membra
621 1656 729 1714 ejns,
767 1655 910 1699 unitas
944 1670 1022 1700 nos
1044 1656 1347 1715 compaginat.
1386 1658 1441 1701 Ut

50 1727 323 1785 compaginet
348 1726 515 1780 unitas,
545 1741 645 1786 quae
678 1725 782 1771 facit
816 1727 897 1771 nisi
924 1727 1140 1772 charitas?
1169 1730 1225 1771 Et
1254 1727 1440 1772 charitas

52 1796 129 1841 Dei
150 1796 298 1842 unde?
319 1797 578 1856 Apostolum
601 1798 820 1857 interroga
843 1817 851 1842 :
881 1818 902 1841 «
928 1799 1144 1854 Charitas,
1169 1799 1335 1859 inquit,
1364 1799 1441 1843 Dei

54 1887 73 1909 »
110 1867 270 1913 diffusa
300 1878 363 1913 est
390 1869 437 1913 in
463 1868 669 1914 cordibus
700 1870 855 1914 nostris
877 1884 954 1929 per
978 1870 1187 1929 Spiritum
1210 1879 1436 1926 sanctum,

55 1958 74 1980 »
109 1940 186 2000 qui
198 1940 323 1984 datus
341 1940 540 1986 estnobis
555 1943 588 1985 ².
610 1959 630 1983 »
649 1942 766 2000 Ergo
784 1961 804 1984 «
818 1941 1001 2001 Spiritus
1016 1942 1164 2002 estqui
1173 1941 1362 1987 vivificat
1380 1961 1389 1987 :
1415 1960 1436 1984 »

50 2010 225 2071 spiritus
251 2011 365 2056 enim
387 2010 492 2057 facit
519 2012 618 2057 viva
639 2012 847 2057 membra.
885 2015 972 2059 Nec
999 2014 1097 2059 viva
1130 2013 1327 2058 membra
1348 2014 1438 2073 spi-

48 2081 154 2126 ritus
177 2082 295 2136 facit,
316 2083 393 2127 nisi
418 2099 517 2144 quae
530 2083 576 2128 in
593 2099 773 2143 corpore
796 2084 917 2145 quod
934 2094 1108 2144 vegetat
1129 2084 1221 2145 ipse
1243 2085 1434 2144 spiritus,

49 2152 277 2197 invenerit.
295 2155 406 2198 Nam
421 2153 595 2212 spiritus
616 2155 692 2214 qui
708 2164 770 2200 est
791 2156 837 2199 in
860 2164 917 2210 te,
939 2171 966 2200 o
989 2156 1139 2213 homo,
1163 2172 1252 2216 quo
1267 2165 1439 2202 constas

50 2232 100 2267 ut
126 2223 258 2268 homo
279 2223 334 2268 sis
349 2258 360 2278 ‚
387 2224 604 2284 numquid
634 2225 824 2270 vivificat
846 2227 1095 2271 membrum
1121 2225 1241 2287 quod
1263 2242 1439 2286 separa-

48 2302 142 2338 tum
163 2293 377 2338 invenerit
399 2310 422 2338 a
444 2311 574 2339 carne
605 2298 712 2340 tua?
739 2297 946 2356 Spiritum
969 2307 1096 2343 tuum
1126 2297 1224 2343 dico
1249 2299 1438 2345 animam

49 2373 194 2423 tuam·⁷
217 2365 360 2409 anima
392 2375 467 2411 tua
491 2382 579 2411 non
601 2367 790 2412 vivificat
818 2369 898 2414 nisi
927 2370 1124 2414 membra
1145 2386 1245 2431 quae
1267 2379 1370 2417 sunt
1391 2371 1436 2414 in

48 2451 177 2480 carne
200 2445 297 2493 tua3
317 2452 455 2482 unum
478 2437 512 2481 si
534 2436 684 2494 tollas,
715 2439 807 2499 jam
826 2455 916 2484 non
939 2440 1184 2485 vivificatur
1212 2456 1263 2485 ex
1291 2440 1435 2486 anima

47 2515 137 2562 tua,
162 2506 263 2567 quia
280 2507 435 2552 unitati
453 2508 643 2569 corporis
669 2509 732 2554 tui
756 2524 846 2554 non
866 2510 1114 2571 copulatur.
1143 2513 1246 2556 Haec
1275 2511 1433 2557 dicun·

95 2598 106 2613 ¹
122 2593 215 2624 Joan.
234 2603 280 2634 vr,
299 2592 355 2635 64.
379 2610 416 2616 —
436 2600 449 2615 ²
469 2596 559 2626 Rom.
584 2604 617 2633 v,
636 2593 668 2626 5.
