1825 3214
305 235 345 259 lN
380 234 553 261 JoANNIS
588 232 894 272 ιςνΑιωΕωωι,
930 236 1075 263 Timor.
1117 240 1209 264 xm.
1358 231 1437 268 100

54 296 107 338 ab
128 296 304 339 ineunte
323 306 449 341 :etate
472 308 755 350 conservant,
783 299 876 343 alian
897 301 1184 358 virginitatem
1203 318 1324 348 suam
1351 308 1438 350 Deo

51 375 290 410 voverunt:
313 367 478 412 diversa
503 379 604 413 sunt
622 384 818 424 munera,
838 371 912 414 sed
937 386 1087 415 omnes
1111 373 1177 416 isti
1211 390 1294 418 una
1318 375 1439 434 virgo

0 461 3 466 -
49 444 126 479 est.
155 437 234 480 Ubi
263 446 326 481 est
349 438 425 482 ista
451 439 670 497 virginitas
683 443 700 484 P
723 456 811 486 non
830 441 946 485 enim
979 442 1022 485 in
1055 458 1251 503 corpore.
1283 449 1439 490 Pauca-

50 521 143 550 rum
168 507 448 553 foeminarum
472 519 558 566 est,
584 520 627 554 et
649 511 681 555 si
715 512 800 556 dici
823 512 1046 571 virginitas
1076 514 1119 556 in
1140 514 1240 557 viris
1263 525 1404 574 potest
1425 552 1435 571 ,

49 591 287 635 paucorum
312 579 503 624 virorum
527 591 673 627 sancta
697 582 918 641 integritas
941 584 1072 628 etiam
1092 586 1284 645 corporis
1308 596 1370 631 est
1394 588 1438 631 in

48 648 253 704 Ecclesia,
270 660 312 695 et
330 652 626 698 honorabilius
651 655 897 699 membrum
915 665 1002 700 est:
1032 654 1113 701 alia
1137 666 1285 702 autem
1309 674 1438 702 mem-

46 717 122 763 bra
152 735 239 765 non
260 720 303 765 in
333 737 536 782 corpore,
561 723 636 768 sed
658 727 803 770 onmia
824 725 868 770 in
891 736 1038 772 mente
1059 737 1234 772 servant
1254 729 1437 788 virgini-

46 799 192 835 tatem.
226 795 334 846 Quae
367 803 430 840 est
459 796 682 854 virginitas
719 798 912 842 mentis?
943 801 1116 858 Integra
1140 798 1274 856 fides,
1300 800 1437 846 solida

43 876 155 920 spes,
180 865 343 909 sincera
365 867 566 911 charitas.
594 871 714 913 Hane
734 869 1024 927 virginitatem
1049 871 1232 916 timebat
1254 872 1346 929 ille,
1361 874 1437 933 qui

43 933 209 978 zelabat
230 950 409 995 sponso,
445 955 467 982 a
505 949 705 998 serpente
733 942 968 1002 eorrumpi.
1006 943 1124 987 Sicut
1160 944 1274 988 enim
1300 960 1436 989 mem-

43 1003 173 1048 brum
196 1007 387 1065 corporis
408 1007 596 1053 violatur
618 1010 663 1054 in
686 1013 879 1070 quodam
906 1013 1025 1068 loeo,
1059 1015 1118 1059 sie
1133 1015 1329 1059 seductio
1355 1015 1435 1060 lin-

42 1088 138 1132 guae
160 1075 293 1121 violat
311 1077 602 1135 virginitatem
633 1081 788 1125 cordis.
811 1086 859 1126 ln
889 1093 1034 1128 mente
1067 1100 1156 1129 non
1184 1101 1435 1146 corrumpa-

42 1153 129 1200 tur,
149 1162 249 1206 quae
265 1163 354 1192 non
372 1148 467 1193 vult
485 1150 576 1194 sine
593 1167 720 1196 eausa
737 1160 884 1197 tenere
904 1155 1095 1213 eorporis
1120 1156 1429 1214 virginitatem.

99 1219 223 1261 XIII.
250 1218 366 1271 Quid
394 1235 497 1279 ergo
525 1222 666 1266 dicam
684 1258 696 1277 ‚
732 1221 917 1268 fratres?
947 1227 1002 1270 Et
1035 1226 1229 1271 haeretiei
1268 1227 1433 1272 habent

40 1287 224 1345 virgines
241 1324 252 1344 ‚
282 1299 325 1334 et
341 1291 493 1335 multae
510 1302 613 1339 sunt
629 1294 814 1353 virgines
837 1296 1179 1342 haeretieorum‘P
1198 1298 1432 1343 Videamus

38 1358 70 1402 si
93 1375 299 1419 sponsum
323 1372 485 1420 amant,
511 1374 561 1410 ut
581 1366 803 1426 virginitas
830 1367 908 1412 ista
928 1369 1308 1415 custodiatur.Cui
1330 1385 1431 1415 cus-

39 1431 236 1477 toditur?
257 1434 429 1480 Christo
446 1471 457 1493 ‚
483 1437 640 1498 inquit.
669 1437 902 1483 Videamus
924 1439 957 1484 si
979 1440 1153 1485 Christo
1175 1456 1265 1486 non
1283 1443 1430 1487 Dona-

38 1509 82 1546 to
100 1521 108 1547 :
126 1503 351 1551 videamus
367 1509 437 1552 cui
460 1518 654 1554 servetur
676 1510 754 1555 ista
773 1510 1018 1570 virginitas3
1037 1513 1124 1557 cito
1148 1513 1335 1572 probare
1354 1529 1429 1572 po·

37 1573 187 1618 teritis.
224 1578 337 1622 Ecce
372 1578 554 1624 ostendo
583 1596 814 1640 sponsum,
857 1582 959 1640 quia
999 1582 1089 1641 ipse
1120 1597 1164 1627 se
1202 1582 1424 1628 ostendit:

35 1644 235 1702 perhibet
263 1646 326 1692 illi
355 1651 650 1695 testimonium
684 1654 900 1707 Joannes,
930 1670 945 1694 e
976 1652 1057 1697 Hic
1088 1661 1153 1697 est
1181 1654 1257 1713 qui
1280 1653 1426 1713 bapti-

10 1719 13 1723 *
38 1731 58 1755 »
94 1718 200 1759 zat¹.
236 1734 256 1758 »
282 1719 320 1761 Ο
343 1727 392 1762 tu
412 1721 534 1779 virgo
550 1755 560 1774 ,
597 1722 629 1765 si
660 1737 818 1781 sponso
848 1723 950 1767 huic
973 1738 1116 1768 servas
1135 1724 1425 1781 virginitatem

35 1793 176 1840 tuam,
203 1803 339 1847 quare
366 1790 501 1834 curris
523 1790 577 1834 ad
600 1806 699 1836 eum
724 1793 801 1852 qui
820 1793 945 1849 dicit,
971 1797 1065 1853 Ego
1094 1794 1268 1854 baptizo
1295 1811 1425 1840 :eum

35 1856 199 1901 amicus
221 1859 367 1917 sponsi
394 1861 458 1903 tui
477 1860 625 1916 dicat,
655 1880 675 1904 «
701 1863 780 1907 Hic
796 1872 859 1908 est
881 1864 959 1923 qui
977 1864 1200 1924 baptizat?
1218 1884 1237 1906 »
1259 1865 1425 1910 Deinde

32 1941 214 1986 sponsus
237 1937 338 1975 tuus
363 1939 505 1975 totum
529 1932 678 1976 orbem
709 1941 850 1989 tenet,
876 1950 1010 1994 quare
1029 1943 1078 1979 tu
1100 1936 1145 1982 in
1173 1945 1296 1996 parte
1323 1952 1422 1981 eor-

32 1999 278 2058 rumperis?
305 2002 411 2054 Quis
441 2012 504 2047 est
533 2007 751 2064 sponsus?
779 2006 993 2059 Quoniam
1026 2022 1102 2052 rex
1135 2008 1275 2053 omnis
1296 2017 1422 2052 terrae

32 2071 160 2114 Deus.
188 2073 284 2130 Ipse
317 2087 498 2132 sponsus
537 2084 638 2120 tuus
672 2084 815 2121 totum
838 2085 982 2132 tenet,
1008 2079 1110 2138 quia
1137 2087 1275 2124 totum
1297 2082 1416 2127 emit.

32 2141 142 2185 Vide
167 2142 321 2201 quanti
345 2145 518 2199 emerit,
541 2154 590 2190 ut
613 2146 825 2205 intelligas
845 2147 952 2208 quid
974 2149 1150 2193 emerit:
1177 2150 1297 2210 quod
1320 2167 1420 2211 pre-

33 2209 142 2255 tium
175 2211 327 2257 dedit?
354 2215 609 2274 sanguinem
633 2216 767 2260 dedit.
799 2218 880 2262 Ubi
905 2218 1049 2274 dedit,
1075 2218 1151 2263 ubi
1185 2219 1419 2267 fuditsan-

32 2281 207 2340 guinem
230 2298 356 2328 suum
375 2286 393 2328 P
409 2285 453 2329 in
475 2287 687 2345 passione.
714 2290 868 2333 Nonne
884 2304 1043 2348 sponso
1065 2298 1141 2335 tuo
1163 2300 1326 2348 cantas,
1345 2303 1421 2338 aut

30 2361 203 2396 cantare
218 2363 261 2398 te
283 2354 432 2414 fingis,
457 2356 634 2416 quando
656 2367 826 2418 emptus
844 2368 908 2404 est
931 2369 1047 2405 totus
1065 2361 1181 2406 orbis
1204 2381 1211 2407 :
1236 2382 1256 2405 «
1281 2365 1419 2409 Fode-

34 2439 54 2463 »
89 2433 192 2468 runt
212 2440 366 2471 manus
385 2441 502 2471 meas
525 2437 567 2472 et
589 2427 736 2488 pedes,
755 2429 1143 2477 dinumeraVerunt
1164 2434 1308 2478 omnia
1326 2450 1417 2479 ossa

33 2509 54 2534 »
89 2509 184 2540 mea
208 2515 217 2541 z
247 2497 326 2556 ipsi
353 2513 455 2544 vero
489 2498 902 2558 consideraverunt,
928 2511 971 2547 et
1008 2515 1326 2563 conspexerunt
1348 2520 1416 2549 me

81 2584 90 2601 ¹
111 2580 202 2613 Joan.
225 2592 250 2621 1,
271 2581 323 2614 33.
