1809 3173
369 123 454 162 370
807 131 841 159 s.
877 132 1108 162 Auens‘nm
1140 135 1322 162 EP15COP1

361 201 475 242 Ecce
496 195 707 240 Dominus
730 196 776 239 in
790 198 1096 257 respondendo
1109 208 1152 243 et
1167 198 1381 259 justitiam
1404 207 1650 244 servaturus
1670 209 1750 255 est,

361 278 405 313 et
437 285 461 313 a
492 267 830 312 mansuetudine
862 285 952 314 non
990 285 1247 314 recessurus.
1276 272 1372 315 Non
1403 279 1467 314 est
1499 279 1650 330 captus
1683 272 1756 316 cui

359 338 648 394 tendebatur,
674 338 752 383 sed
771 339 914 399 potius
937 341 1051 399 capti
1072 350 1173 384 sunt
1191 342 1266 401 qui
1299 339 1562 399 tendebant3
1587 342 1688 401 quia
1708 341 1756 386 in

364 426 464 455 eum
488 410 566 471 qui
585 425 657 455 eos
676 419 818 470 posset
841 410 896 454 de
924 410 1086 470 laqueis
1104 426 1276 466 eruere,
1301 428 1390 456 non
1409 411 1663 457 credebant.

422 484 476 526 V.
504 481 622 535 Quid
639 496 740 540 ergo
755 480 980 540 respondit
1007 481 1214 525 Dominus
1231 485 1355 527 Jesus
1369 485 1387 525 ⁶?
1403 483 1510 543 quid
1534 481 1758 542 respondit
1808 503 1809 542 i

360 553 550 597 veritas?
565 552 672 614 quid
696 551 919 611 respondit
941 552 1305 612 sapientia?quid
1330 553 1552 613 respondit
1573 554 1663 613 ipsa
1685 553 1758 599 cui
1807 562 1809 581 ³

357 623 577 668 calumnia
594 622 1040 683 parabaturjustitia?
1059 625 1156 668 Non
1171 623 1294 678 dixit,
1316 627 1412 669 Non
1430 623 1649 684 lapidetur
1673 644 1680 669 :
1704 639 1758 669 ne

354 703 506 739 contra
537 696 695 752 Legem
716 692 860 736 dicere
890 692 1127 738 videretur.
1153 694 1277 738 Absit
1306 704 1451 738 autem
1483 704 1533 738 ut
1560 694 1756 740 diceret:
1804 718 1809 738 a

352 764 594 824 Lapidetur
623 782 632 808 ε
673 783 694 806 «
729 764 850 808 venit
882 763 997 807 enim
1027 780 1115 808 non
1138 765 1320 824 perdere
1342 765 1463 825 quod
1504 765 1754 821 invenerat,

355 853 375 876 »
412 834 486 879 sed
517 849 713 894 quaerere
737 833 860 894 qnod
893 834 1125 893 perierat¹.
1163 835 1325 888 »Quid
1362 851 1463 894 ergo
1501 835 1757 895 respondit?

350 905 507 949 Videte
527 920 661 965 quam
694 905 878 963 plenum
915 905 968 949 sit
998 906 1193 965 justitia,
1219 906 1398 965 plenum
1422 907 1758 951 mansuetudine
1805 917 1806 922 ’

349 986 393 1022 et
416 977 612 1032 veritate,
644 995 665 1019 «
689 977 773 1029 Qui
797 976 889 1020 sine
914 986 1095 1035 peccato
1118 987 1180 1022 est
1202 987 1420 1033 vestrum,
1445 979 1615 1038 inquit,
1640 979 1759 1038 prior
1805 1018 1806 1027 ,

352 1067 372 1091 »
410 1049 454 1092 in
475 1048 596 1092 illam
615 1047 812 1108 lapidem
832 1049 1021 1092 mittat2.
1044 1067 1063 1090 n
1080 1050 1118 1092 Ο
1137 1050 1356 1109 responsio
1374 1050 1616 1109 sapientiae!
1636 1053 1759 1104 Quo·
1805 1073 1806 1080 1

349 1119 483 1164 modo
501 1135 573 1164 eos
591 1118 827 1164 intromisit
846 1121 891 1162 in
905 1120 979 1163 se?
1003 1120 1123 1164 Foris
1137 1120 1254 1163 enim
1275 1119 1658 1165 calumniabantur
1673 1155 1684 1176 ‚
1710 1135 1756 1165 se

350 1193 465 1251 ipsos
496 1191 756 1236 intrinsecus
792 1206 882 1235 non
905 1193 1294 1250 perscrutabantur
1319 1211 1328 1236 :
1354 1191 1600 1236 adulteram
1627 1192 1754 1237 vide-

355 1262 486 1317 bant,
512 1277 556 1305 se
595 1277 685 1305 non
708 1261 1040 1321 perspiciebant.
1069 1262 1424 1305 Praevaricatores
1449 1262 1571 1320 Legis
1594 1265 1755 1321 Legem

353 1332 530 1392 impleri
551 1332 818 1390 cupiebant,
854 1340 897 1375 et
920 1332 1001 1375 hoe
1029 1331 1364 1389 calumniando3
1390 1348 1479 1375 non
1503 1347 1628 1387 vere,
1655 1341 1756 1376 tan-

299 1423 305 1426 ·
354 1418 487 1463 quam
512 1401 729 1446 adulteria
751 1402 949 1446 castitate
972 1400 1240 1446 damnando.
1265 1402 1456 1446 Audistis
1486 1402 1654 1458 Judaei,
1678 1418 1758 1447 au-

355 1474 475 1518 distis
500 1473 735 1529 Pharisaei,
762 1472 938 1517 audistis
963 1473 1087 1531 Legis
1117 1473 1315 1517 doctores
1344 1473 1469 1532 Legis
1499 1472 1727 1518 custodem
1745 1508 1758 1530 ,

356 1545 432 1590 sed
460 1544 661 1590 nondum
689 1543 954 1589 intellexistis
982 1543 1304 1603 Legislatorem.
1342 1545 1459 1597 Quid
1484 1545 1608 1589 vobis
1630 1544 1750 1590 aliud

361 1617 575 1677 significat
593 1651 604 1672 ,
625 1631 726 1661 cum
750 1615 885 1674 digito
914 1615 1066 1659 scribit
1094 1616 1139 1659 in
1171 1615 1341 1659 terra³P
1370 1615 1514 1674 Digito
1546 1616 1660 1660 enim
1680 1616 1760 1661 Dei

364 1691 453 1732 Lex
474 1687 632 1747 scripta
655 1696 741 1742 est,
766 1685 842 1730 sed
864 1694 1041 1746 propter
1070 1684 1203 1730 duros
1226 1685 1273 1729 in
1292 1684 1436 1744 lapide
1462 1686 1620 1745 scripta
1650 1686 1762 1731 est4.

363 1761 490 1805 Nune
508 1760 599 1819 jam
625 1757 832 1801 Dominus
852 1756 899 1800 in
919 1766 1031 1800 terra
1052 1756 1284 1812 scribebat,
1305 1756 1408 1817 quia
1430 1755 1624 1801 fructum
1640 1772 1758 1817 quae·

366 1832 505 1876 rebat.
531 1828 725 1875 Audistis
747 1843 878 1886 ergo,
900 1828 1141 1887 Impleatur
1154 1831 1267 1884 Lex,
1292 1827 1514 1888 lapidetur
1535 1827 1734 1873 adultera
1754 1846 1765 1874 ε

366 1903 443 1948 sed
475 1901 693 1962 numquid
720 1900 765 1944 in
786 1899 859 1943 illa
881 1898 1102 1958 punienda
1121 1933 1132 1954 ‚
1171 1902 1260 1943 Lex
1296 1899 1520 1958 implenda
1549 1909 1613 1944 est
1639 1916 1663 1944 a
1685 1915 1770 1959 pu-

368 1974 570 2020 niendis?
599 1970 855 2018 Consideret
888 1986 933 2015 se
965 1970 1269 2030 unusquisque
1299 1980 1516 2026 vestrum,
1557 1971 1692 2015 intret
1721 1972 1769 2015 in

369 2047 666 2106 semetipsum,
692 2041 896 2088 ascendat
919 2042 1111 2087 tribunal
1133 2043 1290 2086 mentis
1312 2058 1402 2086 suae
1417 2077 1428 2098 ,
1453 2043 1689 2088 constituat
1717 2058 1764 2088 se

373 2127 474 2162 ante
497 2115 808 2162 conscientiam
825 2128 970 2168 suam,
997 2122 1126 2172 cogat
1146 2128 1190 2157 se
1211 2113 1424 2158 confiteri.
1445 2115 1534 2158 Scit
1554 2114 1672 2158 enim
1689 2113 1768 2174 qui
1808 2155 1809 2170 ἶ

379 2189 433 2233 sit
464 2208 473 2234 ι
499 2188 601 2249 quia
636 2201 765 2231 nemo
796 2184 876 2229 seit
902 2184 1132 2229 hominum
1162 2201 1263 2245 quae
1293 2194 1396 2229 sunt
1426 2185 1644 2240 hominis,
1684 2185 1768 2229 nisi
1807 2173 1809 2229 Ξ

382 2260 556 2320 spiritus
585 2256 774 2302 hominis
796 2255 872 2316 qui
894 2255 939 2298 in
971 2256 1064 2315 ipso
1102 2258 1205 2300 est⁵.
1236 2256 1540 2316 Unusquisque
1561 2256 1607 2299 in
1634 2270 1678 2300 se
1699 2256 1770 2300 in-

385 2331 591 2385 tendens,
612 2336 884 2389 peecatorem
903 2342 946 2370 se
963 2326 1142 2370 invenit.
1165 2329 1231 2370 Ita
1251 2325 1396 2386 plane.
1422 2329 1537 2385 Ergo
1558 2334 1634 2371 aut
1650 2326 1774 2370 istam

436 2433 443 2449 ¹
471 2429 551 2460 Luc.
569 2437 639 2466 xix,
664 2434 704 2456 10
734 2440 776 2446 —
797 2430 809 2446 ²
829 2424 920 2454 Joan.
940 2433 1010 2463 vm,
1031 2432 1062 2463 7.
1083 2438 1125 2445 —
1146 2419 1253 2454 ³1bid.
1280 2421 1313 2454 6.
1341 2438 1382 2444 —
1400 2419 1530 2454 ⁴Exod.
1553 2430 1642 2464 xxxx,
1665 2421 1773 2454 18.—

385 2480 399 2505 5
424 2484 581 2520 1C0r.11‚
603 2491 651 2512 11.

1807 2251 1809 2330 i

1807 2365 1809 2393 i
