1809 3173
384 171 468 208 lili)
810 179 842 205 S.
879 179 1107 206 AUGUSTINI
1141 180 1319 205 EPISCOPI

383 256 466 289 tam
486 246 679 297 futuram
700 245 745 287 in
767 243 933 304 judicio
959 243 1042 288 :de
1066 260 1152 302 quo
1174 242 1341 287 dictum
1364 252 1427 286 est
1448 262 1455 286 :
1485 261 1503 284 «
1528 246 1640 286 Deus
1668 258 1761 286 ma-

383 334 402 357 »
439 316 618 359 nisestus
646 316 811 370 veniet,
850 319 961 358 Deus
992 324 1137 358 noster
1159 324 1202 358 et
1237 329 1323 358 non
1361 313 1544 357 silebit1.
1592 332 1610 354 »
1651 312 1763 366 Quid

379 397 465 440 est,
501 385 752 430 manifestus
784 387 958 430 veniet?
994 386 1104 438 Quia
1124 386 1242 428 venit
1263 384 1459 429 occultus
1475 419 1485 438 ,
1506 384 1650 428 veniet
1672 399 1766 427 ma-

379 459 561 502 nifestus
596 462 709 502 Deus
745 468 909 510 noster,
936 458 1019 500 hoc
1045 466 1107 500 est
1136 457 1346 500 Christus.
1388 459 1443 499 Et
1477 471 1565 499 non
1597 454 1760 509 silebit,

379 529 487 589 quid
520 538 606 583 est,
657 544 745 572 non
791 528 963 571 silebit?
999 526 1099 585 quia
1142 527 1280 585 primo
1319 526 1450 569 siluit.
1492 526 1575 570 Ubi
1618 524 1765 569 siluit?

379 599 558 659 quando
586 598 806 658 judicatus
838 605 922 649 est,
958 605 1006 639 ut
1034 596 1162 639 etiam
1208 597 1291 639 hoe
1330 596 1603 654 impleretur,
1645 593 1765 653 quod

380 679 423 713 et
459 669 672 727 Propheta
704 667 984 726 praedixerat,
1019 686 1037 707 «
1076 666 1194 710 Sicut
1234 666 1324 709 ovis
1361 665 1415 708 ad
1451 664 1764 708 immolandum

383 759 402 781 n
438 739 595 782 ductus
628 748 712 793 est,
759 747 802 781 et
839 738 950 780 sicut
983 752 1117 794 agnus
1149 752 1293 780 eoram
1339 735 1547 779 tondente
1586 751 1629 778 se
1675 736 1765 778 sine

382 828 402 851 »
437 825 565 862 voce,
601 809 660 851 sic
693 823 782 852 non
814 809 981 866 aperuit
1018 823 1064 850 os
1092 811 1261 850 suum2.
1301 825 1320 847 »
1351 807 1392 850 Si
1421 822 1523 864 ergo
1558 806 1646 865 pati
1667 804 1765 849 nol-

379 879 468 933 let,
503 894 593 921 non
624 887 871 937 pateretur,
909 878 1054 921 sinon
1085 886 1329 936 pateretur,
1372 876 1544 934 sanguis
1570 875 1643 918 ille
1678 891 1767 919 non

379 948 667 1004 funderetur,
693 948 726 991 si
759 948 930 1005 sanguis
948 947 1020 990 ille
1043 964 1129 991 non
1149 947 1430 1000 funderetur,
1455 945 1645 989 mundus
1676 961 1765 989 non

381 1018 682 1062 redimeretur.
706 1022 895 1076 Agamus
926 1018 1073 1077 itaque
1096 1018 1252 1076 gratias
1276 1027 1318 1061 et
1340 1017 1541 1076 potestati
1563 1016 1765 1059 divinita·-

380 1089 448 1143 tis,
466 1098 509 1132 et
531 1088 793 1132 miserationi
812 1088 1073 1131 infirmitatis
1096 1090 1189 1148 ejus
1215 1108 1224 1133 2
1249 1098 1291 1132 et
1308 1088 1362 1130 de
1385 1086 1553 1131 occulta
1572 1087 1765 1145 potentia

380 1158 668 1218 quamJudaei
694 1174 783 1202 non
811 1167 1049 1212 noverant,
1078 1158 1195 1201 unde
1224 1157 1306 1201 illis
1331 1157 1461 1201 modo
1488 1157 1655 1200 dictum
1678 1166 1762 1209 est,

384 1249 404 1270 «
438 1232 590 1289 Neque
614 1245 682 1272 me
704 1230 856 1280 nostis,
884 1245 1024 1288 neque
1045 1233 1213 1272 Patrem
1234 1229 1401 1272 meum³
1424 1247 1432 1272 ;
1462 1246 1480 1267 »
1503 1237 1546 1271 et
1567 1227 1621 1270 de
1639 1242 1766 1270 earne

380 1309 577 1358 suscepta
600 1315 730 1359 quam
745 1299 888 1343 Judaei
906 1309 1137 1351 noverant,
1156 1309 1198 1343 et
1217 1301 1339 1359 eujus
1356 1299 1537 1358 patriam
1554 1298 1762 1352 sciebant,

382 1369 498 1413 unde
523 1369 605 1413 illis
638 1369 720 1413 alio
742 1368 838 1413 loeo
861 1369 968 1413 dixit
995 1390 1002 1414 :
1033 1390 1052 1411 «
1090 1373 1145 1413 Et
1182 1385 1251 1413 me
1279 1370 1432 1422 nostis,
1470 1378 1512 1412 et
1540 1368 1657 1412 unde
1688 1369 1766 1412 sim

384 1457 404 1479 »
441 1439 613 1483 nostis4.
643 1458 661 1480 »
694 1441 937 1498 Utrumque
978 1440 1224 1483 noverimus
1254 1441 1298 1482 in
1336 1441 1529 1493 Christo,
1567 1448 1611 1482 et
1649 1437 1766 1481 unde

381 1508 560 1569 aequalis
580 1519 643 1552 est
666 1510 799 1562 Patri,
825 1519 868 1552 et
891 1510 1007 1552 unde
1026 1509 1100 1553 illo
1124 1511 1258 1569 major
1281 1519 1341 1553 est
1366 1513 1504 1553 Pater.
1526 1508 1642 1552 Illud
1660 1511 1767 1552 Ver-

381 1580 488 1624 bum
521 1590 607 1635 est,
644 1580 754 1624 illud
789 1597 913 1638 earo,
948 1580 1057 1624 illud
1092 1585 1203 1624 Deus
1240 1590 1323 1636 est,
1361 1579 1469 1624 illud
1497 1580 1629 1624 homo
1656 1599 1664 1624 :
1690 1580 1762 1624 sed

381 1667 495 1695 unus
515 1660 578 1695 est
600 1651 796 1696 Christus
820 1655 933 1695 Deus
961 1661 1005 1695 et
1025 1652 1173 1696 homo.

430 1766 438 1782 ¹
457 1759 537 1791 Psal.
560 1770 644 1800 xmx,
669 1759 700 1791 3.
722 1776 763 1781 —
783 1766 794 1781 ²
815 1761 887 1792 Isai'.
909 1771 971 1801 uu,
992 1771 1023 1802 7.
1043 1777 1084 1783 --
1106 1759 1118 1783 3
1137 1763 1216 1792 Joan
1249 1771 1316 1801 vni,
1340 1771 1389 1802 ¹9·
1411 1759 1479 1788 -4
1500 1760 1545 1792 ld.
1569 1771 1625 1800 vn,
1641 1759 1695 1791 28.
