1809 3173
347 172 430 209 206
786 180 819 210 s.
855 180 1086 213 Aueusruu
1119 186 1299 215 Erlscom

343 244 412 289 dic
434 243 599 304 aliquid
613 279 625 301 ‚
645 245 728 290 hoc
751 255 815 292 est
840 247 895 292 de
917 247 1175 294 discretione
1199 249 1410 296 malorum
1428 258 1471 294 et
1490 250 1722 295 bonorum.

341 319 397 360 Et
422 317 505 361 hoc
527 315 630 361 audi
650 336 659 363 ε
683 336 703 360 «
725 319 807 372 Qui
831 319 946 364 bona
967 319 1193 377 fecerunt,
1214 322 1261 366 in
1281 322 1634 366 resurrectionem
1657 323 1726 366 vi-

344 404 363 428 »
399 395 457 431 tae
476 406 485 433 z
509 387 586 448 qui
605 387 718 433 mala
740 399 943 448 egerunt,
968 391 1014 434 in
1031 392 1390 437 resurrectionem
1408 390 1576 452 judicii.
1597 410 1619 434 »
1643 394 1726 437 Su-

339 457 483 517 perius
500 455 600 503 cum
616 458 670 503 de
687 461 998 505 resurrectione
1018 462 1230 506 mentium
1249 471 1292 506 et
1309 463 1551 507 animarum
1571 462 1726 523 loque-

339 537 474 583 retur,
489 529 704 589 numquid
718 528 820 574 fecit
832 530 1162 576 discretionem?
1176 533 1260 577 Sed
1276 547 1424 576 omnes
1437 533 1512 592 qui
1528 533 1722 590 audient,

338 599 511 644 vivent:
532 600 634 658 quia
664 598 944 644 obaudiendo
969 601 1131 645 vivent.
1167 605 1224 646 At
1256 617 1358 647 vero
1390 604 1655 661 resurgendo
1682 613 1727 648 et

336 669 615 729 procedendo
646 669 700 714 de
731 672 1046 727 monumentis,
1071 687 1161 717 non
1183 688 1333 718 omnes
1355 673 1410 717 ad
1431 674 1567 718 vitam
1595 683 1725 719 aeter-

336 756 437 785 nam
460 741 616 795 ibunt,
641 741 717 785 sed
749 741 827 801 qui
848 741 958 785 bene
988 742 1188 787 fecerunt
1207 762 1216 788 z
1238 744 1313 803 qui
1336 754 1483 788 autem
1506 744 1619 789 male
1634 780 1645 800 ,
1670 745 1725 790 ad

329 810 560 871 judicium.
600 810 680 854 Hic
713 811 827 854 enim
857 811 1071 871 judicium
1104 828 1183 872 pro
1210 829 1341 873 poena
1369 815 1527 873 posuit.
1560 817 1619 859 Et
1644 815 1725 859 erit

334 880 567 940 diremptio
583 890 624 925 et
640 896 729 925 non
746 881 886 941 qualis
899 881 1031 926 modo
1050 891 1126 927 est.
1145 885 1254 928 Nam
1269 892 1312 928 et
1329 884 1461 928 modo
1475 899 1725 943 separamur

333 966 424 995 non
443 951 574 1006 locis,
599 950 674 995 sed
692 951 885 995 moribus
901 986 912 1006 ,
937 951 1188 1008 affectibus,
1213 953 1434 998 desideriis
1450 988 1461 1008 ‚
1486 953 1594 1007 fide,
1619 969 1693 1012 spe
1709 988 1720 1009 ,

333 1023 558 1066 charitate.
584 1021 722 1066 Simul
744 1022 859 1066 enim
877 1037 975 1066 cum
1000 1023 1158 1078 iniquis
1184 1024 1391 1081 vivimus,
1419 1024 1495 1067 sed
1517 1039 1606 1068 non
1635 1040 1722 1068 una

332 1093 419 1136 vita
441 1101 506 1136 est
526 1092 722 1136 omnium
743 1110 752 1137 t
773 1092 817 1136 in
833 1091 1005 1136 occulto
1029 1092 1276 1137 dirimimur
1291 1128 1302 1148 ,
1331 1094 1376 1136 in
1397 1093 1571 1138 occulto
1602 1109 1724 1152 sepa-

332 1177 507 1207 ramur:
529 1162 752 1222 quomodo
782 1177 915 1220 grana
937 1162 982 1205 in
1005 1178 1102 1207 area
1120 1198 1131 1218 ,
1157 1179 1246 1207 non
1272 1163 1495 1222 quomodo
1519 1179 1651 1222 grana
1677 1164 1723 1209 in

331 1232 502 1291 horreo.
528 1236 584 1277 Et
605 1242 860 1292 separantur
883 1248 1015 1291 grana
1036 1233 1082 1276 in
1104 1249 1200 1277 area
1219 1268 1230 1288 ,
1251 1242 1294 1277 et
1320 1234 1556 1278 miscentur
1575 1252 1583 1278 :
1605 1249 1723 1292 sepa-

331 1313 504 1359 rantur,
529 1319 632 1348 cum
663 1319 686 1347 a
708 1302 831 1362 palea
865 1303 1166 1362 expoliantur3
1191 1304 1454 1359 miscentur,
1484 1305 1587 1364 quia
1607 1320 1722 1348 non-

331 1375 437 1419 dum
457 1374 738 1420 ventilantur.
759 1376 880 1418 Tunc
897 1383 1044 1433 aperta
1064 1375 1143 1418 erit
1161 1376 1392 1434 separatio,
1403 1376 1515 1420 sicut
1530 1391 1719 1430 morum,

329 1446 389 1490 sic
416 1455 460 1490 et
485 1447 613 1501 vitae,
639 1446 749 1490 sicut
779 1445 1024 1504 sapientiae,
1054 1446 1114 1489 ita
1137 1455 1180 1489 et
1207 1461 1455 1505 corporum.
1484 1446 1619 1490 Ibunt
1645 1446 1721 1506 qui

330 1516 680 1572 bene-fecerunt,
698 1516 840 1560 vivere
856 1530 957 1559 cum
970 1515 1145 1574 Angelis
1160 1516 1237 1560 Dei
1259 1535 1267 1560 :
1289 1517 1365 1576 qui
1383 1516 1494 1560 male
1519 1526 1718 1575 egerunt,

330 1588 521 1647 torqueri
551 1602 652 1632 cum
681 1585 857 1630 diabolo
890 1595 934 1630 et
962 1586 1125 1643 angelis
1156 1587 1262 1646 ejus.
1296 1590 1354 1631 Et
1381 1587 1559 1631 transiet
1581 1586 1721 1631 forma

328 1659 452 1702 servi.
479 1657 549 1702 Ad
571 1659 654 1702 hoc
677 1658 790 1701 enim
814 1672 858 1700 se
881 1666 1217 1716 praesentaverat
1236 1667 1285 1702 ut
1301 1657 1462 1703 faceret
1473 1658 1686 1718 judicium
1707 1677 1718 1703 z

329 1737 425 1787 post
441 1727 657 1788 judicium
679 1736 828 1786 perget
851 1727 976 1781 hine,
1001 1728 1134 1772 ducet
1153 1744 1299 1773 secum
1322 1744 1479 1788 corpus
1499 1729 1571 1772 cui
1588 1737 1720 1787 eaput

326 1807 415 1853 est⁷
439 1807 482 1842 et
503 1798 658 1842 offeret
680 1811 865 1856 regnum
891 1800 995 1841 Deo.
1026 1800 1147 1842 Tunc
1175 1798 1306 1857 plane
1334 1799 1554 1843 videbitur
1581 1799 1720 1842 forma

327 1868 400 1913 illa
422 1869 521 1924 Dei,
546 1883 646 1929 quae
663 1883 753 1912 non
776 1867 920 1926 potuit
938 1866 1075 1912 videri
1099 1869 1153 1911 ab
1175 1869 1335 1928 iniquis
1349 1904 1360 1923 ,
1386 1885 1574 1928 quorum
1591 1868 1720 1913 visio·

326 1939 373 1983 ni
393 1937 532 1984 forma
553 1938 663 1983 servi
686 1937 929 1982 exhibenda
946 1945 1037 1981 erat
1060 1939 1091 1981 1.
1118 1938 1228 1982 Dicit
1247 1947 1290 1982 et
1308 1938 1411 1982 alibi
1430 1939 1516 1983 sic:
1542 1957 1561 1980 «
1584 1938 1720 1982 Ibunt

332 2028 354 2051 »
388 2010 457 2054 isti
485 2011 532 2055 in
553 2009 873 2054 ambustionem
909 2017 1114 2052 aeternam
1133 2043 1143 2063 ,
1176 2008 1266 2066 (de
1296 2009 1561 2069 quibusdam
1595 2009 1719 2053 sinis-

332 2096 353 2121 »
388 2081 463 2124 tris
477 2099 484 2124 :
497 2080 627 2141 >justi
646 2088 792 2124 autem
814 2078 994 2122 invitam
1014 2087 1221 2122 aeternam
1234 2080 1250 2103 2
1270 2097 1278 2123 :
1303 2098 1319 2120 »
1337 2078 1392 2123 de
1411 2094 1498 2138 qua
1516 2078 1600 2122 alio
1620 2077 1718 2123 loco

327 2150 447 2196 dicit.
473 2169 492 2193 «
512 2153 614 2195 Haec
633 2160 696 2194 est
708 2158 856 2194 autem
872 2149 958 2194 vita
970 2158 1132 2192 aeterna
1147 2184 1159 2204 ,
1177 2159 1226 2194 ut
1238 2159 1503 2208 cognoscant
1518 2158 1562 2194 te
1577 2163 1717 2192 unum

332 2239 353 2263 »
388 2237 538 2267 verum
553 2225 692 2265 Deum
703 2256 713 2275 ‚
732 2230 774 2265 et
789 2235 920 2280 quem
935 2220 1082 2264 misisti
1100 2222 1123 2264 J
1128 2234 1247 2263 esum
1262 2219 1483 2264 Christum
1500 2221 1531 2263 3.
1553 2237 1573 2261 »
1595 2221 1717 2265 Tunc

329 2293 391 2337 ibi
419 2293 644 2353 apparebit
668 2291 743 2352 qui
770 2306 870 2335 cum
899 2291 944 2334 in
971 2289 1110 2335 forma
1139 2292 1214 2334 Dei
1243 2299 1378 2345 esset,
1407 2306 1497 2335 non
1523 2290 1716 2347 rapinam

331 2364 562 2408 arbitratus
584 2372 647 2408 est
671 2377 760 2406 esse
782 2361 959 2421 aequalis
990 2365 1079 2406 Deo
1095 2362 1110 2385 4
1130 2380 1138 2405 :
1160 2370 1264 2405 tune
1288 2375 1332 2404 se
1355 2359 1577 2414 ostendet,
1602 2374 1715 2418 quo-

379 2466 391 2483 ¹·
416 2471 430 2492 r
453 2461 526 2494 Cor.
547 2470 602 2501 xv,
627 2457 682 2500 24.
703 2474 745 2480 ——
764 2464 777 2479 ²
802 2456 921 2488 Matth.
944 2467 1017 2498 xxv,
1038 2455 1090 2497 46.
1117 2472 1158 2478 —-
1185 2453 1307 2487 3Joan.
1340 2466 1415 2496 xvix,
1442 2455 1472 2487 3„
1499 2472 1542 2478 —
1557 2453 1577 2484 4
1600 2454 1712 2497 Philip.

330 2526 373 2555 ιι,
390 2516 424 2549 6.

1806 29 1809 123 ἒ

1807 128 1809 159 1

1807 163 1809 187 ι

1807 199 1809 233 l

1808 256 1809 306 l
