1809 3173
375 199 430 236 62
815 205 850 234 s.
886 204 1113 234 Auensruvi
1147 207 1326 235 EPlsCol‘l

376 282 460 316 tem
491 272 812 331 sempiternam.
841 276 1024 317 Domum
1062 280 1180 316 tuam
1208 272 1342 316 intras
1368 281 1544 331 propter
1565 273 1757 332 requiem
1803 316 1806 324 ,

373 340 654 401 temporalem
676 360 685 386 z
708 340 889 386 domum
914 342 990 386 Dei
1014 342 1146 386 intras
1179 351 1357 401 propter
1380 343 1573 401 requiem
1597 343 1758 402 sempi-
1795 332 1801 340 ⁴

371 423 554 458 ternam.
577 412 621 458 Si
642 428 745 472 ergo
766 414 812 456 in
834 413 966 457 domo
988 421 1062 457 tua
1079 428 1134 457 ne
1154 412 1264 471 quid
1281 428 1533 472 perversum
1556 414 1630 457 fiat
1650 422 1760 458 sata-

372 484 434 542 gis
454 504 465 542 3
488 484 534 527 in
556 482 686 528 domo
710 483 786 527 Dei
807 483 885 526 ubi
905 482 1018 527 salus
1052 483 1271 541 proposita
1303 494 1366 526 est
1402 493 1445 527 et
1476 484 1645 543 requies
1667 483 1758 527 sine

370 555 472 609 fine,
497 554 630 598 debes
652 555 740 613 pati
762 562 979 614 quantum
995 554 1039 597 in
1056 563 1098 597 te
1113 563 1192 608 est,
1213 556 1247 597 si
1261 553 1369 612 quid
1385 553 1494 598 forte
1512 570 1758 613 perversum

370 625 559 668 videris?
579 624 711 668 Verbi
734 625 885 683 gratia,
901 624 1020 668 vides
1038 624 1216 668 tratrem
1238 639 1411 668 currere
1434 624 1489 668 ad
1510 626 1759 668 theatrum?

372 697 570 755 prohibe,
588 711 738 750 mone,
758 696 1026 748 contristare,
1042 695 1074 738 si
1088 695 1203 738 zelus
1221 694 1376 739 domus
1394 696 1468 739 Dei
1492 695 1680 740 comedit
1700 705 1753 739 te.

371 767 500 812 Vides
522 766 626 812 alios
647 782 821 811 currere
844 777 887 811 et
909 767 1114 811 inebriari
1135 765 1262 819 velle,
1289 775 1330 809 et
1348 768 1431 811 hoc
1455 767 1566 811 velle
1590 767 1635 810 in
1653 766 1759 812 locis

371 840 551 894 sanctis,
577 838 698 898 quod
725 854 938 898 nusquam
962 838 1087 881 decet
1099 840 1115 878 ⁶?
1144 838 1326 896 prohibe
1352 854 1461 897 quos
1494 848 1635 897 potes,
1662 849 1759 883 tene

371 926 480 969 quos
494 919 632 968 potes,
645 919 756 953 terre
770 924 879 967 quos
897 917 1033 967 potes,
1045 908 1118 968 qui
1128 909 1206 952 bus
1220 918 1341 967 potes
1359 908 1555 953 blandire
1568 931 1580 966 ς
1597 910 1686 954 noli
1700 919 1759 954 ta-

374 995 473 1024 men
489 980 725 1040 quiescere.
739 980 917 1023 Amicus
939 989 1002 1023 est
1014 981 1031 1023 P
1045 979 1331 1023 admoneatur
1351 979 1521 1023 leniter.
1540 983 1654 1024 Uxor
1671 982 1760 1025 est?

370 1051 633 1095 severissime
654 1050 910 1095 refrenetur.
931 1050 1098 1094 Ancilla
1117 1052 1205 1094 est?
1223 1051 1350 1094 etiam
1368 1051 1622 1094 verberibus
1640 1066 1760 1095 com-

370 1131 584 1181 pescatur.
613 1124 698 1165 Fac
715 1120 931 1180 quidquid
956 1130 1075 1179 potes
1093 1155 1103 1174 ,
1131 1137 1208 1179 pro
1232 1136 1413 1179 persona
1432 1137 1563 1181 quam
1583 1131 1726 1181 portas
1744 1142 1756 1179 3

371 1202 415 1237 et
436 1192 605 1251 perficis
623 1227 634 1247 ,
663 1211 683 1233 «
710 1190 836 1235 Zelus
870 1193 1026 1235 domus
1051 1201 1135 1235 tuae
1164 1191 1354 1236 comedit
1382 1208 1467 1235 me.
1497 1210 1517 1233 »
1546 1193 1589 1237 Si
1612 1202 1757 1236 autem

371 1264 504 1308 fueris
520 1262 702 1321 frigidus
719 1297 730 1317 ,
757 1262 995 1316 marcidus,
1021 1261 1077 1306 ad
1100 1271 1140 1306 te
1157 1262 1297 1306 solum
1321 1273 1518 1321 spectans
1534 1298 1545 1317 ,
1577 1273 1619 1307 et
1636 1265 1759 1323 quasi

371 1335 447 1379 tibi
470 1334 687 1378 sufficiens
706 1369 716 1388 ‚
741 1343 784 1377 et
813 1333 958 1377 dicens
982 1334 1026 1377 in
1050 1333 1181 1377 corde
1205 1344 1280 1378 tuo
1297 1369 1308 1388 ,
1329 1334 1445 1386 Quid
1466 1335 1570 1378 mihi
1593 1344 1656 1378 est
1677 1351 1757 1379 cu-

370 1421 464 1449 rare
486 1404 622 1449 aliena
646 1413 821 1463 peccata
839 1406 857 1448 Ρ
873 1404 1034 1448 suflicit
1056 1404 1161 1447 mihi
1185 1405 1328 1448 anima
1352 1420 1443 1448 mea
1463 1425 1474 1461 3
1499 1405 1635 1464 ipsam
1651 1406 1760 1448 inte-

371 1491 490 1533 gram
521 1490 686 1519 servem
722 1478 839 1519 Deo:
865 1475 952 1528 eia,
977 1490 1066 1518 non
1085 1475 1164 1518 tibi
1186 1475 1305 1518 venit
1326 1476 1372 1518 in
1400 1484 1592 1518 mentem
1610 1490 1757 1519 servus

368 1545 443 1590 ille
459 1546 534 1606 qui
556 1545 784 1589 abscondit
804 1545 1031 1599 talentum,
1047 1554 1090 1588 et
1112 1545 1253 1588 noluit
1275 1560 1450 1602 erogare
1467 1547 1510 1588 ¹?
1533 1544 1756 1604 Numquid
1786 1589 1791 1592 ,

370 1617 485 1661 enim
503 1625 727 1661 accusatus
746 1624 838 1669 est,
863 1615 965 1675 quia
990 1614 1194 1673 perdidit,
1219 1624 1262 1658 et
1286 1631 1372 1659 non
1396 1615 1498 1675 quia
1521 1615 1612 1659 sinc
1633 1616 1757 1659 lucro

370 1687 585 1732 servavit?
611 1689 679 1731 Sic
701 1701 802 1743 ergo
825 1684 972 1729 audite
987 1720 998 1739 ,
1025 1683 1176 1729 fratres
1194 1686 1302 1739 mei,
1328 1694 1377 1729 ut
1399 1701 1487 1729 non
1510 1686 1752 1744 quiescatis.

369 1762 462 1816 Ego
483 1758 605 1803 vobis
629 1756 857 1802 consilium
880 1755 1061 1800 daturus
1079 1772 1171 1800 sum
1197 1775 1205 1800 :
1231 1755 1305 1800 det
1326 1756 1398 1800 ille
1420 1757 1496 1815 qui
1525 1757 1642 1800 intus
1663 1766 1751 1809 est;
1796 1808 1807 1814 .

369 1829 472 1889 quia
495 1829 574 1872 etsi
592 1843 668 1887 per
689 1842 758 1871 me
775 1826 966 1881 dederit,
984 1825 1056 1870 ille
1074 1825 1163 1869 dat.
1185 1827 1325 1871 Nostis
1342 1827 1450 1885 quid
1470 1827 1602 1884 agatis
1623 1842 1755 1871 unus·

370 1899 554 1960 quisque
585 1898 632 1942 in
661 1897 793 1943 domo
824 1912 900 1941 sua
933 1912 1033 1940 eum
1055 1895 1221 1950 amico,
1247 1911 1348 1940 cum
1384 1896 1627 1956 inquilino,
1653 1912 1752 1941 cum
1806 1920 1807 1943 ³

370 1969 527 2014 cliente
559 1984 638 2014 suo
652 2003 663 2023 ‚
698 1982 799 2012 curn
835 1967 1018 2027 majore,
1054 1981 1156 2010 cum
1194 1966 1361 2010 minore
1394 1986 1402 2011 2
1427 1966 1650 2028 quomodo
1678 1967 1754 2011 dat
1805 1979 1809 2029 ξ

371 2044 485 2085 Deus
506 2040 694 2093 aditum,
728 2036 951 2098 quomodo
972 2036 1108 2096 aperit
1124 2037 1303 2096 januam
1328 2036 1460 2081 verbo
1491 2053 1591 2092 suo,
1618 2037 1753 2082 nolite

371 2112 590 2171 quiescere
607 2109 766 2154 lucrari
788 2109 987 2164 Christo,
1011 2107 1114 2167 quia
1135 2107 1290 2151 lucrati
1307 2108 1405 2151 estis
1427 2123 1449 2150 a
1471 2108 1660 2152 Christo.
1774 2106 1787 2113 “
1808 2168 1809 2173 ¹

428 2184 484 2225 X.
510 2201 531 2223 «
552 2181 763 2224 Dixerunt
790 2178 852 2222 illi
870 2181 892 2222 J
898 2177 1034 2222 udaei:
1057 2177 1176 2237 quod
1193 2179 1364 2236 signum
1379 2177 1570 2221 ostendis
1594 2179 1719 2223 nobis
1736 2213 1747 2234 ‚
1804 2186 1808 2226 ἲ

374 2271 394 2294 »
429 2251 530 2312 quia
551 2252 645 2296 haec
661 2249 796 2295 facis?
815 2268 833 2290 »
855 2252 911 2292 Et
928 2248 1152 2303 Dominus,
1181 2268 1201 2290 «
1230 2248 1390 2292 Solvite
1412 2248 1626 2306 templum
1647 2249 1747 2303 hoc,
1802 2234 1809 2293 ἶ.

376 2344 393 2365 »
428 2332 471 2367 et
487 2323 533 2366 in
549 2322 686 2366 tribus
703 2320 855 2364 diebus
877 2319 1077 2363 excitabo
1090 2317 1214 2363 illud.
1233 2319 1443 2363 Dixerunt
1464 2335 1568 2378 ergo
1583 2319 1746 2364 Judaei:
1802 2319 1809 2379 g}

372 2412 382 2434 ›
428 2393 723 2450 Quadraginta
745 2400 788 2434 et
809 2406 879 2435 sex
901 2390 1023 2434 annis
1045 2389 1307 2434 aedificatum
1325 2400 1388 2434 est
1408 2390 1622 2450 templum
1640 2391 1743 2446 hoc,
1801 2391 1805 2441 Ξ

371 2482 391 2506 »
427 2474 470 2509 et
486 2474 535 2509 tu
550 2463 673 2519 dicis,
687 2463 734 2506 in
746 2461 883 2517 tribus
904 2461 1058 2505 diebus
1074 2460 1268 2505 excitabo
1286 2459 1425 2504 illud?
1440 2480 1459 2502 »
1477 2463 1588 2506 Caro
1605 2471 1744 2517 erant,
1802 2458 1804 2499 ζ

384 2412 393 2435 υ

418 2556 426 2572 ¹
443 2548 555 2582 Matth.
576 2558 650 2590 xxv,
666 2546 719 2580 25.
741 2563 782 2569 —
803 2552 814 2569 ²
832 2548 923 2578 Joan.
943 2557 978 2587 ιι,
1002 2548 1117 2578 18-20.
