1809 3173
352 194 436 234 526

549 280 645 305 xxxm
651 295 659 305 η

549 449 645 474 xxxlv
650 464 658 472 .

570 561 666 585 XXXV.

551 783 660 807 XXXVI·

543 1008 662 1030 xxxvii.

528 1176 658 1200 xxxvm.

553 1343 662 1366 ΧΧΧΙΧ.

610 1513 661 1534 XL.

597 1681 662 1703 XL!-

589 1835 661 1869 xLu'.

571 2013 663 2036 xmu-

585 2237 666 2276 xLJv.

590 2404 662 2428 va.

968 204 1116 234 INDEX.

686 272 784 304 Abeo
797 271 871 304 loco
892 271 1072 317 Evangelii
1091 290 1097 304 .·
1113 273 1159 304 Ex
1175 271 1228 304 ina
1245 280 1318 313 ergo
1336 272 1427 304 turba
1445 281 1518 304 cum
1533 273 1640 305 audis-

728 332 802 360 sent
816 327 874 359 hos
889 337 1051 360 sermones
1070 328 1152 368 ejus,
1170 335 1235 360 etc.
1256 339 1360 374 usque
1379 326 1487 367 adid,
1500 329 1567 361 Nec
1586 339 1643 370 ego

726 387 760 415 te
778 382 1014 424 condemnabo,
1031 383 1125 422 vade,
1146 387 1179 414 et
1196 383 1331 425 amplius
1348 383 1409 415 noli
1426 394 1573 425 peccare.
1668 385 1731 417 366

684 439 727 471 In
745 438 856 471 illud:
881 442 944 481 Ego
961 450 1028 471 sum
1051 438 1104 470 lux
1116 439 1225 471 mundi
1246 451 1252 470 :
1278 438 1329 481 qui
1346 440 1488 479 sequitur
1500 450 1564 481 me,
1582 450 1646 472 non

727 495 871 528 ambulat
892 496 922 527 in
940 493 1103 537 tenebris,
1124 495 1179 528 sed
1197 494 1331 527 habebit
1348 495 1454 528 lumen
1471 497 1554 528 vitae.
1671 496 1735 527 374

691 551 741 584 Ab
757 563 796 583 eo
814 548 907 596 quod
920 550 1043 595 legitur
1059 568 1069 583 .-
1092 550 1247 584 Dixerunt
1260 561 1335 593 ergo
1351 550 1498 584 Pharisaei
1512 564 1520 584 2
1539 552 1585 584 Tu
1605 551 1647 583 de
1745 544 1751 549 ’

726 611 759 638 te
775 606 845 648 ipso
872 606 1089 638 testimonium
1113 605 1283 648 perhibes,
1311 613 1374 639 etc.
1395 618 1499 652 usque
1527 604 1577 637 ad
1597 605 1647 648 id,

726 665 845 695 Verum
862 666 910 695 est
927 663 1144 696 testimonium
1161 673 1281 705 meum,
1295 663 1368 707 quia
1385 663 1450 696 scio
1467 663 1552 696 unde
1573 661 1648 695 veni

726 721 760 750 et
778 728 840 761 quo
862 718 957 750 vado.
1655 718 1737 766 ⁴384

684 773 734 806 Ab
751 786 791 806 εο
807 772 904 818 quod
911 774 1075 817 scriptum
1088 781 1142 807 est
1155 791 1163 806 .·
1182 776 1245 807 Vos
1259 774 1432 807 secundum
1445 784 1575 807 carnem
1592 774 1649 815 ju-

725 829 860 871 dicatis,
880 840 938 873 ego
956 841 1018 862 non
1032 830 1144 872 judico
1160 840 1354 873 quemquam
1375 842 1381 862 :
1403 842 1505 875 usque
1522 828 1573 862 ad
1592 827 1648 869 id,

724 887 789 927 Ego
805 896 874 918 sum
897 886 950 928 qui
972 886 1195 919 testimonium
1212 885 1367 929 perhibeo
1384 886 1424 918 de
1444 896 1496 918 me
1512 886 1596 928 ipso,
1616 888 1651 916 et

725 942 942 975 testimonium
957 943 1108 985 perhibet
1131 944 1171 975 de
1189 954 1255 984 me,
1274 943 1329 985 qui
1348 943 1432 974 misit
1449 953 1501 974 me
1518 944 1624 975 Pater.
1674 943 1738 974 393

692 997 739 1030 Ab
752 1011 790 1031 eo
803 998 1066 1045 quoda-criptum
1080 1007 1132 1032 est
1143 1018 1150 1032 .·
1167 999 1326 1032 Dicebant
1339 1010 1413 1041 ergo
1433 1011 1440 1031 :
1456 999 1516 1031 Ubi
1532 1002 1582 1030 est
1593 1000 1652 1030 Pa—

726 1059 777 1088 ter
793 1055 893 1088 tuus?
908 1068 1012 1103 usque
1030 1056 1079 1088 acl
1092 1056 1142 1096 id,
1161 1059 1200 1089 Et
1217 1067 1311 1089 nemo
1328 1055 1543 1099 apprehendit
1563 1065 1650 1096 eum,

725 1111 797 1153 quia
820 1112 959 1158 nondum
980 1117 1115 1144 venerat
1138 1113 1216 1145 hora
1235 1113 1315 1154 ejus.
1675 1111 1740 1143 407

685 1167 734 1200 Ab
756 1179 794 1200 eo
812 1167 906 1214 quod
920 1169 1084 1211 scriptum
1101 1177 1153 1201 est
1169 1169 1278 1202 :Dixit
1294 1179 1368 1211 ergo
1388 1168 1432 1200 eis
1450 1170 1541 1200 Jesus
1561 1179 1568 1199 :
1587 1169 1652 1209 Ego

726 1223 823 1264 vado,
839 1228 873 1255 et
885 1225 1032 1266 quaeretis
1045 1235 1097 1257 me
1117 1237 1123 1257 :
1143 1237 1247 1270 usque
1264 1224 1373 1265 adid,
1388 1224 1475 1257 Dixit
1493 1225 1536 1257 eis
1548 1226 1564 1256 J
1569 1234 1652 1264 esus,

725 1279 921 1321 Principium
939 1280 1012 1321 quia
1031 1284 1065 1312 et
1084 1280 1195 1323 loquor
1211 1281 1315 1312 vobis.
1677 1281 1741 1311 417

689 1334 739 1365 Ab
759 1345 796 1366 eo
810 1332 906 1379 quod
914 1336 1079 1378 scriptum
1092 1343 1144 1368 est
1156 1355 1165 1368 .-
1178 1336 1274 1368 Multa
1287 1335 1392 1368 habeo
1405 1334 1447 1368 de
1459 1335 1551 1368 vobis
1568 1334 1654 1378 loqui

730 1394 765 1422 et
780 1390 926 1431 judicare
944 1403 951 1423 z
967 1403 1075 1437 usque
1089 1390 1140 1424 ad
1151 1391 1200 1434 id,
1215 1395 1255 1424 Et
1272 1403 1334 1425 non
1351 1396 1568 1435 cognoverunt
1583 1393 1655 1435 quia

730 1447 859 1478 Patrem
876 1446 920 1479 eis
937 1446 1068 1479 dicebat
1080 1450 1193 1480 Deum.
1679 1449 1744 1480 42⁷

690 1502 740 1534 Ab
757 1514 794 1534 eo
814 1503 890 1535 loco
906 1521 913 1534 .·
931 1504 1015 1536 Dixit
1033 1514 1107 1545 ergo
1135 1504 1180 1536 eis
1200 1506 1291 1536 Jesus
1313 1517 1320 1537 :
1340 1507 1418 1538 Cum
1438 1504 1655 1538 exaltaveritis

732 1558 831 1590 filium
849 1558 987 1591 hominis
1007 1570 1016 1591 t
1035 1571 1138 1605 usque
1156 1559 1207 1592 ad
1218 1559 1266 1602 id,
1285 1563 1327 1593 Et
1342 1561 1542 1604 cognoscetis
1564 1562 1655 1594 veri-

730 1619 832 1647 tatem
850 1619 884 1647 et
900 1616 1019 1647 veritas
1032 1615 1184 1648 liberabit
1201 1627 1270 1648 vos.
1679 1619 1743 1651 435

690 1670 838 1702 Rursum
850 1671 882 1702 in
894 1669 984 1703 illud
996 1688 1003 1702 ι
1020 1671 1154 1704 Dicebat
1166 1675 1274 1704 autem
1287 1674 1304 1704 J
1308 1683 1378 1705 esus
1392 1673 1431 1705 ad
1445 1683 1499 1705 eos
1515 1672 1568 1716 qui
1584 1684 1655 1706 cre-

732 1727 882 1760 diderant
897 1739 905 1760 z
921 1739 1027 1773 usque
1042 1726 1150 1771 adid,
1170 1729 1203 1761 Si
1219 1739 1294 1771 ergo
1313 1740 1372 1761 vos
1390 1729 1482 1762 Filius
1494 1729 1656 1763 liberave-

729 1783 773 1815 rit
785 1807 794 1824 ‚
813 1793 892 1816 vere
912 1782 1005 1816 liberi
1030 1783 1141 1828 eritis„
1680 1787 1744 1818 446

688 1837 737 1870 Ab
751 1850 791 1871 eo
808 1836 903 1884 quod
915 1840 1078 1883 scrzptum
1091 1847 1144 1873 est
1160 1857 1168 1873 .-
1188 1839 1262 1872 Scio
1278 1840 1352 1882 quia
1368 1839 1421 1872 filii
1437 1840 1598 1873 Abraham
1612 1851 1657 1873 es-

731 1894 785 1934 tis,
802 1895 860 1926 sed
879 1894 1018 1937 quaeritis
1028 1906 1080 1928 me
1093 1896 1295 1929 interficere:
1311 1908 1414 1942 usque
1432 1895 1480 1928 ad
1492 1895 1540 1937 id,
1558 1898 1657 1940 Prop-

733 1951 824 1980 terea
842 1959 898 1980 vos
914 1959 978 1980 non
995 1949 1130 1991 auditis,
1149 1950 1223 1992 quia
1241 1962 1281 1984 ex
1296 1954 1362 1983 Deo
1380 1962 1443 1983 non
1462 1953 1548 1984 estis.
1679 1954 1745 1986 460

688 2002 740 2036 Ab
761 2015 800 2037 eo
821 2003 916 2049 quod
928 2004 1090 2048 scrzpzum
1106 2014 1177 2038 est.-
1194 2007 1439 2049 Responderunt
1450 2007 1544 2049 igitur
1556 2008 1656 2041 Judaei

735 2066 767 2093 et
783 2060 932 2093 dixerunt
945 2060 975 2093 ei
991 2073 1000 2094 ·.
1020 2074 1126 2108 usque
1142 2061 1191 2094 ad
1205 2061 1245 2094 id
1246 2087 1255 2104 ,
1273 2063 1426 2096 Tulerunt
1442 2074 1516 2106 ergo
1533 2064 1655 2107 lapides

731 2115 833 2149 Judaei
856 2121 893 2148 ut
904 2117 1055 2158 jacerent
1072 2117 1105 2149 in
1122 2128 1194 2150 eum
1214 2130 1221 2151 :
1241 2120 1332 2152 Jesus
1347 2123 1457 2152 autem
1487 2119 1656 2152 abscondit

732 2183 786 2213 se,
806 2176 841 2205 et
863 2173 963 2206 exivit
975 2173 1015 2206 de
1032 2173 1164 2216 templo.
1679 2175 1746 2208 472

692 2227 744 2261 Ab
760 2239 799 2261 eo
812 2227 907 2274 qaod
919 2229 1079 2272 scriptum
1091 2237 1142 2262 est
1158 2247 1166 2262 .·
1187 2231 1228 2262 Et
1243 2229 1429 2273 praeteriens
1446 2230 1529 2263 vidit
1544 2230 1652 2263 homi-

732 2294 807 2316 nem
826 2294 947 2318 caecurn
964 2295 981 2317 a
996 2285 1169 2319 nativitate
1188 2297 1196 2317 :
1216 2297 1320 2332 usque
1337 2285 1386 2318 ad
1400 2284 1449 2325 id,
1462 2287 1552 2319 Nunc
1575 2297 1653 2319 vero

732 2339 838 2372 dicitis
853 2340 925 2383 quia
942 2341 1085 2374 videmus
1096 2367 1105 2383 ‚
1124 2346 1295 2384 peccatum
1313 2345 1455 2374 vestrum
1469 2346 1589 2375 manet.
1673 2343 1740 2374 484

686 2395 737 2428 Ab
746 2408 785 2429 eo
797 2395 1063 2442 quod-scriptum
1077 2405 1144 2430 est.-
1156 2400 1269 2439 Amen,
1284 2408 1376 2430 amen
1394 2397 1466 2430 dico
1481 2398 1583 2438 vobis,
1595 2398 1650 2440 qui

729 2462 793 2484 non
808 2452 911 2485 intrat
931 2463 989 2496 per
1004 2454 1120 2487 ostium
1135 2453 1169 2486 in
1180 2453 1264 2487 ovile
1280 2455 1390 2488 ovium
1407 2479 1416 2495 ‚
1434 2454 1489 2488 sed
1506 2454 1650 2487 ascendit

730 2507 856 2542 aliunde
868 2533 878 2551 ,
896 2507 948 2543 ille
962 2508 1014 2544 fur
1033 2513 1083 2544 est
1100 2514 1134 2544 et
1160 2509 1243 2545 latro
1264 2520 1273 2547 ι
1293 2521 1398 2558 usque
1426 2509 1476 2544 ad
1501 2508 1560 2552 id,
1581 2511 1645 2552 Ego
