1809 3173
329 246 381 283 28
753 257 786 283 s.
822 254 1046 284 Aneus‘rmi
1078 257 1257 285 EPISCOPI

327 328 516 363 nostram
534 319 843 378 reparationem
861 320 978 366 fecit.
992 320 1166 381 Aliquid
1190 320 1304 364 enim
1327 328 1369 364 ct
1388 320 1432 363 in
1454 319 1555 379 ipsis
1578 318 1702 366 factis

325 389 467 433 innuit
489 389 628 434 nobis.
652 393 762 435 Puto
785 392 885 451 quia
919 407 1008 436 non
1031 391 1124 435 sine
1145 405 1271 434 causa
1293 390 1412 434 venit
1435 390 1489 434 ad
1512 392 1698 450 nuptias.

326 463 516 520 Excepto
537 461 744 506 miraculo
760 496 770 516 ‚
792 461 954 522 aliquid
975 463 1020 506 in
1043 463 1134 522 ipso
1155 461 1269 505 facto
1291 461 1482 518 mysterii
1500 471 1542 505 et
1559 477 1702 507 sacra-

324 532 459 575 menti
494 530 613 575 latet.
647 532 871 577 Pulsemus
903 542 953 577 ut
987 532 1169 592 aperiat,
1209 540 1252 576 et
1282 531 1337 575 de
1373 532 1475 576 vino
1498 531 1701 577 invisibili

324 602 508 646 inebriet
529 618 606 647 nos
632 622 641 648 :
664 605 765 664 quia
787 614 830 649 et
851 620 928 649 nos
951 620 1063 664 aqua
1083 619 1274 659 eramus,
1300 613 1342 648 et
1363 604 1516 648 vinum
1538 620 1616 649 nos
1640 605 1703 649 fe-

322 674 381 718 cit
396 709 407 729 ,
433 675 643 734 sapientes
666 691 743 720 nos
766 676 867 721 fecit
896 696 904 722 ε
937 677 1124 736 sapimus
1147 676 1260 719 enim
1293 674 1422 719 fidem
1444 676 1575 735 ipsius
1591 711 1602 731 ,
1627 678 1702 736 qui

322 744 438 803 prius
457 745 702 804 insipientes
718 762 900 792 eramus.
913 750 969 791 Et
983 746 1094 790 forte
1112 745 1166 789 ad
1180 747 1315 805 ipsam
1336 746 1585 805 sapientiam
1610 762 1702 806 per-

322 815 451 871 tinet,
475 831 575 859 cum
598 817 762 861 honore
795 818 892 872 Dei,
918 826 961 861 et
992 832 1091 861 cum
1118 816 1248 860 laude
1271 818 1502 876 majestatis
1525 819 1638 878 ejus,
1660 828 1703 863 et

319 901 417 929 cum
441 886 648 930 charitate
670 888 976 946 potentissimae
1001 887 1306 932 misericordiae
1328 889 1433 948 ejus,
1459 888 1702 948 intelligere

319 956 425 1017 quid
447 957 499 1000 sit
515 965 680 1015 gestum
710 958 754 1001 in
774 958 855 1002 hoc
878 957 1104 1002 miraculo.

380 1029 453 1070 IV.
480 1027 687 1072 Dominus
709 1028 913 1073 invitatus
931 1028 986 1072 ad
1009 1028 1181 1088 nuptias
1199 1028 1334 1073 venit.
1360 1029 1473 1082 Quid
1491 1029 1650 1074 mirum
1668 1031 1701 1075 si

318 1098 364 1141 in
385 1097 503 1142 illam
525 1097 704 1143 domum
736 1099 788 1144 ad
813 1101 986 1160 nuptias
1008 1100 1128 1144 venit
1143 1136 1154 1155 ,
1178 1101 1253 1160 qui
1273 1100 1319 1144 in
1339 1101 1458 1146 hunc
1486 1101 1701 1146 mundum

320 1167 374 1211 ad
393 1168 563 1227 nuptias
582 1170 730 1213 venit?
755 1170 797 1215 Si
821 1170 936 1214 enim
959 1185 1047 1215 non
1071 1171 1189 1214 venit
1212 1169 1267 1214 ad
1289 1171 1489 1230 nuptias,
1515 1187 1602 1216 non
1632 1172 1702 1216 hic

319 1238 451 1282 habet
472 1254 688 1300 sponsam.
705 1243 761 1284 Et
782 1240 887 1301 quid
905 1250 982 1296 est,
1009 1241 1129 1301 quod
1151 1242 1209 1285 ait
1230 1241 1483 1300 Apostolus:
1504 1261 1523 1283 «
1544 1243 1701 1302 Aptavi

323 1327 343 1351 »
380 1324 451 1354 vos
473 1311 548 1354 uni
570 1311 661 1356 viro
677 1347 687 1366 ,
712 1312 923 1370 virginem
937 1321 1097 1357 castam
1111 1312 1313 1356 exhibere
1331 1313 1534 1357 Christo?
1550 1332 1568 1354 »
1586 1312 1701 1366 Quid

319 1390 382 1425 est
402 1381 520 1442 quod
539 1383 683 1437 timet,
708 1399 763 1427 ne
790 1384 1008 1442 virginitas
1029 1399 1198 1443 sponsae
1219 1384 1377 1429 Christi
1399 1399 1476 1443 per
1499 1385 1699 1428 astutiam

318 1451 480 1497 diaboli
510 1457 846 1514 corrumpatur?
873 1475 892 1496 «
925 1455 1094 1510 Timeo,
1122 1455 1296 1515 inquit,
1322 1470 1377 1498 ne
1400 1456 1511 1499 sicut
1526 1471 1701 1514 serpens

322 1542 341 1564 »
378 1525 511 1568 Evam
529 1525 700 1569 seduxit
722 1527 876 1570 astutia
899 1541 990 1581 sua,
1010 1527 1067 1571 sic
1088 1535 1131 1570 et
1151 1535 1305 1571 vestrae
1325 1535 1488 1570 mentes
1510 1541 1700 1570 corrum-

320 1611 341 1634 »
377 1603 535 1652 pantur
554 1610 576 1638 a
599 1594 870 1655 simplicitate
892 1605 935 1640 et
956 1597 1150 1641 castitate
1166 1612 1266 1656 quae
1283 1605 1346 1640 est
1363 1595 1407 1639 in
1429 1596 1599 1640 Christo
1616 1599 1645 1639 ¹.
1675 1614 1695 1638 »

320 1664 462 1708 Habet
483 1679 585 1723 ergo
617 1666 687 1709 hic
710 1681 905 1725 sponsam
930 1681 1063 1726 quam
1087 1665 1269 1710 redemit
1302 1666 1510 1724 sanguine
1532 1681 1632 1721 suo,
1657 1675 1699 1711 et

317 1734 386 1778 cui
403 1735 556 1793 pignus
579 1735 698 1780 dedit
718 1737 922 1795 Spiritum
940 1738 1180 1782 sanctum2.
1197 1736 1321 1781 Eruit
1344 1751 1438 1781 eam
1456 1735 1511 1780 de
1531 1737 1699 1782 manci-

318 1813 423 1864 patu
444 1805 608 1849 diaboli
631 1826 641 1862 ς
665 1816 862 1851 mortuus
880 1815 943 1850 est
966 1816 1142 1865 propter
1159 1806 1314 1851 delicta
1335 1808 1446 1866 ejus,
1467 1807 1699 1852 resurrexit

318 1884 494 1934 propter
514 1876 865 1935 justificationem
898 1877 1031 1936 ejusss.
1050 1876 1155 1929 Quis
1184 1875 1337 1920 offeret
1380 1885 1499 1921 tanta
1532 1892 1699 1936 sponsae

318 1948 439 1990 suae?
476 1946 674 1991 Offerant
700 1948 896 1991 homines
931 1947 1139 2007 quaelibet
1171 1956 1423 1991 ornamenta
1457 1956 1695 2004 terrarum,

319 2032 495 2071 aurum,
533 2026 757 2075 argentum
778 2052 789 2071 ,
824 2016 988 2076 lapides
1012 2017 1238 2077 pretiosos,
1263 2033 1423 2077 equOS,
1450 2020 1663 2079 mancipia
1683 2054 1695 2074 ,

318 2088 494 2143 fundos,
512 2087 693 2147 praedia:
713 2087 929 2148 numquid
943 2088 1095 2148 aliquis
1109 2089 1262 2133 offeret
1275 2090 1525 2147 sanguinem
1545 2092 1698 2134 suum?

320 2159 362 2203 Si
391 2159 505 2202 enim
533 2159 786 2217 sanguinem
820 2174 945 2202 suum
977 2175 1144 2218 sponsae
1178 2159 1370 2215 dederit,
1406 2176 1495 2205 non
1520 2162 1600 2206 erit
1621 2160 1698 2221 qui

318 2229 450 2274 ducat
482 2245 673 2274 uxorem.
708 2230 916 2274 Dominus
946 2240 1089 2274 autem
1125 2246 1300 2276 securus
1328 2232 1541 2286 moriens,
1577 2231 1698 2276 dedit

318 2300 572 2359 sanguinem
610 2315 737 2344 suum
760 2316 839 2360 pro
861 2316 910 2344 ea
932 2316 1062 2360 quam
1085 2317 1309 2361 resurgens
1330 2301 1511 2346 haberet
1526 2337 1537 2356 ,
1563 2317 1696 2362 quam
1730 2330 1734 2332 -

317 2371 397 2414 sibi
415 2372 504 2431 jam
527 2371 620 2430 conj
629 2380 808 2414 unxerat
829 2371 874 2414 in
894 2380 1017 2416 utero
1034 2371 1222 2430 virginis.
1235 2372 1424 2416 Verbum
1439 2373 1553 2416 enim
1565 2388 1697 2432 spon-

317 2457 403 2495 sus,
429 2450 471 2485 et
487 2456 640 2500 sponsa
658 2456 756 2485 caro
774 2442 986 2498 humana,
1008 2451 1051 2485 et
1072 2452 1309 2502 utrumque
1324 2458 1434 2486 unus
1448 2442 1583 2486 Filius
1600 2443 1691 2497 Dei,

316 2521 359 2556 et
375 2510 490 2555 idem
512 2511 625 2555 filius
645 2511 831 2555 hominis
849 2530 857 2556 ε
884 2511 960 2555 ubi
982 2510 1121 2556 sactus
1143 2521 1207 2556 est
1227 2520 1359 2571 caput
1379 2512 1599 2565 Ecclesiae,
1620 2512 1693 2557 ille

367 2602 375 2618 ¹
396 2603 414 2627 2
428 2597 499 2627 Cor.
517 2607 559 2637 xi,
574 2604 608 2635 2,
634 2595 664 2628 3.
682 2613 722 2620 -—
742 2595 815 2628 ²1d.
839 2607 861 2636 1,
880 2604 935 2627 22.
957 2612 997 2617 --
1016 2593 1028 2617 3
1049 2597 1137 2627 Rom.
1165 2605 1210 2636 lv,
1229 2594 1281 2627 25.
