1809 3173
388 166 472 204 366
825 176 858 203 s.
893 175 1121 206 AUGUSTINJ
1156 180 1336 206 2121500121

385 242 570 287 invicem
601 241 864 286 concordare
897 259 986 288 non
1021 255 1224 304 possunt:
1247 245 1281 289 si
1299 260 1429 289 senex
1459 246 1556 300 eris,
1588 246 1769 305 pulcher

385 328 474 356 non
497 313 578 356 eris
605 312 810 372 :quando
847 324 1043 358 senectus
1060 316 1249 369 venerit,
1292 315 1574 374 pulchritudo
1604 316 1767 376 fugiet,

385 392 427 426 et
447 383 492 426 in
515 398 603 427 uno
639 383 833 427 habitare
862 401 949 429 non
986 395 1165 444 possunt
1194 386 1314 444 vigor
1342 386 1701 446 pulchritudinis,
1729 397 1772 431 et

386 453 571 512 gemitus
587 454 834 498 senectutis.
858 456 1014 499 Omnia
1037 471 1138 514 ergo
1160 456 1237 500 ista
1266 472 1354 501 non
1385 458 1511 501 nobis
1549 459 1768 517 promisit,

385 526 459 585 qui
473 524 580 569 dixit
601 545 610 571 :
639 545 659 568 «
677 526 763 580 Qui
780 525 917 570 credit
934 527 977 570 in
1000 542 1070 570 me
1086 561 1097 581 ,
1117 528 1285 582 veniat,
1306 537 1348 571 et
1368 529 1510 581 bibat,
1529 538 1572 572 et
1589 529 1770 573 flumina

385 614 404 637 n
441 595 496 640 de
525 606 675 641 ventre
714 598 804 655 ejus
844 597 982 640 fluent
1012 613 1136 656 aquae
1175 599 1300 643 vivae.
1337 599 1529 643 »Vitam
1562 609 1771 644 aeternam

383 667 599 726 promisit,
636 667 712 710 ubi
753 666 862 710 nihil.
902 667 1152 723 timeamus,
1192 669 1269 712 ubi
1306 685 1395 713 non
1431 671 1769 724 conturbemur,

383 738 502 782 unde
539 753 628 781 non
660 737 922 795 migremus,
960 738 1037 782 ubi
1061 755 1149 783 non
1176 740 1442 798 moriamur,
1470 741 1546 784 ubi
1582 756 1661 785 nec
1694 741 1773 785 de-

383 825 523 853 cessor
544 808 805 868 plangatur,
837 825 917 853 nec
950 825 1166 854 successor
1201 820 1412 870 speretur.
1441 811 1548 864 Quia
1566 827 1668 869 ergo
1688 811 1773 856 tale

384 889 447 924 est
467 881 587 940 quod
609 880 735 924 nobis
751 881 946 940 promisit
966 882 1227 936 amantibus,
1252 892 1294 926 et
1320 882 1505 941 Spiritus
1524 883 1773 927 sancticha-

381 951 506 995 ritate
529 951 821 1010 ferventibus,
846 952 942 996 ideo
964 953 1106 1011 ipsum
1139 953 1348 1012 Spiritum
1375 953 1518 997 noluit
1540 954 1666 1008 dare,
1689 954 1772 998 nisi

383 1037 483 1066 cum
517 1031 625 1065 esset
664 1022 926 1081 glorificatus
950 1041 958 1066 ε
988 1032 1035 1067 ut
1058 1023 1103 1066 in
1126 1039 1204 1067 suo
1234 1040 1416 1083 corpore
1439 1023 1687 1068 ostenderet
1708 1025 1773 1068 vi·

387 1100 495 1146 tam,
536 1108 667 1153 quam
699 1092 828 1137 modo
871 1109 961 1137 non
994 1094 1226 1149 habemus,
1273 1093 1349 1138 sed
1375 1094 1421 1138 in
1459 1095 1771 1138 resurrectione

384 1162 623 1222 speramus.

388 1331 457 1346 ΛΝἏ
463 1332 670 1347 wuwmavvu
674 1332 1024 1348 WURWVSWWVVRMMM
1028 1331 1379 1347 wm1mmm
1384 1332 1771 1348 ΝΛΑΑΛΛΙἏΝΛΑΛΜΝΙΙἉΜ

755 1473 796 1516 T
801 1471 980 1518 RACT
986 1471 1074 1518 AT
1079 1472 1160 1518 US
1199 1473 1413 1518 XXXIII.

384 1632 451 1676 Ab
469 1647 520 1676 eo
539 1631 636 1676 loco
668 1632 916 1691 Evangelii,
943 1632 1031 1677 Ex
1059 1631 1141 1677 illa
1164 1649 1276 1695 ergo
1302 1632 1442 1677 turba
1474 1649 1581 1677 eum
1603 1631 1768 1677 audis-

441 1713 546 1747 sent
574 1703 660 1748 lzos
691 1720 932 1748 sermones
956 1703 1058 1765 ejas
1081 1713 1162 1748 etc.
1190 1720 1327 1764 usque
1359 1704 1413 1748 ad
1445 1704 1513 1759 id,
1547 1703 1658 1750 lVee
1682 1720 1768 1766 ego

443 1783 487 1818 te
508 1772 866 1829 condemnabo,
891 1773 1039 1830 vade,
1061 1784 1106 1818 et
1128 1773 1334 1834 amplias
1357 1773 1688 1834 nolc'peeeccre.

444 1935 478 1975 Ι.
502 1934 706 1976 ΜΕΜΙΜΤ
729 1930 924 1975 Charitas
946 1932 1097 1974 Vestra
1116 1965 1127 1984 ,
1153 1945 1349 1974 sermone
1372 1931 1552 1990 pristino
1574 1946 1624 1974 ex
1640 1946 1767 1975 occa-
1808 1920 1809 1948 ³

382 2002 502 2046 sione
536 2001 732 2046 lectionis
756 2000 1014 2058 evangelicae
1041 2000 1210 2045 locutos
1236 2017 1314 2044 nos
1337 2016 1426 2044 esse
1447 2000 1569 2044 vobis
1591 2000 1645 2044 de
1670 2002 1767 2061 Spi-
1808 1999 1809 2045 l

382 2073 470 2117 risu
492 2082 656 2117 sancto.
684 2071 752 2116 Ad
769 2073 886 2115 hunc
917 2070 1159 2130 potandum
1182 2086 1281 2114 cum
1304 2071 1512 2114 Dominus
1548 2071 1768 2116 invitasset
1808 2086 1809 2089 ’

383 2144 605 2188 credentes
622 2144 668 2186 in
686 2158 745 2197 se,
766 2142 948 2202 loquens
970 2142 1081 2184 inter
1103 2157 1173 2185 eos
1191 2142 1266 2201 qui
1290 2141 1412 2185 illum
1432 2151 1578 2184 tenere
1601 2142 1766 2199 cogita-
1808 2186 1809 2191 ,

383 2215 514 2267 bant,
550 2223 593 2257 ct
627 2213 868 2257 interficere
892 2211 1148 2270 cupiebant,
1183 2227 1262 2255 nec
1296 2211 1530 2265 valebant,
1556 2211 1657 2269 quia
1694 2212 1765 2255 ille
1808 2210 1809 2226 ³

381 2285 559 2328 nolebat
586 2304 594 2328 2
616 2300 715 2328 cum
738 2299 840 2342 ergo
864 2283 957 2326 haec
980 2284 1151 2326 locutus
1175 2291 1284 2325 esset
1303 2317 1313 2336 ,
1335 2292 1435 2325 nata
1453 2292 1515 2326 est
1538 2282 1592 2326 de
1622 2282 1698 2326 illo
1720 2283 1765 2326 in
1808 2302 1809 2338 3

383 2356 510 2399 turba
535 2354 756 2408 dissensio,
783 2353 873 2396 aliis
899 2353 1152 2412 putantibus
1175 2351 1293 2411 quod
1310 2352 1397 2411 ipse
1421 2362 1529 2396 esset
1550 2353 1761 2407 Christus,
1808 2352 1809 2373 ³

382 2425 474 2469 aliis
506 2424 769 2478 dicentibus,
803 2423 904 2482 quia
934 2423 988 2466 de
1016 2421 1193 2466 Galilaea
1225 2437 1313 2465 non
1344 2432 1522 2481 exurget
1550 2424 1761 2467 Christus.

382 2496 468 2548 Qui
486 2509 588 2540 vero
615 2493 732 2538 missi
759 2493 957 2547 fuerant,
988 2500 1037 2536 ut
1057 2506 1157 2536 eum
1179 2500 1401 2548 tenerent,
1431 2492 1654 2537 redierunt
1679 2493 1763 2536 im-
