1825 3214
275 204 317 229 m
339 201 524 247 'somnis
557 200 867 240 EVANGELlUM,
903 203 1047 231 rimer.
1087 205 1238 231 xxxvi.
1363 194 1447 232 397

70 268 210 311 Prima
242 283 344 326 crgo
367 268 628 327 dispensatio
655 267 823 311 Domini
848 270 979 312 nostri
1004 272 1103 312 Jcsu
1127 269 1284 313 Christi
1308 269 1449 313 medi-

67 338 216 381 cinalis
238 349 299 382 cst
316 375 325 393 ,
353 338 667 398 nonjiidicialis
695 357 703 382 :
730 353 830 381 nam
852 339 884 381 si
910 340 1048 397 primo
1070 340 1252 384 venisset
1277 340 1449 398 judica-

67 418 190 452 turus
207 445 217 464 ,
245 411 461 453 neminem
486 409 717 453 invenisset
746 409 814 453 cui
836 410 1008 468 prremia
1027 411 1205 469 justitiae
1232 411 1446 455 redderet.

66 480 174 532 Quia
208 495 310 537 ergo
343 480 453 524 vidit
486 496 635 524 omnes
659 489 927 540 peccatores,
964 489 1006 524 et
1032 481 1210 524 omnino
1233 482 1450 524 neminem

67 566 156 595 esse.
178 552 415 595 immunem
436 568 457 596 a
482 563 619 596 morte
638 553 801 612 pcccati
821 571 829 596 ·.
857 553 974 612 prius
996 561 1087 595 orat
1104 553 1194 611 ejus
1218 552 1450 596 misericor-

66 622 133 667 dia
173 624 455 683 praeroganda
476 660 486 678 ,
513 633 555 668 ct
584 633 682 683 post
706 623 968 667 exerendum
987 622 1200 683 judicium
1228 642 1236 667 ε
1264 624 1364 683 quia
1397 623 1451 667 de

65 692 140 736 illo
158 703 405 738 cantaverat
432 694 676 738 psalmus:«
701 694 1037 739 Misericordiam
1060 703 1101 738 et
1118 694 1333 754 judicium
1356 708 1451 737 can-

70 781 89 804 »
126 765 229 808 tabo
253 765 359 818 tibi,
388 765 613 808 Domine1.
642 785 657 806 »
684 767 780 809 Non
801 765 915 808 enim
934 763 1146 824 judicium
1171 765 1230 808 ait
1253 773 1294 808 et
1325 764 1452 808 misc-

66 834 295 879 ricordiam
319 857 329 892 3
360 851 458 879 nam
481 836 513 879 si
538 836 677 895 primo
699 845 810 881 esset
826 835 1039 895 judicium
1056 872 1066 891 ,
1100 834 1218 879 nulla
1237 845 1346 880 esset
1370 835 1451 879 mi-

65 906 294 950 sericordia
315 926 323 951 :
341 906 415 950 sed
434 907 573 966 primo
596 907 885 951 misericordia
908 928 918 963 3
939 917 1084 966 postea
1101 907 1450 967 judicium.Quae

65 986 129 1021 est
151 977 290 1036 primo
316 978 638 1022 misericordia?
661 980 839 1023 Creator
862 979 1046 1022 hominis
1062 1014 1072 1032 ,
1100 979 1230 1022 homo
1253 993 1342 1021 esse
1363 978 1451 1035 dig-

65 1058 192 1091 natus
207 1057 271 1092 est
290 1068 297 1092 :
323 1047 459 1092 factus
474 1048 672 1108 estquod
690 1047 864 1101 fecerat,
883 1065 936 1092 nc
952 1049 1109 1107 periret
1123 1063 1253 1108 quem
1272 1047 1447 1091 lecerat.

67 1118 180 1171 Quid
212 1119 313 1163 huic
349 1120 654 1164 misericordiae
687 1120 787 1163 addi
823 1122 995 1178 potest?
1020 1123 1072 1163 Et
1097 1129 1241 1163 tamen
1264 1118 1447 1163 addidit.

68 1193 227 1234 Parum
258 1189 338 1234 fuit
375 1191 412 1234 ei
448 1191 670 1234 hominem
694 1191 783 1234 fieri
806 1212 816 1248 3
840 1191 912 1234 sed
929 1195 945 1216 '³
962 1192 1091 1234 etiam
1125 1191 1181 1234 ab
1203 1190 1452 1234 hominibus

66 1261 288 1320 reprobari
312 1276 494 1320 :parum
512 1271 604 1305 erat
634 1261 854 1319 reprobari
875 1283 886 1319 3
911 1271 953 1305 et
981 1262 1237 1305 exhonorari
1264 1281 1271 1304 :
1300 1275 1452 1319 parum

67 1341 157 1376 erat
187 1332 441 1376 exhonorari
460 1353 470 1389 3
495 1341 538 1376 et
558 1332 696 1376 occidi
719 1351 726 1376 :
759 1331 834 1375 sed
857 1341 899 1375 et
922 1332 1004 1376 hoc
1025 1347 1179 1391 parum
1201 1340 1264 1375 est
1284 1352 1294 1388 3
1315 1340 1454 1375 morte

67 1403 222 1447 crucis.
259 1405 366 1447 Nam
389 1413 432 1447 et
469 1419 568 1448 cum
600 1404 690 1462 ejus
713 1402 1004 1447 obedientiam
1029 1418 1166 1462 usque
1188 1401 1242 1446 ad
1268 1411 1454 1446 mortem

67 1473 225 1518 factam
256 1476 582 1519 commendaret
615 1473 873 1533 Apostolus,
913 1489 1066 1533 parum
1090 1472 1150 1516 illi
1182 1472 1264 1516 suit
1283 1472 1450 1517 dicere:

73 1565 93 1588 «
128 1548 284 1590 Factus
308 1544 514 1590 obediens
538 1561 676 1606 usque
699 1545 753 1589 ad
776 1555 957 1589 mortem
977 1546 990 1571 ³
1011 1565 1025 1589 1:
1055 1563 1074 1585 η
1102 1560 1190 1587 non
1214 1544 1327 1587 enim
1350 1560 1456 1602 qua-

67 1615 346 1676 lemcumque
360 1626 563 1670 mortem,
579 1617 652 1660 sed
671 1615 854 1670 addidit,
872 1634 890 1656 «
909 1625 1092 1659 mortem
1109 1623 1253 1658 autem
1269 1615 1450 1658 crucis.»

70 1686 147 1731 Illa
173 1696 309 1732 morte
331 1689 452 1747 pejus
487 1686 595 1730 nihil
625 1685 708 1730 fuit
731 1686 844 1730 inter
868 1686 1010 1729 omnia
1041 1701 1197 1744 genera
1228 1685 1451 1728 mortium.

70 1758 267 1818 Denique
296 1758 373 1801 ubi
396 1757 566 1801 dolores
595 1756 788 1800 acerrimi
819 1757 1060 1815 exagitant,
1087 1756 1303 1801 cruciatus
1327 1771 1456 1800 voca-

70 1838 163 1884 tur,
200 1846 223 1874 a
249 1845 378 1874 cruce
403 1829 667 1873 nominatus.
696 1827 939 1872 Pendentes
962 1829 1077 1872 enim
1099 1828 1145 1871 in
1168 1828 1285 1886 ligno
1314 1828 1456 1872 cruci-

71 1900 165 1955 fixi,
192 1900 324 1945 clavis
347 1900 401 1944 ad
428 1899 596 1958 lignum
625 1899 806 1958 pedibus
837 1899 1126 1959 manibusque
1144 1900 1324 1953 confixi,
1359 1914 1457 1958 pro-

72 1969 203 2015 ducta
236 1981 376 2015 morte
407 1970 693 2014 necabantur.
728 1972 825 2014 Non
858 1969 973 2012 enim
1012 1970 1204 2028 crucifigi
1240 1970 1323 2013 hoc
1365 1978 1458 2013 erat

73 2042 236 2087 occidi:
261 2042 336 2087 sed
358 2042 433 2086 diu
455 2042 684 2085 vivebatur
706 2042 751 2085 in
774 2056 903 2086 cruce
921 2062 932 2098 3
947 2057 1033 2085 non
1059 2041 1160 2101 quia
1183 2040 1353 2099 longior
1368 2042 1456 2085 vita

74 2113 336 2171 eligebatur,
361 2112 436 2157 sed
464 2113 565 2172 quia
588 2128 704 2157 mors
724 2113 814 2172 ipsa
837 2111 1181 2172 protendebatur
1198 2147 1209 2167 ,
1244 2128 1300 2156 ne
1333 2111 1458 2157 dolor

74 2184 201 2228 citius
230 2183 444 2227 finiretur.
475 2183 587 2227 Mori
608 2182 746 2227 voluit
774 2198 853 2242 pro
891 2183 1044 2227 nobis:
1070 2197 1224 2241 parum
1249 2183 1455 2238 dicimus,

75 2254 269 2313 crucifigi
291 2253 494 2313 dignatus
517 2262 579 2297 est
598 2288 608 2308 ‚
640 2269 778 2313 usque
813 2254 867 2297 ad
889 2263 1071 2298 mortem
1093 2253 1232 2298 crucis
1253 2254 1458 2298 obediens

76 2325 231 2369 factus.
265 2324 407 2381 Elegit
444 2333 683 2367 extremum
707 2332 749 2366 et
771 2323 980 2382 pessimus
1015 2339 1149 2382 genus
1175 2325 1325 2369 mortis
1343 2359 1353 2377 ,
1383 2324 1458 2384 qui

77 2411 250 2440 omnem
269 2395 408 2438 fuerat
432 2395 654 2438 ablaturus
676 2404 859 2438 mortem
884 2414 891 2438 ε
918 2393 972 2438 de
995 2405 1132 2439 morte
1149 2396 1329 2454 pessima
1351 2395 1459 2438 occi-

78 2465 144 2510 dit
164 2481 338 2510 omnem
361 2475 564 2510 mortem.
592 2464 777 2509 Pessima
800 2465 914 2508 enim
936 2475 1028 2509 erat
1059 2482 1148 2511 non
1176 2465 1458 2522 intelligenti-

128 2557 134 2573 ¹
160 2550 283 2591 Psal.c‚
304 2561 332 2582 1.
355 2566 396 2573 —-
416 2556 428 2572 ²
447 2549 583 2593 Supple,
602 2549 733 2584 addidit.
756 2566 795 2571 —
821 2546 835 2572 3
856 2549 968 2591 Philip.
989 2561 1025 2591 11,
1039 2552 1070 2582 8.
