1825 3214
253 240 294 265 m
329 236 503 265 JOANNIS
536 237 815 265 EvANGssLluM
841 256 850 274 ,
887 238 1032 265 wimer.
1070 240 1228 267 xxxvii.
1347 227 1429 266 415

43 301 157 361 pleta
181 313 282 347 sunt
306 304 447 348 omnia
472 318 570 362 quae
593 311 693 345 ante
712 302 949 362 passionem
968 319 1104 346 meam
1133 304 1303 348 fuerant
1327 320 1431 364 pro-

41 374 217 432 phetata
239 390 366 432 :ergo
384 373 528 418 adhuc
546 372 653 434 quid
677 374 742 418 hic
762 373 903 417 facio?
921 375 1113 434 Denique
1133 386 1277 434 postca
1298 392 1428 436 quam

41 442 172 498 dixit,
210 443 457 487 Perfectum
485 453 570 498 est,
597 443 805 487 inclinato
827 444 967 502 capite
1004 446 1182 489 tradidit
1211 447 1425 505 spiritum.

39 512 264 573 Numquid
296 512 358 556 illi
381 512 570 557 latrones
596 514 716 573 juxta
749 513 906 557 confixi
925 549 936 567 ,
959 514 1137 574 quando
1159 516 1394 560 volucrunt
1416 552 1426 570 ,

40 584 374 644 expiraverunt?
399 586 680 628 Tenebantur
703 583 886 628 vinculis
904 585 1060 640 carnis,
1081 586 1182 645 quia
1202 601 1289 629 non
1308 596 1431 631 erant

41 665 253 700 creatores
284 657 421 700 carnis
452 676 459 701 :
492 657 621 700 clavis
658 657 815 700 confixi
850 656 925 699 diu
966 657 1293 712 cruciabantur,
1330 659 1432 718 quia

38 726 280 771 infirmitati
312 743 401 771 non
433 727 788 771 dominabantur.
820 728 1027 771 Dominus
1066 737 1211 772 autern
1253 728 1432 790 quando

39 795 198 851 voluit,
223 813 398 842 carnem
420 798 466 841 iu
489 807 613 842 utero
632 797 829 855 virginali
856 798 1046 857 acecpit,
1066 799 1245 858 quando
1273 798 1428 855 voluit,

39 866 93 911 ad
109 868 306 911 homines
320 868 526 927 processit
547 889 557 925 3
574 867 771 927 quandiu
790 867 946 922 voluit,
962 869 1076 912 inter
1089 869 1429 928 hominesvixi't3

39 938 216 998 quando
238 938 399 993 voluit,
427 954 449 982 a
467 955 595 983 carne
615 938 807 983 discessit
828 959 836 983 :
864 940 945 983 hoc
979 949 1042 984 est
1064 941 1288 999 potestatis
1303 976 1314 997 ,
1341 956 1429 986 non

38 1010 316 1054 necessitatis.
345 1012 466 1054 Hanc
482 1026 585 1069 ergo
615 1011 766 1054 horam
799 1010 871 1053 ille
898 1010 1179 1069 expectabat,
1206 1027 1295 1056 non
1319 1011 1431 1056 fata-

38 1080 147 1135 lem,
172 1080 248 1125 sed
287 1090 580 1140 opportunam
619 1091 661 1125 et
696 1081 986 1126 voluntariam
1013 1101 1020 1127 :
1047 1091 1097 1126 ut
1127 1084 1246 1141 prius
1284 1085 1431 1128 omnia

36 1151 362 1212 complerentur
379 1187 389 1203 ,
415 1168 514 1212 quae
537 1161 636 1196 ante
655 1153 896 1211 passionem
912 1153 1045 1212 ipsius
1068 1152 1278 1213 compleri
1297 1169 1430 1214 opor-

38 1223 172 1266 tebat.
194 1224 301 1267 Nam
332 1221 556 1281 quomodo
590 1222 672 1265 sub
713 1221 770 1268 fat
824 1224 1079 1267 necessitate
1114 1225 1278 1283 positus
1311 1234 1428 1279 erat,

37 1293 114 1353 qui
136 1293 219 1337 alio
240 1291 337 1337 loco
353 1292 460 1337 dixit
484 1313 493 1338 z
529 1312 549 1335 «
576 1297 837 1339 Potestatem
855 1294 998 1339 haheo
1022 1295 1213 1354 ponendi
1240 1296 1429 1340 animam

37 1381 57 1405 »
88 1371 130 1407 et
152 1371 410 1423 potestatem
435 1363 575 1407 habeo
604 1363 761 1407 iterum
787 1364 988 1408 sumendi
1011 1380 1104 1408 earn
1133 1384 1141 1409 :
1168 1380 1298 1410 nemo
1316 1365 1432 1410 tollit

39 1451 61 1474 »
87 1449 181 1478 eam
203 1450 224 1478 a
246 1449 335 1488 me,
357 1434 432 1477 sed
455 1449 535 1493 ego
559 1435 648 1493 ipse
666 1449 784 1493 pono
802 1449 897 1478 eam
914 1450 936 1478 a
950 1450 1036 1490 me,
1058 1445 1101 1479 et
1116 1436 1275 1480 iterum
1303 1452 1429 1482 sumo

41 1521 61 1545 »
86 1518 181 1548 eam
196 1505 242 1545 ¹?
260 1522 280 1545 »
306 1504 506 1548 Ostendit
522 1505 635 1548 hanc
658 1513 933 1563 potestatem,
962 1505 1141 1566 quando
1164 1522 1263 1551 eum
1285 1506 1430 1552 Judaei

38 1573 311 1635 quaerebant.
348 1593 367 1615 «
398 1576 539 1627 Quem
577 1575 796 1634 quaeritis,
834 1575 1008 1635 inquit?
1043 1579 1100 1621 Et
1141 1576 1229 1633 illi,
1261 1580 1427 1622 Jesum.

41 1663 62 1686 »
98 1647 154 1690 Et
174 1644 270 1699 ille,
297 1647 389 1702 Ego
411 1660 521 1688 sum.
548 1647 643 1698 Qua
664 1661 772 1690 voce
795 1645 942 1690 audita
960 1682 971 1702 ,
997 1646 1219 1693 redierunt
1247 1657 1365 1693 retro
1389 1658 1434 1693 et

45 1733 65 1757 »
100 1715 454 1760 etcecideru11t2.
480 1734 500 1756 »

99 1788 156 1830 X.
178 1786 289 1830 Dicit
307 1785 461 1845 aliquis
476 1821 486 1840 ,
514 1785 556 1830 Si
572 1786 665 1830 haec
681 1786 726 1829 in
744 1785 819 1831 illo
838 1796 1026 1845 potestas
1046 1796 1160 1842 erat,
1180 1804 1315 1848 quare
1329 1804 1432 1833 eum

41 1859 65 1901 J
70 1857 184 1901 udaei
201 1856 458 1900 insultarent
477 1857 684 1916 pendenti
701 1867 743 1901 et
763 1858 956 1902 dicerent
973 1877 981 1902 :
1001 1858 1079 1903 «Si
1098 1858 1232 1903 Filius
1260 1861 1333 1904 Dei
1350 1870 1428 1915 est,

44 1946 65 1970 »
101 1928 335 1973 descendat
369 1928 424 1971 de
457 1929 636 1983 cruce3,
672 1947 691 1968 »
725 1944 813 1972 non
844 1929 1070 1974 descendit
1090 1965 1100 1984 ,
1133 1938 1183 1973 ut
1219 1932 1277 1975 eis
1310 1947 1431 1976 suam

40 2008 299 2062 potestatem
315 1998 620 2042 descendendo
643 2001 934 2043 monstraret?
951 2001 1062 2052 Quia
1079 2001 1334 2059 patientiam
1350 2001 1431 2046 do-

42 2071 169 2114 cebat
184 2105 195 2125 ‚
219 2069 317 2114 ideo
346 2069 586 2128 potentiam
609 2069 855 2113 differebat.
880 2071 922 2115 Si
946 2070 1061 2113 enim
1083 2072 1206 2131 quasi
1233 2088 1430 2117 commo-

42 2149 112 2185 tus
158 2140 213 2184 ad
249 2155 399 2184 eorum
433 2139 565 2182 verba
607 2138 910 2195 descenderet,
948 2141 1092 2184 victus
1134 2142 1430 2186 conviciorum

45 2210 195 2255 dolore
213 2218 453 2269 putaretur.
474 2212 651 2252 Prorsus
674 2224 762 2252 non
780 2210 1025 2266 descendit,
1050 2211 1158 2255 fixus
1176 2214 1427 2271 permansit,

44 2279 220 2341 quando
241 2279 372 2323 vellet
409 2279 696 2322 abscessurus.
722 2281 831 2323 Nam
854 2279 960 2339 quid
979 2282 1016 2324 ei
1034 2296 1241 2339 magnum
1264 2283 1348 2327 fuit
1375 2283 1429 2327 de

45 2365 172 2395 cruce
194 2348 455 2393 descendere
473 2383 483 2402 ,
513 2349 587 2408 qui
613 2348 754 2406 potuit
776 2347 830 2392 de
854 2349 1054 2408 sepulcro
1084 2356 1334 2411 resurgere?
1354 2356 1429 2396 In-

46 2420 291 2479 telligamus
308 2435 410 2477 ergo
440 2434 518 2462 nos
553 2418 711 2477 quibus
740 2419 821 2462 hoc
844 2421 1133 2465 ministratum
1159 2431 1244 2476 est,
1275 2432 1431 2481 poten-

47 2491 152 2535 tiam
175 2490 347 2535 Domini
376 2489 512 2534 nostri
533 2491 556 2532 J
562 2504 636 2532 esu
659 2489 817 2533 Christi
837 2490 1055 2535 occultam
1077 2501 1200 2547 tunc,
1220 2492 1428 2537 manifes-

97 2580 107 2597 ¹
127 2576 218 2605 Joan.
246 2585 280 2613 x,
303 2576 355 2604 ι8.
375 2588 417 2594 -
443 2577 456 2594 ²
477 2572 523 2604 Id.
541 2582 633 2612 xvm,
652 2571 685 2613 4,
701 2576 766 2604 etc.
790 2588 825 2594 -
853 2570 866 2594 3
883 2573 996 2606 Matth.
1017 2585 1116 2614 xxvn,
1135 2574 1190 2615 40.
