1809 3173
370 166 448 205 144
796 175 826 202 S·
867 176 1093 205 AUGUS'ssNl
1128 179 1303 205 liviscor]

364 245 418 288 ab
443 242 564 286 initio
587 242 701 285 fidei.
728 242 883 286 Merito
912 243 1001 302 jam
1024 253 1234 303 praesente
1255 244 1348 288 viro
1381 243 1517 295 audit,
1541 263 1559 285 «
1587 245 1743 290 Mulier

365 332 384 354 »
421 311 547 356 crede
564 311 686 355 mihi.
713 329 732 353 »
759 314 853 356 Jam
873 313 988 355 enim
1015 324 1077 357 est
1100 314 1144 357 in
1162 323 1203 357 te
1225 314 1300 373 qui
1322 313 1484 369 credat,
1511 315 1611 374 quia
1629 330 1742 374 prae-

362 398 457 426 sens
479 390 542 425 est
563 382 626 425 vir
653 390 767 425 tuus.
802 382 983 441 Coepisti
1016 383 1160 426 adesse
1189 383 1430 438 intellectu,
1467 384 1644 443 quando
1677 400 1746 428 me

366 452 625 511 Prophetam
648 451 887 512 appellasti.
915 471 933 492 «
961 452 1119 496 Mulier
1147 452 1274 497 crede
1297 454 1425 497 mihi¹
1451 472 1458 498 :
1481 471 1500 495 >›
1527 454 1627 514 quia
1665 454 1746 498 nisi

362 522 651 577 credideritis,
690 538 778 567 non
801 522 1063 581 intelligetis.
1091 526 1206 582 Ergo
1233 543 1252 566 «
1278 524 1434 568 Mulier
1465 525 1591 569 crede
1615 525 1743 580 mihi,

365 612 386 636 »
420 593 522 654 quia
540 593 822 647 veniethora,
848 594 1025 652 quando
1048 609 1190 654 noque
1210 594 1255 637 in
1288 604 1436 638 monte
1470 595 1570 647 hoc,
1605 611 1747 655 neque

365 682 386 706 »
422 664 468 707 in
489 664 768 720 Jerosolymis
805 662 1036 707 adorabitis
1074 668 1261 708 Patrem.
1288 667 1373 709 Vos
1409 665 1591 709 adoratis
1627 665 1748 725 quod

367 752 387 776 »
422 734 608 788 nescitis,
635 748 714 777 uos
737 733 965 777 adoramus
984 735 1102 793 quod
1125 736 1298 789 seimus,
1324 735 1426 793 quia
1450 735 1563 779 salus
1597 750 1645 778 ex
1669 738 1749 779 Ju-

364 822 385 846 »
422 804 623 861 daeis‘3est.
652 803 736 848 Sed
756 804 899 847 veniet
918 804 1021 847 hora
1038 807 1069 847 ¹².
1100 823 1117 843 »
1141 805 1357 856 Quando?
1378 824 1396 845 «
1419 807 1603 848 Etnunc
1618 815 1696 850 est.
1724 823 1744 846 »
1799 850 1802 852 ,

365 878 474 929 Quae
496 890 598 934 ergo
615 875 748 931 hora3
778 893 797 916 «
818 873 999 926 Quando
1023 875 1110 917 veri
1134 874 1379 920 adoratores
1404 875 1648 920 adorabunt
1673 880 1750 921 Pa-

367 963 387 986 »
424 954 533 989 trem
566 945 610 988 in
639 944 801 1003 Spiritu
832 953 874 988 et
895 945 1076 988 veritate
1103 964 1111 989 :
1140 964 1159 986 »
1185 961 1273 989 non
1293 946 1337 988 in
1361 955 1508 989 monte
1530 947 1627 1001 isto,
1660 962 1749 991 non

363 1015 410 1058 in
429 1013 607 1074 templo,
632 1013 706 1058 sed
728 1014 772 1057 in
794 1014 944 1073 spiritu
966 1023 1007 1058 et
1030 1015 1223 1059 veritate.
1255 1035 1274 1057 ι(
1293 1018 1400 1060 Nam
1426 1024 1468 1059 et
1492 1019 1617 1060 Pater
1644 1016 1749 1061 tales

367 1106 387 1129 »
422 1087 594 1148 quaerit,
619 1086 695 1146 qui
728 1086 908 1131 adorent
936 1102 1050 1130 eum.
1081 1105 1100 1127 η
1126 1089 1269 1140 Quare
1299 1090 1424 1131 Pater
1458 1086 1562 1130 tales
1594 1088 1751 1146 quaerit

365 1158 440 1218 qui
463 1157 645 1202 adorent
665 1172 765 1200 eum
795 1175 803 1201 ε
831 1172 920 1200 non
944 1158 987 1199 in
1010 1166 1173 1211 monte,
1201 1172 1289 1200 non
1322 1157 1366 1200 in
1399 1157 1578 1215 templo,
1604 1156 1679 1200 sed
1705 1157 1750 1201 in

365 1230 517 1288 spiritu
538 1237 581 1272 et
597 1228 802 1273 veritate?
829 1247 847 1269 «
876 1227 1058 1286 Spiritus
1085 1237 1148 1271 est
1167 1229 1317 1271 Deusss.
1351 1245 1369 1268 »
1396 1228 1438 1272 Si
1462 1240 1619 1287 corpus
1641 1237 1751 1272 esset

366 1303 495 1355 Deus,
527 1299 756 1358 oportebat
784 1314 883 1342 eum
915 1298 1082 1342 adorari
1115 1299 1160 1341 in
1190 1307 1359 1350 monte,
1388 1299 1490 1357 quia
1514 1313 1750 1357 corporeus

367 1380 431 1414 est
451 1385 574 1414 mons
596 1369 850 1429 :oportebat
874 1385 972 1412 eum
999 1369 1169 1412 adorari
1194 1369 1239 1413 in
1262 1369 1442 1428 templo,
1472 1370 1571 1429 quia
1594 1385 1750 1428 corpo-

368 1457 489 1486 reum
502 1450 565 1485 est
581 1441 812 1500 templum.
836 1459 855 1481 «
874 1440 1056 1499 Spiritus
1081 1449 1144 1484 est
1167 1443 1279 1483 Deus
1299 1459 1307 1484 z
1335 1449 1461 1483 eteos
1478 1441 1552 1500 qni
1566 1439 1752 1484 adorant

373 1531 392 1554 »
433 1527 550 1567 eum,
570 1512 616 1555 in
642 1511 795 1570 spiritu
821 1519 864 1554 et
886 1510 1065 1554 veritate
1082 1519 1253 1569 oportet
1275 1510 1469 1553 adorare.
1492 1528 1511 1550 »

425 1584 565 1626 XXV.
592 1581 874 1635 Audivimus,
901 1590 944 1624 et
976 1579 1253 1624 manifestum
1277 1589 1340 1624 est
1369 1599 1376 1624 :
1404 1579 1516 1624 foras
1546 1580 1747 1635 ieramus,

367 1653 481 1697 intro
505 1652 619 1696 missi
641 1667 802 1696 sumus.
828 1652 865 1694 O
890 1651 922 1694 si
947 1650 1200 1705 invenirem,
1227 1651 1414 1705 dicebas,
1451 1660 1643 1694 montem
1671 1649 1751 1694 ali--

369 1738 500 1783 quem
534 1723 669 1766 altum
708 1731 750 1765 et
771 1720 1011 1765 solitarium
1039 1739 1047 1763 ;
1075 1720 1204 1764 credo
1228 1719 1343 1764 enim
1372 1721 1472 1780 quia
1494 1721 1537 1764 in
1574 1720 1662 1765 alto
1688 1730 1752 1764 est

370 1798 500 1849 Deus,
526 1794 657 1850 magis
687 1808 756 1836 me
777 1790 951 1835 exaudit
973 1806 1023 1834 ex
1043 1791 1145 1834 alto.
1172 1792 1281 1844 Quia
1305 1792 1350 1834 in
1382 1800 1528 1835 monte
1557 1807 1616 1846 es,
1652 1806 1752 1850 pro-

372 1865 584 1924 pinquum
607 1872 648 1907 te
666 1866 755 1907 Deo
777 1870 918 1921 putas,
945 1870 987 1904 et
1009 1861 1094 1904 cito
1116 1870 1158 1904 te
1188 1860 1393 1915 exaudiri,
1420 1862 1541 1921 quasi
1569 1861 1623 1904 de
1649 1878 1753 1921 pro-
1774 1874 1793 1899 ‘-

370 1936 486 1980 ximo
521 1934 811 1979 clamantem?
843 1935 893 1976 In
916 1930 1087 1975 excelsis
1118 1931 1316 1985 habitat,
1350 1930 1425 1975 sed
1465 1932 1643 1975 humilia
1667 1947 1754 1976 res-

371 2006 488 2065 picit.
525 2008 664 2063 Prope
705 2012 770 2047 est
792 2001 1016 2047 Dominus.
1043 2001 1235 2053 Quibus?
1266 2002 1378 2046 forte
1410 2001 1537 2046 altis?
1570 2003 1645 2046 His
1676 2004 1753 2063 qui

372 2076 645 2120 obtriverunt
668 2090 756 2118 cor.
794 2073 900 2117 Mira
929 2087 994 2116 res
1020 2081 1083 2116 est
1110 2091 1117 2115 :
1148 2091 1167 2114 «
1201 2074 1257 2116 Et
1280 2073 1327 2115 in
1366 2072 1460 2116 altis
1497 2073 1678 2126 habitat,
1713 2081 1755 2117 et

372 2146 611 2191 humilibus
630 2145 895 2205 propinquat
909 2144 922 2168 ⁴
943 2162 952 2188 :
974 2162 992 2184 »
1012 2142 1192 2187 humilia
1215 2144 1400 2202 respicit,
1424 2143 1587 2188 excelsa
1610 2153 1755 2188 autem

374 2233 395 2261 a
418 2217 548 2275 longe
571 2215 792 2275 cognoscit
824 2234 833 2260 :
860 2214 1068 2274 superbos
1096 2213 1222 2271 longe
1258 2213 1392 2267 videt,
1427 2229 1477 2258 eo
1509 2213 1592 2257 illis
1615 2214 1757 2258 minus

373 2289 654 2348 propinquat,
684 2302 772 2346 quo
795 2285 875 2330 sibi
911 2285 1115 2328 videntur
1150 2283 1335 2328 altiores.
1375 2284 1609 2337 Quaerebas
1652 2300 1754 2343 ergo

374 2359 547 2404 Domini
569 2358 823 2418 passionem.
847 2356 913 2400 Ibi
936 2356 1169 2399 sanabatur
1188 2371 1300 2399 unus
1315 2390 1325 2409 ,
1351 2355 1596 2413 significans
1614 2356 1757 2400 unita-

424 2462 431 2477 ¹
460 2456 532 2486 Isa'i.
556 2466 617 2495 vn,
635 2453 777 2497 9,juxta
791 2463 865 2484 Lxx.
889 2468 930 2474 —
947 2459 959 2474 ²
989 2453 1077 2486 Joan,
1099 2460 1143 2491 tv,
1164 2452 1285 2483 ἰι-23.
1310 2467 1351 2473 —-
1367 2449 1379 2473 ³
1399 2451 1481 2483 ibid.
1504 2450 1556 2492 24.
1579 2468 1619 2474 ——
1639 2450 1652 2480 4
1673 2451 1753 2484 Psal.

375 2523 513 2554 cxxxvu,
530 2511 563 2543 6.
