1809 3173
387 164 474 211 ⁷274
816 172 848 201 S.
888 173 1115 203 Aucus'rrm
1150 177 1327 204 EPISCOPI

383 255 508 299 rogas
542 238 652 300 quid
673 239 749 295 sit,
785 255 886 284 cum
910 242 1001 302 jam
1033 241 1177 287 videas
1210 242 1390 303 aliquid.
1418 244 1551 290 Aliud
1578 246 1656 289 tibi
1689 247 1769 291 ‹le-

382 319 700 355 monstraturus
724 319 815 366 est,
840 326 864 354 a
885 327 974 371 quo
1003 312 1160 372 quaeris
1192 329 1425 371 agnoscere
1455 314 1576 374 quod
1608 315 1765 361 vidisti.

379 381 497 427 Alios
529 380 601 426 ille
623 380 771 426 oculos
805 381 967 437 habet,
1003 381 1106 426 alios
1128 392 1192 426 tu.
1227 386 1381 429 Nonne
1403 385 1599 430 similiter
1628 387 1770 446 apices

378 453 560 498 videtis?
583 453 668 499 Sed
687 468 776 498 non
791 452 984 498 similiter
1002 453 1122 511 signa
1145 455 1418 513 cognoscitis.
1445 459 1511 501 Tu
1532 471 1632 515 ergo
1649 457 1769 503 vides

376 533 419 569 et
440 523 590 571 laudas
612 544 621 570 :
650 523 724 570 ille
749 523 884 579 videt,
910 523 1086 578 laudat,
1107 523 1212 582 legit
1234 535 1276 569 et
1294 525 1510 585 intelligit.
1537 529 1648 581 Quia
1666 544 1769 588 ergo

375 595 578 651 vidimus,
600 596 702 657 quia
717 593 1009 649 laudavimus,
1034 593 1231 654 legamus
1254 605 1297 640 et
1319 597 1626 656 intelligamus.

435 669 517 711 III.
543 666 753 711 Dominus
783 665 830 709 in
865 674 1014 710 monte
1039 666 1051 690 ¹
1081 684 1090 710 ;
1117 665 1258 711 multo
1287 668 1422 726 magis
1452 668 1764 727 intelligamus,

373 737 476 798 quia
495 737 706 787 Dominus
727 735 774 780 in
795 744 943 780 monte
968 736 1164 780 Verbum
1183 745 1247 781 est
1268 737 1314 782 in
1340 738 1442 784 alto,
1472 740 1657 784 Proinde
1679 756 1768 787 non

374 809 496 869 quasi
523 806 748 852 humiliter
777 807 918 867 jacet,
952 806 1074 867 quod
1105 807 1152 851 in
1182 817 1332 853 monte
1367 808 1533 854 factum
1557 819 1620 856 est
1653 830 1662 856 ε
1687 827 1768 856 nec

373 888 647 924 transeunter
663 877 1018 938 praetereundum
1037 887 1116 934 est,
1141 878 1217 924 sed
1238 880 1577 940 suspiciendum.
1603 882 1768 931 Turbas

371 951 497 1007 vidit,
518 951 754 996 esurientes
772 950 968 1010 agnovit,
991 951 1325 996 misericorditer
1344 953 1459 1013 pavit
1485 973 1493 997 ;
1520 969 1609 998 non
1626 954 1767 1000 solum

370 1038 449 1083 pro
477 1023 694 1078 bonitate,
716 1037 871 1069 verum
892 1022 1023 1067 etiam
1048 1038 1126 1082 pro
1149 1032 1378 1083 potestate.
1406 1023 1522 1077 Quid
1540 1025 1656 1069 enim
1677 1025 1767 1070 sola

368 1094 591 1154 prodesset
621 1093 817 1148 bonitas,
844 1093 919 1137 ubi
948 1109 1039 1137 non
1078 1103 1170 1138 erat
1193 1095 1336 1154 panis,
1371 1094 1488 1138 unde
1510 1095 1640 1139 turba
1668 1112 1767 1140 esu-

368 1167 482 1210 riens
504 1166 778 1227 pasceretur?
801 1165 889 1211 Nisi
908 1164 1096 1210 bonitati
1119 1166 1286 1210 adesset
1307 1175 1507 1225 potestas,
1521 1168 1670 1227 jejuna
1692 1155 1796 1227 illas*

366 1238 497 1288 turba
538 1246 581 1282 et
612 1236 803 1281 esuriens
838 1246 1098 1282 remaneret.
1141 1237 1338 1297 Denique
1377 1248 1419 1282 et
1451 1237 1651 1297 discipuli
1689 1199 1798 1299 qui&

367 1317 492 1354 erant
512 1323 614 1353 cum
638 1307 825 1357 Domino
846 1307 891 1351 in
916 1308 1049 1362 fame,
1085 1317 1126 1352 et
1158 1307 1238 1367 ipsi
1258 1308 1407 1352 turbas
1429 1308 1636 1353 volebant
1666 1325 1767 1369 pas-

369 1395 465 1424 cere
482 1415 493 1436 ,
511 1388 561 1423 ut
583 1393 674 1423 non
698 1387 975 1423 remanerent
996 1379 1145 1422 inanes
1164 1413 1174 1432 ,
1196 1378 1272 1423 sed
1295 1380 1412 1423 unde
1436 1389 1660 1439 pascerent
1677 1396 1767 1430 non

365 1450 604 1496 habebant.
644 1448 933 1507 Interrogavit
967 1449 1180 1494 Dominus
1203 1448 1321 1494 unde
1356 1460 1606 1499 emerentur
1634 1466 1767 1510 panes

365 1521 422 1565 ad
451 1521 600 1566 turbas
624 1519 876 1579 pascendas.
903 1521 960 1563 Et
982 1519 1041 1563 ait
1070 1519 1293 1579 Scriptura
1319 1538 1328 1564 ;
1356 1538 1376 1561 «
1404 1523 1499 1564 Hoc
1525 1531 1674 1565 autem
1696 1521 1767 1565 di—

371 1611 392 1634 »
427 1593 553 1637 cebat
576 1600 747 1636 tentans
771 1605 874 1635 eum
893 1593 910 1616 2
935 1609 945 1635 ι
974 1608 993 1632 »
1021 1589 1289 1650 discipulum
1308 1590 1474 1634 scilicet
1496 1590 1764 1651 Philippum,

369 1679 503 1724 quem
523 1664 880 1721 interrogaverat.
910 1679 930 1702 «
962 1663 1059 1721 lpse
1082 1661 1198 1704 enim
1221 1661 1386 1705 sciebat
1407 1661 1515 1721 quid
1539 1671 1648 1705 esset
1675 1661 1768 1706 fac-

377 1752 398 1776 »
434 1744 574 1779 turus.
606 1752 627 1775 »
648 1732 731 1778 Cui
753 1747 856 1791 ergo
872 1732 991 1776 bono
1014 1731 1231 1787 tentabat,
1252 1731 1333 1775 nisi
1355 1731 1457 1790 quia
1478 1731 1769 1790 ignorantiam

373 1803 577 1866 discipuli
595 1802 948 1848 demonstrabat?
970 1805 1026 1846 Et
1049 1801 1162 1846 forte
1184 1802 1229 1846 in
1249 1801 1618 1847 demonstratione
1640 1803 1769 1862 igno-

373 1877 525 1921 rantiae
547 1873 747 1934 discipuli
775 1872 942 1933 aliquid
964 1872 1239 1930 significavit.
1265 1873 1504 1932 Apparebit
1525 1888 1643 1932 ergo,
1668 1889 1770 1921 cum
1804 1902 1809 1935 .'

373 1949 518 2009 ipsum
540 1953 862 1992 sacramentum
893 1943 948 1987 de
977 1943 1179 2004 quinque
1211 1944 1399 2003 panibus
1438 1945 1620 2004 coeperit
1645 1945 1770 1989 nobis
1804 1940 1809 1992 Ξ,

373 2020 522 2082 loqui,
552 2028 596 2064 et
617 2016 726 2079 quid
759 2015 971 2075 significet
998 2016 1193 2059 indicare
1230 2034 1240 2060 ι
1273 2016 1335 2058 ibi
1355 2016 1471 2058 enini
1493 2016 1766 2072 videbimus,
1806 2014 1809 2077 j

377 2106 511 2153 quare
533 2089 744 2135 Dominus
766 2088 813 2131 in
841 2087 925 2131 hoc
947 2085 1064 2130 facto
1086 2085 1378 2145 ignorantiam
1400 2085 1601 2146 discipuli
1628 2085 1767 2132 voluit

376 2159 687 2222 interrogando
709 2159 830 2220 quod
850 2157 1027 2214 sciebat,
1052 2157 1294 2202 ostendere.
1317 2159 1426 2202 Nam
1447 2157 1764 2217 interrogamus

379 2234 616 2296 aliquando
638 2230 761 2293 quod
780 2229 1016 2285 nescimus,
1048 2228 1198 2273 audire
1228 2228 1424 2274 volentes
1450 2237 1500 2273 ut
1521 2228 1765 2288 discamus3
1802 2247 1809 2311 Ι

381 2306 617 2369 aliquando
663 2306 979 2361 interrogamus
1027 2301 1148 2362 quod
1188 2301 1367 2356 scimUS,
1401 2302 1508 2345 scire
1561 2299 1756 2349 volentes
1800 2312 1809 2357 ς

382 2389 533 2430 utrum
561 2387 606 2423 et
625 2376 698 2421 ille
727 2375 832 2420 sciat
864 2388 997 2434 quem
1025 2373 1341 2431 interrogamus
1372 2391 1381 2417 z
1413 2381 1649 2432 utrumque
1683 2373 1767 2417 hoc
1799 2362 1809 2421 ξ

386 2461 568 2499 noverat
580 2449 873 2507 Dominus3et
894 2445 1015 2508 quod
1027 2445 1325 2504 interrogabat
1337 2443 1516 2500 sciebat,
1530 2445 1638 2504 quid
1654 2444 1770 2494 enim
1800 2442 1809 2498 i

439 2547 447 2564 ¹
467 2542 559 2572 Joan.
580 2550 625 2580 vr,
647 2538 677 2570 3.
698 2553 739 2559 -—
759 2535 841 2568 Ibid.
863 2534 895 2565 6.
