1809 3173
304 260 358 298 86
741 270 772 298 s.
810 270 1038 300 Aucus‘rnw
1073 273 1252 301 Emscom

301 345 404 379 tem.
443 334 540 378 Filii
563 336 697 380 Jacob
736 335 907 380 admissi
935 346 1036 380 sunt
1069 338 1120 381 ad
1163 337 1463 382 haereditatem
1497 356 1505 382 ε
1534 338 1689 381 Ismael

301 414 462 460 autem,
489 420 578 450 non
601 406 702 465 quia
721 421 769 450 ex
792 406 948 451 ancilla
972 416 1114 462 natus,
1137 407 1449 462 cxhoeredatus,
1480 407 1555 450 scd
1587 408 1688 467 quia

301 476 512 535 superbus
545 477 688 531 matri,
714 477 926 535 superbus
949 476 994 520 in
1028 476 1166 520 filium
1202 478 1349 521 matris
1365 488 1388 534 ξ
1412 486 1550 521 mater
1573 477 1688 521 enim

300 547 392 607 ejus
414 546 547 604 magis
570 548 668 591 Sara
693 561 826 606 quam
850 549 979 605 Agar.
1005 546 1125 591 Illius
1146 555 1296 590 utcrus
1318 547 1685 603 accommodatus,

298 618 414 662 illius
432 617 636 663 voluntas
655 618 833 662 accessit
860 637 868 662 :
890 633 979 662 non
1010 618 1172 662 faceret
1192 618 1409 662 Abraham
1440 618 1560 678 quod
1588 621 1690 663 Sara

297 688 434 733 nollet
461 707 469 732 :
491 688 623 746 magis
646 703 748 747 ergo
771 687 844 731 ille
867 687 983 731 filius
1011 689 1139 732 Sarae.
1166 688 1249 732 Sed
1282 687 1382 746 quia
1405 689 1617 747 superbus
1643 690 1688 732 in

301 758 496 814 fratrem,
523 767 567 802 et
588 759 800 818 superbus
822 757 1033 813 ludendo,
1060 758 1161 817 quia
1184 756 1458 814 deludendo,
1489 758 1595 818 quid
1631 759 1691 803 ait

305 832 407 875 Sara
425 831 443 871 ’ἶ
460 848 478 870 «
496 829 613 889 Ejice
637 828 839 873 ancillam
857 838 899 872 et
919 828 1057 871 filium
1081 829 1187 887 ejus,
1213 843 1300 872 non
1321 828 1435 871 enim
1458 829 1595 873 haeres
1611 830 1692 874 erit

302 919 320 940 »
355 899 470 942 filius
506 898 674 942 ancillae
696 913 796 942 cum
819 898 908 942 filio
944 913 1042 942 meo
1066 901 1183 942 Isaac
1200 899 1230 924 ¹·
1254 916 1274 939 »
1301 901 1398 944 Non
1435 914 1537 957 ergo
1564 899 1689 943 illurn

272 960 452 1014 'viscera
485 968 653 1013 ancillae
684 970 910 1029 ejecerunt
940 968 1073 1023 foras,
1112 968 1189 1012 sed
1220 970 1360 1013 cervix
1394 968 1571 1013 servilis.
1598 970 1690 1014 Etsi

298 1040 410 1084 liber
448 1040 661 1098 superbus
683 1040 752 1093 sit,
791 1054 939 1083 servus
962 1047 1053 1096 est3
1078 1048 1121 1083 ct
1155 1039 1274 1099 quod
1295 1040 1420 1098 pejus
1450 1049 1528 1093 est,
1564 1039 1690 1083 malae
1747 1062 1754 1067 .
1803 1036 1805 1041 ’

299 1110 505 1165 dominae,
522 1110 656 1170 ipsius
673 1110 904 1169 superbiae.
927 1113 1097 1170 Itaque,
1120 1109 1271 1153 fratres
1296 1110 1397 1164 mci,
1432 1110 1690 1169 respondete

297 1180 482 1235 homini,
509 1196 597 1224 non
620 1195 744 1239 posse
764 1196 911 1224 rursus
930 1181 1047 1224 nasci
1070 1181 1316 1237 hominem,
1343 1181 1603 1239 respondete
1621 1196 1690 1224 se-

300 1253 408 1307 curi,
433 1267 521 1295 non
554 1266 676 1311 posse
709 1267 855 1295 rursus
882 1252 1000 1295 nasci
1020 1251 1258 1295 hominem.
1286 1251 1514 1311 Quidquid
1533 1253 1690 1296 iterum

302 1323 367 1377 fit,
393 1321 534 1365 illusio
557 1330 647 1366 est:
673 1320 891 1382 quidquid
918 1322 1075 1365 iterum
1107 1323 1170 1375 fit,
1195 1320 1315 1365 lusus
1336 1330 1412 1365 est.
1440 1322 1597 1365 Ismacl
1617 1321 1691 1365 lu-

301 1394 380 1448 dit,
409 1392 526 1437 foras
549 1393 760 1436 mittatur.
783 1392 1101 1436 Animadvertit
1115 1392 1228 1435 enim
1255 1407 1326 1435 eos
1349 1394 1450 1436 Sara
1471 1391 1687 1447 ludentes,

302 1463 360 1507 ait
385 1464 622 1522 Scriptura,
643 1473 685 1507 et
702 1462 812 1507 dixit
835 1463 1040 1517 Abrahae,
1068 1482 1087 1504 n
1114 1464 1232 1523 Ejice
1255 1462 1456 1507 ancillam
1481 1472 1524 1507 et
1550 1462 1692 1507 filium

303 1553 322 1575 »
358 1536 465 1594 ejus.
491 1552 510 1575 »
526 1534 755 1593 Displicuit
776 1536 889 1579 Sarae
907 1524 1026 1578 lusus
1047 1548 1308 1594 puerorum3
1339 1533 1504 1593 aliquid
1529 1549 1692 1579 novum

300 1604 410 1649 vidit
431 1620 587 1664 pueros
606 1604 772 1649 ludere.
802 1607 957 1649 Nonne
974 1613 1132 1664 optant
1155 1605 1238 1648 hoc
1262 1620 1358 1664 quae
1376 1604 1486 1648 filios
1508 1605 1688 1660 habent,

300 1676 448 1720 videre
469 1675 669 1720 ludentes
691 1675 800 1720 filios
823 1677 956 1719 suos?
978 1675 1097 1719 Vidit
1114 1675 1204 1730 illa,
1226 1685 1269 1719 et
1290 1675 1569 1734 improbavit.
1591 1678 1693 1720 Nes-

302 1747 370 1792 cio
391 1746 497 1807 quid
521 1745 631 1790 vidit
668 1747 711 1789 in
734 1745 831 1789 lusu
860 1765 868 1790 ε
895 1746 1139 1790 illusionem
1162 1745 1272 1790 vidit
1292 1747 1336 1789 in
1360 1746 1439 1791 illo
1457 1746 1572 1801 lusu,
1598 1747 1693 1790 ani-

302 1818 534 1862 madvertit
568 1818 677 1861 servi
725 1817 1000 1876 superbiam3
1024 1816 1243 1875 displicuit
1276 1815 1355 1872 illi,
1398 1817 1521 1876 ejecit
1558 1816 1687 1861 foras.

300 1889 398 1934 Nati
422 1887 475 1931 de
498 1886 661 1931 ancillis
696 1887 884 1946 improbi
913 1886 1148 1931 mittuntur
1178 1886 1308 1941 foras,
1334 1895 1377 1930 et
1404 1896 1531 1930 natus
1557 1886 1612 1930 de
1635 1886 1691 1930 li-

301 1959 404 2003 bera
431 1959 620 2002 mittitur
643 1956 755 2002 foras
790 1958 920 2002 Esaii.
946 1960 1083 2003 Nemo
1121 1973 1223 2016 ergo
1244 1966 1479 2016 praesumat
1512 1957 1615 2017 quia
1637 1956 1692 2002 de

301 2030 427 2074 bonis
444 2029 650 2083 nascitur,
667 2044 796 2074 nemo
818 2033 1051 2088 praesu‘mat
1075 2029 1175 2089 quia
1198 2044 1273 2088 per
1295 2037 1465 2073 sanctos
1495 2029 1691 2088 baptiza-

303 2110 389 2144 tur.
408 2100 493 2153 Qui
517 2115 594 2159 per
616 2108 784 2143 sanctos
812 2099 1070 2159 baptizatur,
1092 2099 1235 2143 adhuc
1265 2108 1412 2143 caveat
1441 2114 1496 2142 ne
1526 2114 1616 2143 non
1638 2099 1691 2143 sit

303 2172 456 2226 Jacob,
483 2171 560 2215 sed
587 2171 716 2215 Esaii.
739 2173 832 2215 Hoc
860 2185 976 2228 ergo,
1002 2169 1171 2225 fratres,
1203 2170 1382 2213 dixerim
1408 2189 1417 2214 ;
1444 2169 1600 2213 melius
1627 2178 1692 2214 est

304 2242 359 2286 ab
377 2241 629 2285 hominibus
651 2257 726 2284 sua
749 2234 1045 2300 quaerentibus
1077 2249 1120 2284 et
1140 2239 1356 2283 mundum
1378 2239 1658 2298 diligentibus
1674 2274 1687 2296 ,

301 2311 423 2372 quod
451 2311 661 2369 significat
691 2327 851 2356 nomen
885 2311 1078 2366 ancillae,
1104 2310 1336 2370 baptizari,
1368 2319 1411 2354 et
1441 2310 1690 2369 spiritaliter

299 2381 599 2426 haereditatem
623 2398 818 2441 quaerere
843 2382 1017 2437 Christi,
1038 2391 1086 2426 ut
1105 2382 1159 2426 sit
1186 2390 1394 2440 tanquam
1415 2381 1529 2425 filius
1551 2382 1688 2425 Jacob

297 2452 352 2497 de
373 2451 543 2507 ancilla,
564 2468 697 2513 quam
720 2452 927 2511 baptizari
943 2467 1018 2511 per
1041 2461 1210 2496 sanctos
1233 2460 1276 2495 et
1297 2452 1536 2510 superbire,
1561 2460 1611 2495 ut
1632 2452 1686 2495 sit

291 2522 406 2566 Esaii
430 2521 540 2566 foras
558 2521 809 2573 mittendus,
836 2522 1033 2582 quamvis
1057 2531 1182 2566 natus
1205 2537 1255 2565 ex
1279 2522 1428 2566 libera.
1449 2525 1568 2578 Haec,
1592 2520 1684 2566 fra-

351 2614 355 2627 ¹
375 2610 451 2638 Gen.
471 2617 538 2648 xxi,
570 2618 618 2639 ιο.
