1809 3173
372 179 454 216 282
689 208 691 210 .
794 186 827 216 s.
866 187 1093 218 Auousrmr
1127 191 1307 219 tim-scon

372 254 561 298 Ecclesia
582 253 883 312 intelligimuS‚
908 256 1027 316 quod
1044 255 1116 300 illa
1141 256 1337 301 navicula
1364 258 1635 316 patiebatur3
1659 276 1747 306 non

371 334 493 369 crant
513 325 585 369 illa
607 325 906 384 significantia,
924 326 999 370 sed
1028 327 1276 386 simpliciter
1299 329 1563 373 transeuntia
1591 349 1600 374 ;
1619 332 1653 374 si
1674 347 1750 375 au-

371 406 458 439 tem
476 395 672 440 videmus
693 390 871 455 exp-rimi
894 396 937 439 in
960 397 1149 441 Ecclesia
1176 398 1400 442 veritatem
1424 399 1598 443 illarum
1619 401 1750 458 signi-

370 467 650 524 ficationum3
688 468 963 511 manifestum
1000 477 1087 522 est,
1122 468 1225 527 quia
1252 469 1366 514 facta
1397 471 1557 515 Christi
1593 486 1749 529 genera

369 546 471 581 sunt
492 537 778 582 locutionum.
805 557 822 578 «
852 540 905 582 Ut
921 546 1067 581 autem
1085 554 1178 582 sero
1202 537 1366 583 facturn
1385 551 1463 595 est,
1483 542 1641 601 inquit,
1658 541 1752 586 des-

373 627 393 649 »
428 608 670 653 cenderunt
687 607 886 667 discipuli
908 610 998 668 ejus
1016 609 1069 652 ad
1100 624 1216 652 mare
1239 629 1247 654 :
1278 620 1322 654 et
1342 626 1444 654 cum
1462 612 1751 657 ascendissent

372 697 392 721 >³
429 678 674 724 naviculam
692 713 702 732 ,
726 688 942 722 venerunt
970 687 1088 723 trans
1109 694 1227 723 mare
1253 680 1299 724 in
1327 681 1634 740 Capharnaum
1657 684 1688 725 1.
1726 699 1746 723 »

369 750 467 794 Cito
499 750 606 793 dixit
637 749 809 792 finitum
838 748 960 808 quod
992 759 1139 807 postea
1172 748 1337 794 factum
1365 760 1444 795 est.
1481 770 1501 793 «
1526 754 1752 796 Venerunt

372 839 392 862 »
429 830 545 864 trans
563 835 680 863 mare
695 820 741 862 in
757 820 1080 878 Capharnaum.
1109 838 1128 861 »
1148 823 1203 865 Et
1221 822 1355 877 redit,
1373 831 1423 866 ut
1441 832 1629 882 exponat
1644 838 1752 883 quo-

370 892 500 935 modo
521 900 750 946 venerunt,
776 892 877 950 quia
896 907 972 950 per
989 901 1191 951 stagnum
1205 894 1454 951 navigantes
1471 894 1747 939 transierunt.

369 965 425 1006 Et
447 963 552 1006 dum
585 962 836 1020 navigarent
858 962 912 1006 ad
934 972 1034 1007 eu'm
1057 963 1219 1019 locum,
1254 981 1342 1024 quo
1374 981 1446 1010 eos
1470 966 1638 1010 venisse
1662 966 1750 1026 jam

369 1034 503 1088 dixit,
540 1033 866 1093 recapitulando
885 1035 1060 1093 exponit
1078 1035 1185 1095 quid
1208 1036 1410 1080 acciderit
1441 1055 1450 1080 ;
1487 1055 1508 1079 «
1543 1038 1752 1081 Tenebrae

372 1124 391 1146 »
422 1106 509 1165 jam
540 1104 667 1149 factae
690 1115 838 1159 erant,
859 1114 901 1148 et
921 1121 1009 1150 non
1032 1116 1209 1150 venerat
1228 1105 1281 1150 ad
1298 1122 1369 1151 eos
1386 1109 1524 1152 Jesus.
1552 1126 1572 1149 »
1595 1109 1751 1153 Merito

369 1177 586 1232 tenebrae,
621 1177 721 1237 quia
753 1176 827 1220 lux
859 1193 945 1221 non
979 1188 1171 1222 venerat.
1214 1197 1233 1219 «
1273 1179 1479 1223 Tenebrae
1508 1181 1597 1239 jam
1625 1179 1752 1224 faetae

372 1266 391 1289 »
427 1256 564 1301 erant,
590 1256 632 1290 et
653 1263 742 1291 non
763 1256 944 1291 venerat
963 1247 1018 1291 ad
1035 1263 1106 1292 eos
1131 1252 1269 1292 Jesus.
1299 1267 1318 1290 »
1345 1253 1566 1302 Quantum
1589 1250 1753 1295 accedit

368 1319 465 1362 finis
481 1318 650 1372 mnndi,
675 1328 876 1362 crescunt
900 1334 1087 1373 errores,
1113 1320 1394 1364 crebrescunt
1415 1330 1614 1376 terrores,
1638 1336 1752 1365 cres-

368 1390 428 1433 cit
446 1389 664 1450 iniquitas⁷
692 1390 843 1434 crescit
866 1389 1098 1434 infidelitas
1121 1410 1129 1435 :
1150 1390 1225 1434 lux
1247 1391 1436 1450 denique
1455 1407 1554 1451 quse
1567 1392 1752 1436 charitas

354 1459 486 1519 ,apud
521 1462 732 1503 Joannem
761 1460 901 1519 ipsum
941 1459 1248 1518 evangelistam
1278 1461 1376 1504 satis
1405 1470 1640 1521 aperteque
1671 1462 1751 1506 de-

370 1540 659 1586 monstratur,
694 1531 752 1575 ita
781 1541 831 1575 ut
854 1531 1018 1576 diceret
1042 1550 1051 1576 2
1078 1533 1160 1585 Qui
1191 1531 1283 1576 odit
1315 1530 1493 1576 fratrem
1523 1548 1672 1588 suum,
1706 1533 1751 1576 in

370 1601 558 1645 tenebris
572 1611 651 1655 est,
663 1602 922 1646 creberrime
933 1601 1198 1660 extinguitur
1216 1621 1223 1645 :
1242 1603 1542 1646 crescuntistae
1559 1602 1751 1646 tenebrae

370 1671 572 1716 odiorum
596 1671 887 1716 fraternorum
900 1706 912 1725 ,
937 1672 1134 1732 quotidie
1151 1682 1373 1730 crescunt3
1400 1683 1444 1717 et
1462 1672 1660 1717 nondum
1678 1688 1753 1717 ve-

370 1743 434 1786 nit
451 1745 573 1786 Jesus
593 1746 627 1787 ².
653 1743 778 1787 Unde
793 1753 972 1802 apparet
987 1743 1089 1803 quia
1107 1746 1335 1788 crescunt?
1354 1744 1604 1798 «Quoniam
1619 1744 1752 1788 abun-

373 1833 392 1854 »
427 1812 550 1858 dabit
568 1813 792 1874 iniquitas,
814 1812 1059 1873 refrigescet
1077 1815 1262 1859 charitas
1284 1815 1567 1860 multorum3.
1592 1817 1752 1860 »Cres-

369 1894 476 1929 cunt
515 1885 707 1929 tenebrae
723 1920 733 1939 ‚
781 1893 824 1928 et
865 1886 1061 1930 nondum
1102 1887 1222 1930 venit
1267 1889 1405 1931 Jesus.
1449 1887 1752 1932 Crescentibus

371 1957 582 2011 tenebris,
616 1956 918 2015 refrigescente
948 1957 1182 2012 charitate,
1212 1957 1464 2002 abundante
1493 1958 1748 2017 iniquitate,

371 2029 452 2088 ipsi
475 2038 577 2073 sunt
598 2029 758 2073 fluctus
780 2044 935 2074 navem
960 2029 1185 2073 turbantes
1211 2049 1219 2074 :
1246 2036 1523 2089 tempestates
1546 2037 1589 2073 et
1609 2030 1750 2081 venti,

372 2099 581 2144 clamores
612 2109 713 2143 sunt
751 2099 1078 2144 maledicorum.
1119 2099 1226 2143 Inde
1268 2100 1453 2144 charitas
1485 2098 1749 2158 refrigescit,

373 2169 475 2215 inde
497 2171 655 2215 fluctus
678 2180 894 2230 augentur
909 2206 919 2225 ‚
941 2180 985 2214 et
1008 2171 1211 2215 turbatur
1226 2171 1359 2215 navis.

433 2243 507 2285 VI.
531 2260 550 2283 «
576 2243 717 2286 Vento
740 2256 895 2299 magno
918 2241 1050 2285 flante
1066 2256 1182 2285 mare
1199 2241 1478 2300 exurgebat4.
1499 2257 1520 2281 »
1546 2241 1754 2285 Tenebrae

374 2313 639 2365 crescebant7
659 2311 943 2371 intelligentia
958 2312 1252 2366 minuebatur,
1275 2312 1477 2371 iniquitas
1495 2312 1750 2370 augebatur.

379 2401 399 2426 «
433 2385 544 2428 Cum
569 2383 845 2442 remigassent
867 2397 967 2441 ergo
991 2384 1111 2443 quasi
1127 2383 1260 2427 stadia
1285 2382 1650 2442 vigintiquinque
1679 2390 1754 2426 aut

442 2485 451 2500 ¹
471 2481 562 2511 Joan.
582 2490 624 2519 vi,
647 2478 698 2518 16,
724 2490 773 2520 17.
794 2496 834 2501 —
856 2486 868 2501 ⁷
889 2490 900 2510 1
925 2481 1014 2511 Joan.
1033 2489 1070 2519 n,
1094 2490 1142 2510 ιῐ,
1161 2496 1202 2501 —-
1220 2477 1233 2501 3
1255 2478 1607 2519 Manh.xx1v‚12.-—-
1624 2475 1640 2507 4
1659 2477 1750 2511 Joan.

376 2545 419 2575 vi,
448 2535 500 2566 18-
