1825 3214
249 228 290 254 iu
325 226 499 254 ioannis
533 224 840 263 eunomium,
876 227 1021 254 'simeln
1061 229 1164 254 xm.
1327 213 1409 252 465

24 293 115 336 sine
138 293 282 337 Verbo
305 292 415 350 fuit3
440 292 540 352 quia
555 292 750 335 Verbum
766 301 829 335 est
851 307 1047 347 manens,
1069 308 1156 336 non
1180 292 1412 349 transiens3

24 365 162 417 Deus,
190 379 278 408 non
307 379 465 419 sonus;
490 377 567 422 per
592 377 722 422 quem
752 361 917 407 factum
943 372 1006 407 est
1028 363 1187 407 cwlum
1209 373 1251 407 et
1276 372 1384 407 terra
1400 398 1410 417 ‚

22 448 112 478 non
135 434 254 494 quod
279 433 485 493 praeteriit
507 448 609 477 cum
632 433 680 477 iis
700 448 800 493 quae
825 432 937 477 sacta
961 443 1064 478 sunt
1084 449 1212 493 super
1237 444 1409 477 terram.

24 506 141 564 Ergo
164 505 311 550 abillo
327 505 533 564 processit
556 514 605 549 ut
624 508 737 549 Deus
755 540 765 560 ,
792 514 842 549 ut
862 505 1041 564 aequalis
1058 541 1068 559 ,
1091 515 1140 550 ut
1163 505 1293 548 Filius
1317 505 1412 549 uni-

24 590 99 619 cus
115 610 126 630 ‚
165 585 214 620 ut
245 576 440 620 Verbum
463 576 598 620 Patris
621 595 629 620 ι
658 585 701 620 et
737 575 857 620 venit
881 574 933 619 ad
958 591 1060 630 nos7
1086 576 1188 635 quia
1218 577 1410 619 Verbum

24 662 124 691 caro
154 645 319 691 factum
357 657 450 702 est,
482 657 531 691 ut
564 647 778 692 habitaret
807 648 850 691 in
881 648 1020 691 nobis.
1048 646 1273 691 Adventus
1296 649 1409 707 ejus,

25 719 272 762 humanitas
294 720 384 778 ejus
402 738 410 763 :
428 719 594 764 mansio
617 720 724 779 ejus,
749 718 949 763 divinitas
968 719 1081 778 ejus:
1103 717 1304 763 divinitas
1323 719 1415 776 ejus

26 804 115 849 quo
137 789 272 844 imus,
298 790 545 834 humanitas
574 792 665 850 ejus
683 806 766 850 qua
786 790 912 834 imus.
935 791 1023 835 Nisi
1047 790 1172 834 nobis
1193 791 1313 834 [ieret
1331 807 1415 850 qua

27 861 186 904 iremus
204 895 214 915 ‚
242 875 466 920 nunquam
491 860 544 904 ad
567 860 688 904 illum
714 871 959 905 manentem
987 862 1324 921 perveniremus.

88 933 165 974 IX.
192 949 211 972 «
236 932 380 983 Quare
396 966 407 985 ,
432 932 590 992 inquit,
616 931 837 992 loquelam
860 947 998 976 meam
1020 948 1109 976 non
1131 934 1419 992 cognoscitis?

31 1018 52 1041 »
87 1001 198 1055 Quia
222 1016 309 1044 non
325 1002 502 1060 potestis
521 1001 670 1045 audire
689 1018 931 1046 sermonem
950 1018 1095 1047 meum
1112 1006 1140 1047 ¹.
1171 1023 1189 1045 »
1209 1005 1312 1047 Ideo
1331 1020 1418 1047 non

28 1080 232 1131 poterant
251 1088 527 1132 cognoscere,
554 1074 657 1132 quia
680 1089 768 1118 non
787 1083 987 1133 poterant
1014 1074 1177 1118 audire.
1195 1074 1276 1119 Sed
1304 1075 1420 1118 unde

30 1142 180 1187 audire
203 1159 292 1188 non
313 1153 529 1203 poterant,
548 1145 628 1188 nisi
651 1145 752 1204 quia
775 1145 930 1203 corrigi
948 1145 1167 1189 eredendo
1186 1146 1422 1189 nolebant?

30 1216 88 1258 Et
110 1215 193 1259 hoe
215 1215 366 1258 unde?
392 1234 411 1257 «
439 1217 526 1259 Vos
549 1231 571 1258 a
593 1225 716 1274 patre
737 1215 913 1259 diabolo
939 1217 1051 1260 estis.
1078 1235 1096 1256 »
1118 1217 1323 1269 Quamdiu
1348 1234 1423 1276 pa-

30 1293 140 1328 trem
159 1284 755 1338 commemorati53'Quandiu
771 1294 908 1342 patres
931 1286 1123 1340 mutatis,
1142 1286 1274 1330 modo
1290 1287 1424 1330 Abra-

31 1355 132 1400 ham
152 1390 162 1410 ,
196 1356 328 1400 niodo
360 1357 531 1399 Deum?
554 1355 718 1400 Audite
743 1371 766 1400 a
796 1355 908 1400 Filio
933 1357 1037 1411 Dei⁷
1063 1358 1186 1416 cujus
1216 1358 1304 1401 sitis
1327 1357 1417 1401 filii.

37 1444 58 1467 «
91 1428 128 1470 Α
147 1435 269 1485 patre
286 1424 460 1470 diabolo
481 1425 595 1469 estis.
624 1443 644 1467 »

102 1499 159 1541 X.
191 1497 271 1542 Hic
296 1498 387 1557 jam
417 1495 610 1542 cavenda
641 1505 706 1541 est
734 1496 907 1540 haeresis
932 1497 1300 1553 Manichaeorum,
1326 1515 1425 1558 quae

34 1568 140 1613 dicit
165 1584 255 1613 esse
292 1568 528 1629 quamdam
564 1577 767 1612 naturam
801 1568 902 1612 mali
926 1578 968 1612 et
995 1570 1230 1628 quamdam
1253 1580 1425 1628 gentem

35 1640 315 1685 tenebrarum
339 1656 437 1684 eum
463 1639 736 1699 principibus
759 1640 869 1694 suis,
895 1654 996 1698 quae
1025 1654 1126 1683 ausa
1148 1649 1211 1684 est
1233 1656 1426 1700 pugnare

14 1720 187 1775 &contra
209 1714 348 1755 Deum
377 1730 384 1755 :
414 1710 540 1754 illum
560 1726 663 1755 vero
684 1714 821 1754 Deum
836 1745 846 1764 ‚
878 1725 933 1754 ne
965 1709 1205 1754 debellaret
1229 1728 1332 1768 gens
1356 1712 1428 1756 ad-

35 1798 154 1827 versa
187 1797 367 1839 regnum
394 1783 515 1841 ejus,
546 1781 708 1824 misisse
736 1789 886 1824 contra
911 1795 1004 1823 eam
1037 1790 1245 1840 tanquam
1267 1783 1427 1826 viscora

37 1870 114 1899 sua
136 1853 352 1913 principes
375 1853 430 1896 de
448 1852 546 1896 luce
563 1867 637 1896 sua
657 1873 668 1908 3
693 1866 876 1911 eamque
893 1861 1067 1910 gentem
1091 1851 1222 1896 fuisse
1240 1853 1428 1898 debella-

38 1934 126 1969 tam
146 1959 156 1979 ,
183 1924 301 1968 unde
327 1921 527 1967 diabolus
558 1922 769 1981 originem
791 1920 929 1965 ducit.
966 1921 1078 1967 Hine
1098 1922 1250 1966 dieunt
1269 1923 1429 1968 ducere

39 1995 248 2053 originem
279 2008 452 2038 carnem
475 2002 666 2038 nostram
686 2013 698 2051 3
726 2002 768 2037 et
790 1992 1030 2036 seeundum
1055 1994 1138 2038 hoe
1156 2003 1314 2053 putant
1335 1995 1429 2039 dic-

39 2075 135 2109 tum
157 2080 180 2108 a
208 2064 421 2109 Domino:
452 2082 471 2106 «
498 2066 583 2108 Vos
618 2078 641 2106 a
662 2072 786 2123 patre
808 2062 985 2107 diabolo
1008 2064 1106 2107 estis
1125 2099 1136 2119 ,
1160 2084 1178 2105 υ
1207 2066 1326 2125 quod
1359 2083 1427 2111 cs-

40 2145 138 2181 sent
167 2134 231 2179 illi
252 2134 373 2180 velut
395 2143 549 2179 natura
573 2133 707 2188 mali,
738 2134 948 2178 ducentes
977 2134 1188 2192 originem
1218 2136 1273 2179 de
1303 2147 1430 2195 gente

42 2206 256 2252 contraria
277 2206 573 2250 tenebrarum.
610 2204 678 2249 Sic
700 2214 870 2260 errant,
896 2205 954 2249 sie
988 2216 1281 2261 excaecantur,
1306 2208 1365 2252 sic
1388 2224 1432 2252 se

43 2279 156 2337 ipsos
179 2275 345 2320 faciunt
364 2285 537 2335 gentem
557 2274 837 2319 tenebrarum
855 2310 865 2329 ‚
890 2274 1109 2319 eredendo
1132 2278 1251 2336 quod
1273 2276 1431 2323 falsum

45 2358 107 2393 est
130 2357 280 2393 contra
303 2362 403 2390 eum
426 2363 449 2390 a
483 2362 571 2406 quo
601 2346 733 2390 creati
762 2355 878 2390 sunt.
911 2348 1029 2390 Bona
1063 2358 1126 2391 est
1157 2349 1271 2392 enim
1295 2350 1435 2394 omnis

46 2429 216 2473 natura,
237 2418 312 2462 sed
331 2418 476 2462 vitiata
493 2427 555 2461 est
574 2417 760 2460 hominis
781 2426 935 2461 natura
956 2432 1030 2477 per
1052 2417 1321 2463 voluntatem
1346 2436 1433 2464 ma-

47 2489 148 2533 lam.
175 2487 306 2542 Quod
326 2487 430 2532 feeit
451 2491 566 2533 Deus
588 2502 678 2532 non
700 2496 842 2546 potest
865 2502 956 2531 esse
974 2487 1160 2543 malum,
1185 2490 1217 2532 si
1239 2490 1328 2549 ipse
1350 2492 1432 2536 ho-

98 2581 104 2598 ¹
121 2576 213 2609 Joau.
230 2585 302 2615 vm,
322 2573 376 2615 43.

212 2638 349 2668 cxxn.
1196 2629 1248 2668 30
