1825 3214
300 226 338 250 iis
376 223 548 250 mimano·
584 222 889 257 tumui-,ratam
927 222 1069 248 iuter.
1112 225 1198 249 xix.
1361 215 1438 249 189

55 288 260 331 sermonis
299 307 307 331 z
337 297 378 331 et
410 296 584 346 propter
610 287 931 329 hochominuS
957 286 1099 330 dit-ere
1124 288 1279 344 potuit,
1301 306 1314 325 <a
1344 291 1439 331 Ma-

62 380 77 399 »
99 360 192 417 jora
225 359 286 401 liis
310 357 623 402 demonstrabit
642 357 678 399 ei
699 371 844 415 opera,
872 366 919 399 ut
937 372 1010 400 vos
1035 357 1262 399 miremini.
1289 378 1305 397 »
1331 361 1440 401 Sunt

53 428 167 471 enim
195 444 323 487 opera
361 430 521 486 majora
551 441 681 486 quam
708 426 784 469 ista
806 460 816 479 ‚
847 435 888 469 et
918 425 1233 469 demonstrabit
1271 443 1317 470 ea
1359 432 1439 471 Pa-

55 508 118 542 ter
161 498 284 542 Filio.
327 501 422 542 Non
467 497 806 550 demonstravit,
859 505 1063 556 tanquam
1102 496 1157 539 de
1194 499 1438 554 praeterito,

51 568 127 613 sed
171 587 190 609 «
228 567 574 621 Demonstrabit‚
615 586 634 608 »
680 565 734 609 de
776 565 952 619 futuro,
988 566 1071 610 hoc
1106 575 1194 619 est,
1245 565 1441 609 demons-

54 647 243 684 traturus
287 648 364 682 est.
410 641 570 682 Rursus
604 635 791 680 dulit-ilis
829 636 966 680 oritur
994 637 1193 696 quaestio.
1231 639 1306 680 Est
1325 638 1439 680 enim

52 708 217 770 aliquid
253 709 369 768 apud
408 712 575 753 Patrem
616 707 735 767 quod
779 705 889 750 Filio
925 707 1121 750 nondum
1167 707 1440 751 demonstra-

52 788 144 824 tum
175 779 261 823 sit?
298 782 372 823 Est
406 777 571 838 aliquid
602 776 717 837 apud
753 780 919 821 Patrem
948 777 1066 837 quod
1101 777 1245 821 adhue
1279 777 1443 821 latebat

54 850 226 904 Filium,
247 850 424 910 quando
439 850 515 893 ista
535 849 667 892 Filius
684 848 946 908 loquebatur
960 851 977 892 P
995 849 1037 893 Si
1054 849 1167 892 enim
1195 869 1213 889 ι
1235 852 1441 892 Demons-

55 940 74 962 »
110 921 257 975 trabit,
278 939 296 961 »
320 922 401 964 hoc
422 929 499 970 est,
522 921 895 963 demonstraturus
914 928 999 976 est3
1021 919 1219 964 nondum
1242 919 1441 964 demons-

52 993 180 1037 travit
203 1012 210 1036 :
236 1001 278 1036 et
299 992 408 1036 Filio
432 1001 536 1035 tunc
555 991 931 1034 demonstraturus
953 1000 1032 1044 est,
1053 992 1233 1050 quando
1254 1000 1295 1034 et
1319 992 1406 1034 istis
1429 1010 1436 1034 2

50 1064 247 1124 sequitur
284 1064 416 1117 enim,
447 1083 466 1105 «
490 1065 544 1107 Ut
567 1078 642 1107 vos
666 1063 895 1106 miremini.
925 1081 943 1102 η
973 1066 1026 1106 Et
1056 1064 1137 1107 hoe
1169 1063 1346 1107 ditlieile
1379 1074 1442 1108 est

49 1134 220 1188 videre,
247 1134 469 1194 quomodo
508 1143 714 1193 tanquam
744 1133 1037 1192 temporaliter
1075 1132 1184 1176 Filio
1220 1144 1440 1179 coaeterno

50 1204 193 1265 aliqua
211 1205 479 1250 demonstrat
500 1214 688 1249 aeternus
707 1207 845 1258 Pater,
868 1204 1012 1247 omnia
1035 1203 1186 1248 scienti
1219 1220 1317 1264 quae
1339 1215 1441 1250 sunt

51 1276 168 1335 apud
187 1278 377 1320 Patrem.

110 1348 162 1389 V.
184 1348 292 1399 Quae
311 1355 412 1390 sunt
431 1355 575 1390 tamen
598 1345 669 1390 illa
688 1346 849 1405 majora
866 1347 882 1385 ἱ)
914 1347 1006 1388 Hoc
1028 1344 1144 1388 enim
1169 1344 1280 1389 forte
1316 1344 1439 1389 facile

51 1425 114 1461 est
146 1415 402 1475 intelligere.
435 1436 454 1458 «
484 1416 602 1460 Sicut
625 1416 738 1459 enim
763 1419 902 1469 Pater,
930 1415 1088 1474 inquit⁷
1114 1415 1291 1459 suscitat
1321 1431 1437 1460 mor—

54 1505 73 1528 »
108 1495 222 1531 tuos.
249 1495 292 1530 et
319 1486 509 1530 vivificat
537 1505 546 1529 ;
580 1486 638 1530 sie
661 1495 704 1529 et
729 1485 861 1529 Filius
899 1501 1008 1544 quos
1031 1483 1127 1529 vult
1150 1486 1338 1529 vivificat
1355 1488 1382 1528 ¹.
1416 1504 1435 1526 n

49 1559 212 1616 MaJ'ora
230 1571 330 1613 ergo
354 1565 456 1599 sunt
479 1571 609 1615 opera
631 1565 825 1600 mortuos
858 1555 1079 1609 suscitare,
1105 1571 1238 1614 quam
1266 1555 1439 1613 langui-

51 1628 128 1672 dos
150 1642 314 1672 sanare.
343 1625 426 1671 Sed
445 1646 464 1667 «
483 1627 601 1671 Sicut
623 1626 800 1669 suscitat
820 1628 943 1669 Pater
957 1635 1150 1669 mortuos
1166 1635 1209 1668 et
1227 1625 1434 1677 vivificat,

53 1718 72 1740 »
108 1700 167 1744 sie
195 1708 238 1742 et
276 1697 410 1741 Filius
444 1713 552 1757 quos
584 1697 680 1741 vult
715 1697 917 1740 vivificat.
948 1715 966 1736 »
1006 1695 1122 1740 Alios
1151 1712 1254 1755 ergo
1291 1700 1434 1751 Pater,

50 1770 152 1815 alios
179 1769 342 1813 Filius?
367 1768 450 1813 Sed
479 1769 623 1813 omnia
655 1783 729 1827 per
767 1769 907 1827 ipsum
934 1786 942 1811 :
970 1767 1084 1826 ipsos
1104 1768 1252 1827 itaque
1281 1766 1433 1821 Filius,

50 1857 158 1902 quos
181 1850 224 1884 et
260 1844 386 1884 Pater
410 1859 418 1883 ·.
445 1839 546 1899 quia
581 1854 670 1883 non
694 1837 792 1892 alia,
825 1854 904 1883 nec
937 1837 1085 1894 aliter3
1117 1838 1193 1882 sed
1220 1857 1239 1878 «
1267 1840 1370 1882 Haec
1394 1847 1438 1881 et

52 1929 72 1953 ω
110 1911 242 1955 Filius
278 1909 473 1954 similiter
507 1908 624 1953 facit.
650 1927 668 1950 »
693 1912 756 1952 Ita
780 1908 907 1968 plane
929 1907 1258 1967 intelligendum
1289 1918 1368 1963 est,
1395 1917 1439 1952 et

50 1984 108 2028 ita
131 1983 369 2028 tenendum
405 2003 413 2027 ;
443 1981 520 2027 sed
559 1990 823 2026 mementote
851 1981 951 2041 quia
979 2000 998 2023 «
1028 1980 1163 2025 Filius
1199 1996 1308 2041 quos
1342 1979 1438 2024 vult

54 2071 74 2094 »
110 2054 313 2099 vivificat.
345 2071 364 2095 »
406 2056 566 2097 Tenete
606 2052 676 2096 hie
717 2067 820 2110 ergo
864 2067 952 2096 non
997 2051 1136 2095 solum
1179 2060 1436 2111 potestatem

51 2124 164 2178 Filii,
187 2139 339 2168 verum
360 2124 488 2167 etiam
515 2122 801 2167 voluntatem.
828 2125 884 2166 Et
903 2122 1037 2166 Filius
1065 2137 1182 2182 quos*
1204 2121 1298 2165 vult
1325 2121 1435 2166 vivi-

50 2195 166 2248 ficat,
202 2203 244 2238 et
278 2197 404 2238 Pater
431 2208 538 2253 quos
569 2192 664 2236 vult
691 2192 904 2250 vivificat3
933 2201 976 2236 et
1009 2193 1122 2252 ipsos
1152 2192 1287 2236 Filius
1327 2184 1447 2251 quos'

51 2274 95 2309 et
130 2268 254 2309 Pater
287 2283 296 2309 ε
329 2279 378 2308 ac
411 2279 487 2323 per
519 2264 602 2307 hoc
637 2264 785 2306 eadem
822 2263 959 2307 Patris
989 2272 1031 2306 et
1053 2262 1152 2306 Filii
1180 2271 1223 2306 et
1248 2271 1436 2322 potestas

51 2343 115 2379 est
146 2344 190 2379 et
223 2334 438 2379 voluntas.
472 2334 584 2387 Quid
612 2339 681 2376 'est
708 2348 810 2391 ergo
849 2332 970 2393 quod
992 2333 1222 2392 sequitur?
1249 2335 1435 2393 «Neque

54 2424 74 2447 »
110 2407 225 2452 enim
266 2409 391 2450 Pater
425 2405 591 2466 judicat
620 2419 912 2464 quemquam,
954 2404 1028 2448 sed
1058 2403 1271 2463 judicium
1307 2419 1435 2447 omne

54 2495 75 2518 »
110 2476 231 2520 dedit
261 2475 388 2531 Filio,
420 2485 469 2520 ut
505 2490 654 2520 omnes
695 2473 981 2519 honorificent
1012 2473 1197 2529 Filium,
1223 2474 1333 2518 sicut
1355 2474 1435 2517 ho-

100 2567 107 2583 Ι
129 2563 220 2593 Joitn.
241 2571 273 2597 v,
294 2570 348 2593 21.
