1825 3214
287 234 330 260 ιΝ
364 231 537 260 mmmm
569 229 879 268 EVANGELIUM,
913 229 1060 259 TnAcT.
1098 233 1255 260 xxvnr.
1377 221 1459 260 327

81 317 101 339 »
138 298 194 342 tia
217 306 494 342 convertatur
513 297 554 340 in
574 296 805 355 judicium.
827 314 846 336 »
864 296 1160 357 Quoadusquc
1179 298 1344 359 justitia
1364 315 1463 359 quae

78 368 210 413 modo
240 378 302 412 cst
324 369 367 411 in
395 367 552 411 sanctis
579 368 697 425 ejus,
723 376 1002 410 convertatur
1032 368 1073 411 in
1092 368 1304 427 judicium
1322 406 1334 424 ,
1361 385 1462 415 cum

77 440 332 499 implebitur
354 439 472 499 quod
491 439 550 481 cis
571 437 738 482 dictum
761 446 824 481 est
847 456 854 483 :
880 457 899 479 «
921 438 1133 482 Seth-bitis
1151 455 1280 498 snper
1300 440 1464 484 duode-

81 529 100 552 »
135 511 218 554 cim
237 509 383 563 sedes,
402 509 649 569 judicantes
671 508 902 553 duodecim
926 509 1063 552 tribus
1090 510 1216 553 lsra'e'l
1235 513 1262 552 ¹.
1283 530 1300 551 »
1317 512 1463 555 Habe-

77 581 152 625 bat
169 580 380 639 justitiam
405 578 637 638 Apostolus
654 614 665 633 ‚
703 578 778 622 sed
814 578 1013 622 nondum
1044 578 1153 622 illud
1172 579 1388 639 judicium
1411 582 1465 625 de

78 666 168 711 quo
186 650 291 695 dicit
313 669 322 695 :
352 669 372 692 «
387 650 566 695 Nescitis
589 650 795 709 quoniam
815 649 1350 710 angelosjudieabinms²p
1367 669 1385 691 »
1405 653 1467 696 Sit

79 737 182 780 ergo
206 721 337 766 modo
365 731 535 780 tempus
555 723 670 781 juste
691 720 891 770 vivendi,
916 731 1063 780 postea
1098 723 1179 766 erit
1202 732 1372 781 tempus
1395 738 1466 767 eos

77 793 154 853 qui
175 792 285 835 male
308 793 510 846 vixerint,
525 791 767 851 judicandi.
793 792 945 845 Quoad
965 792 1155 852 justitia,
1182 794 1345 853 inquit,
1365 810 1467 838 con-

78 872 270 908 vertatur
288 863 332 905 in
347 862 578 921 judicium.
607 865 699 907 lloc
717 864 797 906 erit
819 872 990 921 tempus
1002 862 1153 921 judicii
1171 899 1180 918 ‚
1207 863 1261 907 dc
1279 880 1367 924 quo
1386 868 1469 910 Do-

78 934 222 977 minus
244 933 378 977 modo
395 933 531 976 dixit:
555 952 575 974 «
594 935 782 992 Tempus
801 947 944 976 meum
969 933 1166 977 nondum
1190 934 1358 978 venit.»
1376 935 1469 980 Erit

78 1003 195 1047 enim
226 1012 399 1062 tempus
422 1002 602 1061 gloriae,
640 1012 689 1046 ut
717 1003 794 1062 qui
820 1003 1005 1047 venitin
1027 1003 1295 1059 humilitate,
1320 1006 1468 1050 veniat

78 1075 124 1118 in
154 1073 400 1118 altitudine.
427 1074 512 1126 Qui
533 1073 652 1118 venit
667 1073 931 1134 judicandus
949 1109 960 1128 ‚
985 1074 1130 1118 veniet
1159 1074 1464 1134 judicaturus:

77 1145 156 1205 qui
178 1143 297 1188 venit
318 1142 456 1188 occidi
471 1159 493 1187 a
510 1144 707 1199 mortuis,
726 1144 871 1188 veniet
883 1144 1077 1204 judicare
1095 1145 1150 1189 de
1170 1146 1276 1190 vivis
1298 1156 1341 1191 et
1356 1163 1469 1192 mor-

78 1215 178 1260 tuis.
211 1233 232 1256 «
263 1217 401 1268 Deus,
440 1214 585 1274 inquit
615 1213 834 1269 Psalmus,
870 1213 1125 1259 manifestus
1156 1217 1329 1273 veniet,
1357 1221 1470 1263 Deus

81 1303 102 1327 »
137 1294 285 1330 noster
317 1294 361 1329 et
382 1299 471 1328 non
501 1284 645 1328 silebit
660 1286 692 1328 ³.
721 1302 742 1326 »
763 1284 877 1338 Quid
896 1296 980 1340 est,
1006 1286 1262 1331 manifestus
1293 1289 1470 1333 veniet?

77 1357 180 1415 quia
196 1355 316 1399 venit
333 1355 530 1400 occultus
543 1357 573 1398 4.
597 1358 720 1399 Tunc
742 1371 830 1400 non
848 1356 1014 1400 silebit:
1031 1371 1130 1399 nam
1149 1358 1329 1416 quando
1351 1360 1470 1404 venit

78 1426 301 1481 occultus,
327 1427 439 1470 sicut
468 1426 558 1470 ovis
582 1425 637 1469 ad
657 1425 976 1470 immolandum
1000 1426 1159 1470 ductus
1180 1436 1243 1471 est
1258 1463 1269 1483 ,
1294 1438 1337 1472 et
1359 1430 1471 1475 sicut

79 1512 216 1556 agnus
238 1511 383 1541 coram
408 1495 621 1541 tondente
642 1511 685 1539 se
707 1511 796 1540 non
820 1496 987 1555 aperuit
1013 1512 1059 1540 os
1081 1512 1224 1541 suum.
1250 1499 1408 1543 Veniet
1429 1510 1472 1545 et

77 1583 168 1612 non
191 1566 350 1611 silebit.
381 1566 512 1610 Tacui
531 1600 542 1621 ,
562 1566 728 1626 inquit,
754 1565 969 1625 numquid
991 1582 1160 1626 semper
1179 1568 1331 1613 tacebo
1348 1572 1395 1613 ⁵?

137 1639 237 1681 Vll.
260 1635 394 1682 Modo
418 1645 565 1680 autem
587 1635 695 1696 quid
718 1636 1006 1680 necessarium
1029 1646 1092 1681 est
1115 1638 1189 1692 eis,
1208 1640 1283 1698 qui
1305 1639 1471 1685 habent

72 1707 317 1766 justitiam?
333 1706 462 1760 Quod
479 1707 524 1750 in
544 1706 619 1750 illo
635 1707 726 1765 ipso
745 1705 912 1765 psalmo
928 1705 1087 1765 legitur
1107 1726 1115 1752 :
1137 1727 1156 1749 «
1174 1708 1471 1770 Quoadusque

79 1795 100 1819 »
128 1778 295 1838 justitia
318 1786 598 1822 convertatur
620 1777 665 1820 in
689 1777 931 1837 judicium,
965 1786 1008 1821 et
1041 1779 1119 1838 qui
1149 1779 1315 1824 habent
1347 1795 1465 1837 eam,

79 1865 100 1889 n
136 1856 285 1892 omnes
308 1848 413 1891 recti
449 1846 581 1892 corde
596 1848 627 1890 ⁰.
653 1865 672 1888 »
700 1848 902 1900 Quaeritis
935 1847 1114 1892 fortasse
1136 1850 1213 1905 qui
1238 1859 1340 1895 sunt
1362 1852 1469 1896 recti

75 1919 234 1964 corde?
253 1919 355 1963 Illos
369 1920 612 1963 invenimus
633 1918 677 1962 in
698 1918 917 1978 Scriptura
935 1929 1072 1965 rectos
1090 1920 1237 1977 corde,
1256 1922 1333 1982 qui
1355 1922 1469 1968 mala

76 1989 223 2035 saeculi
245 1990 458 2045 tolerant,
484 1999 527 2034 et
553 2006 642 2035 non
665 2001 869 2035 accusant
892 1994 1047 2036 Deum.
1074 1992 1252 2049 Videte,
1277 1993 1431 2039 fratres
1449 2030 1460 2051 ,

75 2077 171 2106 rara
206 2062 294 2105 avis
322 2071 387 2105 est
420 2062 500 2105 ista
534 2076 665 2120 quam
689 2061 861 2122 loquor.
888 2063 1040 2108 Nescio
1063 2079 1152 2123 quo
1191 2065 1308 2108 enim
1331 2066 1465 2111 modo

75 2132 254 2192 quando
268 2131 412 2175 evenit
428 2131 594 2175 homini
612 2131 775 2191 aliquid
799 2133 917 2187 mali,
934 2137 1071 2177 Deum
1095 2135 1231 2180 currit
1245 2151 1461 2194 accusare,

75 2204 152 2263 qui
185 2203 365 2246 deberet
392 2218 450 2246 se.
490 2202 677 2255 Quando
713 2204 818 2247 boni
844 2203 1011 2264 aliquid
1051 2206 1165 2264 agis,
1204 2216 1247 2251 tc
1279 2208 1462 2254 laudas:

76 2273 254 2334 quando
276 2273 378 2317 mali
401 2272 567 2333 aliquid
590 2275 769 2332 pateris,
796 2278 933 2319 Deum
954 2291 1144 2321 accusas.
1169 2281 1262 2323 Hoc
1278 2288 1342 2323 est
1362 2295 1464 2338 ergo

77 2360 152 2389 cor
173 2353 362 2399 tortum,
392 2359 482 2388 non
505 2353 688 2388 rectum.
713 2345 780 2389 Ab
803 2345 881 2390 ista
909 2346 1166 2392 distortione
1188 2358 1231 2393 et
1255 2350 1467 2408 pravitate

78 2415 114 2459 si
146 2414 395 2472 corrigaris,
430 2423 710 2459 convertetur
743 2414 790 2458 in
818 2418 1088 2462 contrarium
1120 2419 1242 2479 quod
1263 2419 1468 2465 faciebas.

127 2516 137 2534 ¹
163 2509 284 2543 Matth.
307 2521 373 2552 nx,
387 2510 443 2543 28.
463 2527 506 2533 —-
527 2517 539 2533 ²
559 2522 571 2542 1
588 2512 661 2544 Cor.
681 2521 726 2552 w,
747 2510 778 2543 3.
799 2528 840 2534 --
862 2510 876 2534 3
894 2513 979 2545 Psal.
1002 2525 1090 2556 χιιι,
1111 2515 1141 2547 3.
1159 2531 1200 2538 -
1218 2513 1319 2548 4Isa'1‘.
1342 2526 1413 2558 un,
1431 2527 1462 2559 7.

79 2583 122 2592 -
141 2564 220 2601 ⁵111.
243 2577 318 2610 uu,
341 2565 396 2610 14,
415 2567 509 2609 juxta
525 2577 599 2601 Lxx.
617 2583 659 2591 —-
673 2566 689 2592 ⁶
703 2566 784 2600 Psal.
803 2577 892 2609 xcnx,
912 2568 964 2604 15.
