1825 3214
268 213 310 240 uu
343 210 518 240 JOANle
549 210 862 248 BvANGELluM‚
897 209 1044 238 ‘rme-r.
1081 211 1202 238 xxiii.
1335 199 1419 238 255

30 277 287 323 Nullum-ne
321 277 618 322 testimonium
656 276 881 336 perhibuit
929 279 1148 320 Joannes‘?
1194 276 1422 321 perhibuit

26 349 170 407 plane,
191 348 265 392 sed
290 357 498 408 tanquam
517 347 712 400 lucerna,
732 361 820 390 non
840 345 894 389 ad
911 344 1129 389 satiandos
1147 347 1322 401 amicos,
1344 344 1421 390 sed

28 417 365 463 confundendos
398 417 593 462 inimicos
615 435 624 461 :
644 419 734 477 jam
757 415 872 460 enim
895 424 1020 459 antea
1049 414 1303 473 praedictum
1328 425 1421 460 erat

28 504 52 533 a
78 502 260 548 persona
296 489 467 533 Patris:
496 507 516 531 «
546 489 698 533 Paravi
720 487 944 532 lucernam
976 485 1149 531 Christo
1182 500 1303 543 meo3
1337 487 1422 530 ini-

32 576 52 600 »
89 557 225 603 micos
242 561 334 620 ejus
362 559 543 603 induam
566 557 822 604 confusione
837 591 848 612 ,
888 571 1018 616 super
1040 556 1183 615 ipsum
1205 556 1424 601 efflorebit

33 647 52 671 1·
84 630 367 675 sanctificatio
402 633 538 674 mea¹.
575 647 595 671 »
622 633 726 674 Esto
766 638 977 689 tanquam
1007 627 1052 670 in
1075 635 1203 671 nocte
1238 626 1420 685 positus,

27 700 247 744 attendisti
268 700 312 744 in
341 700 583 754 lucernam,
607 709 651 744 et
675 699 855 743 miratus
882 713 927 741 es
950 697 1193 751 lucernam,
1227 704 1271 740 et
1297 694 1423 739 exul-

28 771 126 814 tasti
145 770 199 815 ad
228 770 379 814 lumen
399 769 589 814 lucernae
610 784 619 811 ε
641 769 718 814 sed
736 769 808 813 issa
826 767 1006 812 lucerna
1028 766 1136 811 dicit
1157 781 1246 811 esse
1267 765 1420 822 solem,

27 840 72 884 in
92 855 183 900 quo
203 841 397 885 exultare
414 840 594 897 debeas3
619 848 664 884 et
684 839 883 899 quamvis
904 836 1053 882 ardeat
1074 837 1120 880 in
1143 845 1288 892 nocte,
1305 836 1423 880 diem

30 920 71 955 te
88 910 218 971 jubet
252 921 496 971 expectare.
523 914 621 957 Non
643 926 747 970 ergo
776 911 879 970 quia
922 908 1037 953 illius
1070 908 1259 953 hominis
1299 908 1423 952 testi-

28 983 176 1027 monio
192 997 282 1027 nou
299 992 391 1027 erat
402 998 527 1042 opus.
548 985 659 1027 Nam
681 991 730 1026 ut
751 981 860 1042 quid
886 980 1146 1035 mitteretur,
1167 980 1202 1023 si
1224 994 1312 1023 non
1330 988 1424 1024 erat

29 1056 170 1112 opus?
204 1054 287 1099 Sed
310 1069 365 1098 ne
393 1055 438 1098 in
461 1054 639 1099 lucerna
662 1061 882 1097 remaneat
914 1052 1063 1106 homo,
1100 1060 1143 1094 et
1175 1050 1327 1095 lumen
1349 1049 1422 1094 lu-

27 1139 167 1168 cernae
187 1124 387 1168 sufficere
408 1125 490 1169 sibi
512 1124 748 1168 arbitretur
774 1142 783 1168 ;
806 1123 905 1167 ideo
929 1122 1138 1166 Dominus
1161 1136 1242 1165 nec
1273 1120 1421 1165 lucer-

27 1208 128 1238 nam
151 1194 269 1239 illam
302 1195 567 1254 superfluam
599 1194 707 1238 dicit
728 1193 876 1247 fuisse,
902 1206 982 1237 nec
1010 1202 1156 1237 tamen
1186 1201 1228 1236 te
1250 1190 1355 1235 dicit
1376 1191 1422 1234 in

26 1263 201 1310 lucerna
224 1266 384 1309 debere
401 1279 638 1309 remanere.
668 1265 780 1309 Dicit
798 1262 919 1308 aliud
942 1262 1239 1307 testimonium
1274 1260 1421 1320 Scrip-

28 1343 124 1379 tura
139 1335 214 1379 Dei
229 1353 238 1380 ε
256 1335 315 1379 ibi
329 1335 483 1395 utique
498 1338 611 1379 Deus
635 1334 859 1394 perhibuit
877 1333 1174 1378 testimonium
1193 1331 1303 1376 Filio
1322 1347 1418 1387 suo,

27 1415 70 1450 et
90 1406 134 1449 in
158 1405 230 1450 illa
253 1407 476 1465 Scriptura
498 1408 521 1450 J
528 1406 642 1451 udaei
663 1420 783 1465 spem
807 1414 1072 1464 posuerant,
1093 1404 1138 1447 in
1162 1407 1273 1461 Lege
1300 1402 1420 1447 scili-

27 1484 96 1519 cet
122 1476 210 1529 Dei,
236 1476 475 1519 ministrata
498 1476 578 1519 sibi
602 1491 678 1534 per
694 1479 877 1533 Moysen
896 1474 1111 1518 famulum
1134 1473 1225 1517 Dei.
1252 1492 1272 1514 α
1289 1475 1420 1518 Scru-

29 1563 50 1587 »
86 1546 254 1600 tamini,
279 1545 440 1605 inquit,
477 1546 768 1605 Scripturam,
794 1546 839 1589 in
860 1561 948 1604 qua
985 1559 1060 1589 vos
1084 1543 1245 1603 putatis
1283 1543 1419 1587 vitam

30 1632 51 1656 n
86 1625 293 1660 aeternam
313 1616 497 1670 habere,
525 1616 614 1675 ipsa
638 1615 934 1660 testimonium
957 1613 1157 1673 perhibet
1179 1612 1234 1657 de
1255 1628 1349 1668 me,
1375 1621 1419 1657 et

30 1703 51 1727 n
85 1701 175 1731 non
196 1686 328 1731 vultis
350 1687 498 1731 venire
520 1686 575 1730 ad
600 1701 685 1742 me,
712 1695 762 1730 ut
782 1687 914 1729 vitam
938 1685 1134 1729 habeatis
1148 1688 1180 1728 ².
1203 1683 1320 1738 Quid
1346 1699 1417 1728 vos

29 1758 189 1816 putatis
221 1758 382 1802 habere
414 1759 458 1801 in
491 1758 714 1817 Scriptura
743 1757 877 1802 vitam
908 1758 1148 1802 aeternam?
1171 1759 1312 1816 Ipsam
1346 1756 1417 1799 in-

26 1836 258 1887 terrogate,
276 1829 347 1872 cui
370 1828 571 1887 perhibet
590 1828 882 1872 testimonium
901 1836 972 1884 3et
992 1825 1222 1886 intelligite
1244 1842 1342 1886 quae
1363 1825 1417 1870 sit

26 1897 114 1942 vita
134 1907 311 1942 aeterna.
339 1899 395 1942 Et
416 1899 517 1958 quia
548 1907 727 1958 propter
753 1900 940 1955 Moysen
962 1895 1167 1942 volebant
1189 1895 1416 1956 repudiare

27 1969 265 2024 Christum,
301 1979 510 2030 tanquam
537 1969 833 2015 adversarium
861 1968 1068 2013 institutis
1102 1968 1417 2027 praeceptisque

27 2039 192 2097 Moysi3
222 2054 369 2084 rursus
406 2038 582 2084 eosdem
619 2039 711 2099 ipse
741 2038 964 2084 convincit
999 2047 1208 2098 tanquam
1245 2037 1300 2083 de
1332 2036 1415 2082 alia

27 2107 221 2154 lucerna.

90 2181 169 2223 111.
188 2180 349 2223 Omnes
370 2178 485 2223 enim
499 2179 696 2223 homines
716 2179 924 2235 lucernae,
943 2180 1045 2240 quia
1060 2187 1103 2222 et
1120 2178 1299 2224 accendi
1316 2193 1417 2238 pos·

29 2257 131 2294 sunt
153 2258 196 2293 et
212 2249 418 2307 extingui.
436 2252 492 2293 Et
506 2248 698 2294 lucernae
714 2249 893 2310 quidem
913 2265 1017 2294 cum
1032 2249 1223 2308 sapiunt,
1247 2249 1413 2304 lucent,

29 2327 74 2364 et
103 2319 258 2379 spiritu
279 2319 449 2364 fervent
471 2339 480 2366 :
506 2335 606 2363 nam
638 2328 684 2364 et
705 2319 740 2363 si
761 2319 975 2364 ardebant
999 2329 1043 2364 et
1071 2320 1270 2363 extinctae
1295 2328 1412 2374 sunt,

30 2390 159 2452 etiam
175 2398 346 2449 putent.
368 2393 703 2434 Permanserunt
714 2390 829 2434 enim
843 2390 954 2435 servi
972 2390 1049 2434 Dei
1063 2388 1254 2435 lucernae
1270 2391 1412 2444 bonae,

31 2475 82 2505 ex
114 2460 210 2506 oleo
236 2460 539 2505 misericordiae
572 2459 709 2515 illius,
742 2475 832 2504 non
865 2475 917 2504 ex
944 2460 1109 2505 viribus
1136 2461 1238 2506 suis.
1266 2459 1414 2505 Gratia

79 2550 88 2568 ¹
108 2544 187 2578 Psal.
202 2555 308 2587 cxxxi,
330 2555 382 2588 17,
404 2545 456 2578 18.
477 2560 518 2568 —
541 2551 554 2568 ¹
571 2546 663 2578 Joan.
679 2554 713 2585 ν,
730 2545 785 2586 39,
801 2542 855 2586 4ο.
