1809 3173
370 214 451 252 170
791 226 823 253 s.
859 224 1089 254 AUGUSTINI
1121 227 1302 256 Emscom

369 306 390 330 »
426 288 557 344 mihi,
582 288 651 349 de,
671 303 739 332 me
761 289 877 333 enim
900 289 971 333 ille
998 291 1166 350 scripsit
1196 294 1235 336 Ῥ
1255 310 1274 334 n
1301 292 1455 336 Videte
1473 307 1648 350 ergone
1672 293 1744 337 ali-

365 358 474 420 quid
508 358 647 404 voluit
677 359 914 416 significare
945 363 1141 417 Moyses,
1175 362 1295 421 quod
1319 365 1432 406 Deus
1463 363 1676 421 requievit
1701 363 1745 406 in

366 430 436 474 die
457 430 654 489 septimo.
688 433 785 476 Non
807 431 923 474 enim
949 430 1166 476 defecerat
1193 436 1304 476 Deus
1333 434 1554 492 operando
1577 443 1746 478 creatu-

365 515 455 544 ram
473 514 617 555 suam,
643 509 686 544 et
706 500 930 559 indigebat
948 502 1096 561 requie
1119 502 1229 545 sicut
1251 503 1398 547 homo.
1420 503 1648 556 Quomodo
1671 503 1747 548 de-

364 572 524 616 fecerat
545 571 621 630 qui
643 571 775 616 verbo
792 570 983 616 fecerat?
1007 574 1169 615 Tamen
1186 580 1228 615 et
1249 571 1359 616 illud
1376 588 1527 617 verum
1546 582 1625 628 est,
1645 574 1747 632 quia

366 643 578 702 requievit
603 645 715 685 Deus
743 642 799 685 ab
824 641 1028 700 operibus
1063 642 1148 686 suis
1182 642 1228 685 in
1250 640 1319 685 die
1348 643 1531 701 septimo
1558 662 1566 687 ;
1600 651 1644 687 et
1665 643 1747 688 hoc

364 728 516 759 verum
536 722 599 757 est
621 712 740 772 quod
757 713 815 757 ait
838 716 960 757 Jesus
981 732 989 756 2
1020 731 1040 754 «
1066 716 1192 756 Pater
1214 727 1334 757 meus
1348 729 1486 773 usque
1503 713 1636 759 modo
1649 729 1746 773 ope-

369 803 389 826 »
424 793 557 828 ratur.
589 802 608 825 »
648 783 731 828 Sed
763 783 858 843 quis
891 782 1075 842 explicet
1108 784 1278 839 verbis,
1304 785 1435 829 homo
1467 785 1743 840 hominibus,

364 855 561 898 infirmus
583 854 763 897 infirmis
779 888 789 907 ,
820 853 1021 897 indoctus
1048 853 1213 897 discere
1234 854 1538 913 cupientibus,
1569 864 1612 899 et
1634 854 1747 900 forte

364 926 398 969 si
420 925 527 984 quid
541 924 666 982 sapit,
688 938 886 982 promere
910 933 953 968 et
971 923 1184 983 explicare
1206 940 1296 969 non
1313 925 1459 970 valens
1477 926 1744 982 hominibus,

364 993 541 1039 difficile
568 993 681 1039 forte
708 993 1003 1052 capientibus,
1028 994 1158 1038 etiam
1180 995 1214 1039 si
1237 994 1440 1054 explicari
1468 996 1603 1054 possit
1625 995 1747 1055 quod

363 1065 564 1124 capitur?
583 1065 705 1120 Quis,
733 1064 931 1124 inquam,
957 1064 1110 1110 fratres
1133 1065 1233 1121 mei,
1252 1065 1437 1124 explicet
1450 1066 1608 1121 verbis,
1632 1081 1746 1126 quon

363 1134 495 1181 modo
518 1138 631 1179 Deus
648 1143 691 1179 et
712 1134 885 1194 quietus
908 1144 1131 1194 operetur,
1155 1144 1199 1180 et
1220 1151 1401 1195 operans
1418 1137 1636 1196 quiescat?
1653 1136 1746 1181 Ob—

364 1222 485 1252 secro
512 1221 610 1261 VOS,
642 1215 692 1251 ut
719 1206 801 1250 hoc
835 1206 958 1251 vobis
1003 1207 1332 1266 proficientibus
1363 1207 1599 1262 differatis,
1636 1207 1744 1252 visio

364 1279 481 1323 enim
502 1278 581 1322 ista
609 1276 823 1336 templum
851 1277 928 1321 Dei
956 1278 1139 1337 quaerit,
1164 1287 1361 1323 sanctum
1384 1278 1530 1322 locum
1553 1277 1709 1337 quaerit
1734 1297 1742 1322 :

364 1358 535 1409 portate
558 1348 819 1407 proximum,
837 1357 880 1392 et
913 1348 1135 1393 ambulate
1174 1367 1182 1394 ;
1207 1349 1270 1392 ibi
1292 1363 1392 1392 eum
1413 1348 1639 1403 videbitis,
1671 1348 1748 1392 ubi

365 1421 496 1465 verba
514 1420 742 1464 hominum
765 1435 855 1464 non
879 1420 1098 1479 quaeratis.

422 1493 519 1551 XV:
553 1492 647 1535 Hoc
681 1491 794 1535 forte
825 1490 969 1548 potius
1004 1488 1147 1534 dicere
1174 1489 1388 1544 valemus,
1419 1490 1521 1550 quia
1543 1498 1586 1533 et
1617 1489 1664 1533 in
1696 1504 1748 1534 eo

364 1560 485 1620 quod
507 1563 621 1604 Deus
643 1560 689 1604 in
711 1558 780 1604 die
804 1559 989 1619 septimo
1013 1560 1249 1619 requievit,
1274 1560 1417 1618 ipsum
1442 1559 1678 1603 Dominum
1705 1568 1747 1604 et
1808 1591 1809 1594 η

367 1631 632 1677 Salvatorem
657 1639 853 1676 nostrum
872 1633 1021 1675 Jesum
1039 1631 1283 1686 Christum,
1309 1630 1385 1691 qui
1409 1631 1503 1674 haec
1530 1629 1746 1689 loqueba-

366 1711 437 1748 tur
465 1711 509 1747 et
531 1701 705 1746 dicebat
732 1721 740 1748 :
775 1721 795 1744 «
832 1705 959 1746 Pater
980 1716 1101 1746 meus
1134 1716 1273 1761 usque
1294 1700 1425 1746 modo
1447 1709 1672 1760 operatur,
1704 1709 1748 1745 et
1798 1719 1809 1758 j

369 1791 388 1814 »
424 1788 504 1831 ego
532 1787 710 1832 operor,
739 1790 759 1813 n
785 1787 944 1830 magno
976 1781 1246 1816 sacramento
1268 1771 1540 1831 significavit.
1574 1771 1684 1824 Quia
1705 1779 1749 1815 et

364 1844 574 1888 Dominus
605 1845 728 1888 Jesus
751 1842 904 1901 utique
928 1845 1055 1886 Deus‚
1082 1845 1177 1901 Ipse
1200 1850 1263 1886 est
1284 1842 1400 1886 enim
1422 1842 1613 1886 Verbum
1641 1841 1745 1896 Dei,
1805 1876 1809 1897 2

365 1923 409 1958 et
430 1913 608 1958 audistis
634 1932 654 1955 «
688 1913 795 1965 Quia
827 1913 872 1956 in
903 1911 1117 1971 principio
1150 1921 1241 1956 erat
1269 1912 1490 1966 Verbum,
1529 1929 1549 1953 »
1585 1920 1628 1956 et
1658 1920 1748 1955 non
1806 1928 1809 1931 ·

365 1985 685 2046 qualecumque
709 1982 920 2038 Verbum,
949 2001 968 2024 «
997 1982 1081 2028 Sed
1098 1986 1210 2027 Deus
1232 1991 1322 2026 erat
1345 1983 1562 2036 Verbum,
1589 1991 1633 2026 et
1654 1996 1748 2026 om-
1804 1995 1809 2016 -·

370 2074 390 2097 »
426 2057 496 2099 nia
516 2071 593 2115 per
616 2056 759 2114 ipsum
788 2053 901 2098 facta
922 2063 1024 2098 sunt
1046 2057 1062 2079 ²
1089 2073 1097 2098 :
1128 2072 1146 2095 n
1172 2054 1286 2099 forte
1307 2053 1570 2111 significatus
1591 2061 1656 2096 est
1678 2055 1752 2096 re-‘
1805 2081 1809 2085 -

366 2127 594 2186 quieturus
616 2127 660 2170 in
675 2125 745 2170 die
762 2125 946 2184 septimo
968 2125 1022 2169 ab
1044 2124 1248 2169 omnibus
1265 2124 1466 2183 operibus
1481 2124 1582 2168 suiS.
1600 2123 1749 2182 Legite
1792 2145 1809 2175 ,π

368 2196 484 2241 enim
515 2195 827 2254 Evangelium,
863 2204 905 2238 et
938 2195 1080 2239 videte
1107 2203 1271 2254 quanta
1301 2202 1504 2253 operatus
1535 2193 1588 2237 sit
1609 2195 1744 2237 Jesus.
1790 2209 1809 2249 Ἰε

368 2269 580 2327 Operatus
601 2276 663 2310 est
684 2266 866 2311 salutem
890 2275 1082 2310 nostram
1100 2266 1145 2309 in
1168 2280 1312 2320 cruce,
1333 2274 1382 2309 ut
1400 2263 1682 2323 implerentur
1704 2265 1750 2308 in
1802 2279 1809 2306 ;

370 2354 422 2383 eo
450 2338 593 2383 omnia
622 2337 828 2395 praedicta
865 2337 1180 2395 Prophetarum
1208 2355 1216 2380 z
1241 2344 1474 2380 coronatus
1505 2342 1569 2378 est
1589 2334 1746 2393 spinis,
1789 2339 1809 2378 ἵε

367 2423 597 2468 suspensus
617 2416 680 2451 est
696 2405 831 2465 ligno,
855 2405 961 2451 dixit
977 2407 1098 2461 Sino,
1117 2408 1280 2466 accepit
1299 2415 1471 2451 acetum
1487 2405 1532 2449 in
1549 2405 1746 2463 spongia,
1804 2419 1809 2447 ε

346 2478 352 2484 ’
370 2489 421 2525 ut
438 2479 691 2538 impleretur
705 2477 825 2538 quod
841 2477 1007 2523 dietum
1024 2487 1102 2533 est,
1123 2496 1144 2522 «
1161 2480 1218 2523 Et
1233 2478 1279 2522 in
1298 2476 1367 2522 siti
1382 2490 1475 2521 mea
1490 2483 1751 2535 potaverunt
1800 2490 1809 2521 ’1

425 2571 433 2587 ¹
448 2566 539 2597 Joan.
557 2575 589 2605 v,
610 2561 664 2604 46.
685 2579 727 2586 —-
750 2569 763 2587 ²
783 2562 828 2595 Id.
845 2572 868 2602 1,
892 2574 919 2594 1.
