1809 3173
373 158 452 194 160
790 167 823 193 s.
861 165 1088 195 ,tuenstrmi
1122 168 1300 196 misceri

366 239 520 284 essent,
543 244 794 289 responsum
819 231 997 289 accepit,
1023 231 1207 290 populos
1224 246 1313 275 esse
1331 233 1358 274 ¹.
1378 234 1503 291 Aqua
1521 248 1622 291 ergo
1644 233 1714 277 illa
1733 270 1743 288 ,

365 300 410 344 id
430 309 508 355 est,
527 300 715 360 populus
737 300 810 345 ille
825 336 835 356 ,
857 302 1051 361 quinque
1073 302 1193 346 libris
1212 302 1378 359 Moysi,
1400 311 1607 362 tanquam
1625 305 1749 363 quiu-

364 386 450 431 que
472 371 708 430 porticibus
731 370 1030 415 claudebatur.
1060 371 1144 416 Sed
1165 372 1226 415 illi
1256 372 1355 416 libri
1384 372 1630 432 prodebant
1650 373 1748 418 lan-

365 441 540 500 guidos,
562 457 651 486 non
673 442 898 486 sanabant.
927 445 1012 485 Lex
1034 442 1150 484 enim
1169 452 1414 501 peccatores
1433 444 1745 500 convincebat,

362 528 451 557 non
469 512 736 557 absolvebat.
764 511 869 556 Ideo
883 512 1026 556 littera
1044 512 1135 556 sine
1153 514 1288 570 gratia
1306 528 1398 557 reos
1414 514 1618 569 faciebat,
1639 530 1748 575 quos

361 583 617 628 confitentes
651 583 786 641 gratia
819 581 1048 625 liberabat.
1088 585 1195 626 Nam
1227 582 1310 626 hoc
1342 582 1448 626 dicit
1481 583 1744 643 Apostolus:

365 672 385 696 «
422 654 465 700 Si
492 654 608 698 enim
637 652 736 698 data
768 663 876 697 esset
906 656 993 696 Lex
1014 668 1112 712 quae
1141 662 1283 711 posset
1302 654 1516 698 vivificare
1533 690 1544 709 ,
1569 655 1747 700 omnino

363 743 384 766 η
420 740 474 770 ex
493 728 607 784 Lege
624 733 734 769 esset
744 723 910 784 justitia
926 727 987 766 Ἰ.»
1001 725 1143 776 Quare
1156 738 1257 782 ergo
1274 724 1375 768 data
1393 733 1456 768 est
1471 727 1584 769 Lex?
1601 726 1750 786 Sequi-

362 804 449 851 tur,
475 805 519 840 et
539 794 646 839 dicit
662 830 673 850 ,
698 814 718 837 «
744 793 827 839 Sed
849 792 1063 838 conclusit
1088 793 1307 852 Scriptura
1330 795 1475 838 omnia
1495 795 1577 838 sub
1601 810 1748 854 pecca-

363 884 384 908 »
420 875 488 921 to,
518 875 569 910 ut
598 865 825 925 promissio
847 880 897 908 ex
920 864 1005 907 fide
1028 866 1129 907 Jesu
1151 864 1309 908 Christi
1326 865 1502 909 daretur
1530 865 1748 910 credenti-

363 954 384 977 »
420 936 518 980 bus.
547 954 566 976 »
592 934 707 988 Quid
730 934 998 979 evidentius?
1015 936 1169 979 Nonne
1193 935 1323 979 verba
1345 936 1438 979 haee
1461 945 1751 995 exposuerunt

359 1006 486 1052 nobis
504 1015 547 1050 et
568 1007 763 1067 quinque
786 1005 999 1065 porticus,
1020 1013 1062 1048 et
1080 1004 1384 1064 languentium
1402 1005 1750 1058 multitudinem?

360 1079 567 1139 Quinque
581 1078 772 1138 porticus
790 1080 875 1120 Lex
897 1087 974 1120 est.
996 1080 1139 1129 Quare
1160 1076 1354 1136 quinque
1368 1077 1558 1136 porticus
1576 1093 1664 1121 non
1684 1092 1750 1121 sa-

360 1148 527 1193 nabant
560 1147 843 1207 languentes?
870 1147 1020 1200 «Quia
1053 1146 1086 1190 si
1115 1147 1213 1190 data
1237 1156 1346 1190 esset
1370 1150 1457 1191 Lex
1485 1163 1585 1207 quae
1609 1156 1751 1206 posset

362 1238 383 1262 »
420 1220 639 1264 vivificare
657 1254 668 1276 ,
692 1219 871 1264 omnino
895 1234 944 1263 ex
976 1222 1088 1276 Lege
1112 1228 1219 1262 esset
1237 1219 1416 1278 justitia.
1442 1238 1461 1259 »
1487 1224 1625 1272 Quare
1648 1234 1751 1279 ergo

361 1291 671 1347 continebant,
698 1306 807 1352 quos
824 1306 912 1335 non
936 1290 1174 1334 sanabant?
1190 1290 1300 1343 Quia
1327 1309 1346 1331 «
1368 1290 1581 1334 conclusit
1605 1291 1750 1350 Scrip-

360 1372 459 1407 tura
481 1362 627 1408 omnia
649 1362 731 1407 sub
754 1371 933 1421 peccato
949 1396 959 1416 ,
983 1369 1030 1404 ut
1053 1361 1277 1420 promissio
1299 1376 1351 1404 ex
1367 1360 1452 1405 fide
1471 1364 1574 1405 Jesu
1591 1361 1750 1407 Christi

360 1433 539 1478 daretur
560 1432 855 1478 credentibus.
875 1451 894 1473 υ

420 1507 501 1548 III.
528 1502 645 1557 Quid
668 1517 768 1561 ergo
790 1502 923 1546 flebat
937 1511 987 1545 ut
1002 1502 1047 1545 in
1066 1518 1175 1562 aqua
1194 1501 1266 1545 illa
1285 1502 1459 1546 turbata
1476 1512 1747 1557 sanarentur,

360 1575 437 1636 qui
468 1575 515 1618 in
537 1570 775 1634 porticibus
798 1572 936 1617 sanari
959 1588 1048 1616 non
1065 1574 1299 1632 poterant?
1323 1572 1478 1617 Subito
1502 1573 1619 1616 enim
1637 1573 1751 1617 vide-

361 1647 491 1690 batur
513 1661 625 1705 aqua
648 1644 848 1699 turbata,
875 1652 918 1686 et
941 1658 963 1686 a
980 1658 1068 1702 quo
1092 1643 1368 1697 turbabatur,
1395 1658 1484 1687 non
1501 1642 1746 1687 videbatur.

361 1715 522 1761 Credas
542 1716 625 1760 hoc
655 1713 848 1773 angelica
871 1714 1031 1757 virtute
1064 1713 1157 1757 fieri
1183 1713 1342 1768 solere,
1374 1728 1464 1757 non
1492 1722 1639 1758 tamen
1660 1714 1750 1758 sine

361 1787 631 1846 significante
649 1785 795 1845 aliquo
813 1794 1097 1829 sacramento.
1120 1787 1222 1828 Post
1244 1801 1400 1844 aquam
1419 1784 1637 1828 turbatam
1653 1785 1750 1828 mit-

364 1859 481 1902 tebat
504 1873 548 1902 se
569 1871 682 1902 unus
705 1856 781 1915 qui
803 1864 997 1915 poterat,
1022 1864 1065 1899 et
1086 1854 1321 1899 sanabatur
1342 1854 1458 1899 solus
1479 1874 1487 1898 :
1507 1864 1604 1914 post
1625 1853 1749 1899 illum

361 1929 557 1990 quisquis
578 1944 621 1973 se
650 1928 866 1983 mitteret,
892 1926 1049 1970 frustra
1072 1924 1246 1970 faceret.
1279 1925 1396 1979 Quid
1425 1926 1507 1969 sibi
1536 1942 1638 1986 ergo
1667 1927 1750 1970 hoc

360 2001 486 2056 vult,
512 2000 593 2044 nisi
621 1999 724 2060 quia
745 1997 864 2043 venit
892 2013 1005 2041 unus
1028 1997 1224 2042 Christus
1253 1996 1307 2040 ad
1334 1996 1548 2056 populum
1571 1997 1750 2040 Judaeo-

361 2088 460 2117 rum
477 2093 488 2130 3
512 2082 555 2116 et
577 2070 777 2116 faciendo
795 2084 950 2128 magna
967 2103 978 2125 ‚
997 2067 1196 2112 docendo
1216 2067 1365 2123 utilia,
1386 2067 1579 2111 turbavit
1597 2083 1750 2127 peeca-

363 2153 477 2188 tores
491 2178 502 2198 ,
529 2142 722 2188 turbavit
745 2156 904 2202 aquam
927 2139 1154 2199 praesentia
1177 2154 1251 2184 sua
1268 2174 1279 2194 ,
1304 2148 1348 2182 et
1364 2138 1566 2182 excitavit
1587 2138 1643 2182 ad
1659 2153 1750 2197 pas·
1808 2157 1809 2164 ¹

364 2213 530 2259 sionem
549 2214 700 2257 suam?
721 2211 805 2258 Sed
825 2210 963 2256 latens
984 2209 1193 2255 turbavit.
1221 2209 1263 2254 Si
1286 2209 1401 2253 enim
1424 2208 1745 2267 cognovissent,

366 2299 597 2345 nunquam
632 2283 868 2328 Dominum
903 2281 1048 2339 gloriae
1081 2280 1390 2324 crucifixissent
1415 2281 1447 2323 ³.
1481 2278 1749 2323 Descendere
1806 2328 1807 2331 Ἰ

365 2370 468 2416 ergo
499 2357 543 2401 in
566 2371 723 2417 aquam
754 2355 972 2400 turbatam
989 2388 1000 2409 ,
1026 2353 1108 2397 hoc
1134 2361 1197 2396 est
1213 2386 1224 2407 ,
1254 2351 1476 2396 humiliter
1508 2351 1684 2397 credere
1704 2351 1750 2394 in

414 2462 423 2479 ¹
453 2457 552 2498 Apoe.
578 2466 664 2495 xvxi,
685 2452 737 2487 15.
761 2469 800 2477 —-
820 2459 834 2477 ²
852 2451 955 2485 Galat.
977 2461 1023 2492 ui,
1040 2458 1093 2484 21.
1116 2467 1156 2473 —
1176 2447 1189 2473 ³
1208 2460 1220 2482 1
1242 2451 1314 2483 Cor.
1337 2460 1374 2490 ιι,
1393 2448 1423 2481 8.
