1825 3214
291 242 330 268 iu
366 239 537 267 somnis
573 238 876 274 EVANGELIUM‚
911 234 1057 263 muter.
1095 238 1166 264 xv.
1349 224 1424 262 137

53 321 147 350 sum
171 305 252 349 sibi
270 320 359 348 esse
377 322 398 349 a
422 304 621 348 Domino.
647 303 774 356 Quod
801 301 977 362 quidem
1000 302 1072 344 {iet
1090 336 1100 355 ‚
1124 300 1196 345 sed
1223 301 1265 345 in
1289 316 1430 345 resur-

55 377 244 420 rectione
268 384 554 419 mortuorum.
581 377 675 417 Jam
701 374 783 417 hoc
806 372 980 416 volebat
1002 370 1089 414 illa.
1116 370 1294 415 Dederat
1317 372 1430 415 enim

55 450 168 491 Deus
192 444 424 506 aliquando
447 460 569 489 servo
591 460 667 488 suo
698 443 830 497 Etim,
857 452 905 486 ut
934 458 1009 501 per
1034 441 1320 501 quadraginta
1344 441 1433 485 dies

55 525 133 562 nee
156 518 362 570 esuriret,
398 530 476 559 nec
498 515 635 559 sitiret
662 518 688 557 ¹.
713 515 798 566 Qui
818 514 901 556 hoc
935 512 1076 571 potuit
1097 511 1200 554 dare
1229 526 1304 570 per
1326 528 1435 570 qua-

55 587 251 645 draginta
274 587 379 640 dies,
406 603 491 630 non
516 586 658 646 potuit
683 587 784 629 dare
807 585 999 643 semper?
1018 582 1267 640 Suspirabat
1292 591 1434 626 tamen

55 657 123 701 illa
143 693 152 711 ‚
179 657 330 701 nolens
353 657 568 715 indigere,
596 655 745 701 nolens
773 655 984 698 laborare.
1013 653 1191 697 Assidue
1215 652 1359 696 venire
1382 652 1433 696 ad

55 727 177 771 illum
204 727 364 771 fontem
379 763 389 782 ‚
410 727 577 770 onerari
596 725 815 786 pondere,
837 741 926 785 quo
949 724 1190 782 indigentia
1218 722 1436 782 supplere-

58 808 153 849 tur3
179 808 217 841 et
243 798 365 842 (inito
382 797 501 858 quod
526 798 739 850 hauserat,
763 811 908 839 rursus
934 795 1073 839 redire
1095 794 1333 853 cogebatur
1364 813 1371 836 ς
1394 802 1436 837 et

56 867 334 927 quotidianus
353 868 390 910 ei
409 867 492 911 suit
516 868 593 910 iste
614 867 760 922 labor3
782 866 881 926 quia
909 864 1146 923 indigentia
1170 863 1239 907 illa
1270 864 1436 907 reficie-

58 938 201 990 batur,
234 952 322 980 non
347 937 692 995 extinguebatur.
726 936 946 979 Delectata
981 932 1084 993 ergo
1119 933 1192 978 tali
1222 948 1401 978 munere
1423 968 1433 988 ‚

57 1017 178 1066 rogat
197 1017 246 1051 ut
267 1008 305 1050 ei
333 1022 487 1067 aquam
506 1008 645 1051 vivam
666 1007 788 1050 daret
810 1011 842 1049 ¹³.

114 1080 232 1122 XVI.
274 1080 581 1121 Verumtamen
616 1093 704 1121 non
746 1086 1070 1136 praetereamus,
1106 1075 1315 1135 quoniam
1352 1077 1439 1118 Do·

56 1149 199 1193 minus
226 1147 416 1207 spiritale
439 1147 602 1208 aliquid
626 1148 920 1207 promittebat.
952 1144 1067 1200 Quid
1091 1155 1186 1199 cst,
1217 1164 1236 1187 «
1263 1145 1347 1198 Qui
1379 1145 1438 1188 bi·

62 1238 80 1260 »
116 1219 228 1263 berit
250 1218 304 1262 de
326 1234 436 1278 aqua
453 1219 548 1273 bac,
574 1218 687 1262 sitiet
704 1220 858 1262 iterum
877 1219 894 1258 ⁸?
916 1237 934 1258 n
961 1221 1018 1261 Et
1034 1232 1184 1261 verum
1207 1225 1269 1260 est
1284 1230 1439 1259 secun-

57 1289 162 1333 dnm
197 1290 307 1333 hanc
330 1305 510 1348 aquam3
541 1300 584 1333 et
604 1304 753 1332 verum
783 1299 844 1332 est
867 1288 1107 1333 secundum
1129 1286 1251 1348 quod
1272 1287 1437 1345 signifi·

57 1361 185 1404 cabat
207 1359 278 1403 illa
297 1375 422 1420 aqua.
449 1361 614 1404 Etenim
635 1375 743 1420 aqua
761 1361 805 1403 in
824 1368 974 1419 puteo,
994 1358 1195 1418 voluptas
1212 1357 1358 1402 saeculi
1376 1365 1438 1401 est

58 1429 102 1472 in
134 1428 431 1488 profunditate
460 1430 687 1473 tenebrosa
718 1449 726 1473 :
762 1429 863 1473 hinc
887 1444 982 1473 eam
1013 1429 1219 1472 hauriunt
1241 1427 1453 1471 homines'

57 1498 212 1557 hydria
233 1499 535 1558 cupiditatum.
575 1498 871 1559 Cupiditatem
900 1500 1062 1559 quippe
1098 1499 1221 1557 proni
1248 1498 1437 1542 submit-

60 1579 173 1623 tunt,
199 1579 247 1613 ut
270 1569 322 1613 ad
341 1569 610 1629 voluptatem
625 1571 821 1613 haustam
844 1569 898 1614 de
921 1568 1142 1629 profundo
1165 1569 1435 1627 perveniant3

58 1649 100 1684 et
117 1639 322 1684 fruuntur
344 1639 583 1699 voluptate,
605 1639 877 1698 praecedente
895 1648 937 1682 et
952 1639 1166 1698 praemissa
1179 1637 1433 1697 cupiditate.

58 1712 165 1754 Nam
188 1711 264 1770 qui
287 1725 375 1754 non
395 1709 648 1768 praemiserit
670 1708 977 1768 cupiditatem,
998 1710 1222 1768 pervenire
1245 1723 1334 1752 non
1357 1723 1438 1767 po-

59 1788 139 1823 test
163 1779 218 1823 ad
250 1778 537 1837 voluptatem.
566 1781 682 1822 Pone
705 1793 806 1835 ergo
829 1777 1340 1836 hydriam‚cupiditatem
1360 1798 1370 1833 3
1395 1786 1438 1821 et

57 1864 215 1908 aquam
245 1848 299 1892 de
323 1847 542 1908 profundo
558 1883 568 1901 ‚
599 1849 869 1907 voluptatem
897 1868 905 1893 :
931 1864 1029 1892 cum
1053 1849 1299 1908 pervenerit
1319 1849 1439 1908 quis-

57 1934 142 1979 que
165 1920 221 1963 ad
240 1919 508 1977 voluptatem
527 1918 672 1962 saeculi
692 1919 818 1979 hujus
836 1953 846 1973 ‚
869 1919 991 1963 cibus
1008 1928 1086 1973 est,
1114 1928 1241 1978 potus
1266 1928 1355 1973 est,
1376 1918 1438 1962 la-

56 2005 233 2034 vacrum
266 1999 330 2033 est
349 2024 360 2043 ‚
391 1988 686 2048 spectaculum
711 1999 797 2043 est,
824 1990 1084 2034 concubitus
1107 1998 1192 2045 θεῖς
1222 1989 1438 2049 numquid

57 2075 146 2104 non
167 2061 324 2104 iterum
347 2060 487 2104 sitiet?
509 2063 623 2117 Ergo
654 2079 672 2101 α
701 2063 760 2104 De
786 2061 866 2104 bac
897 2076 1008 2121 aqua
1036 2061 1112 2120 qui
1146 2061 1323 2116 biberit,
1354 2061 1437 2104 ite-

61 2149 80 2172 »
118 2146 233 2185 rum,
254 2131 422 2190 inquit,
444 2130 557 2174 sitiet
583 2149 590 2174 :
620 2148 640 2171 »
661 2130 694 2174 si
715 2140 860 2175 autem
884 2132 1096 2191 acceperit
1119 2147 1142 2175 a
1171 2146 1239 2175 me
1261 2147 1434 2192 aquam,

61 2221 80 2243 «
106 2204 203 2247 Non
225 2201 338 2245 sitiet
358 2202 403 2245 in
423 2211 650 2245 aeternum.
681 2221 700 2242 n
730 2203 1014 2256 Satiabimur‚
1037 2203 1204 2262 inquit,
1233 2203 1278 2246 in
1312 2203 1437 2247 honis

57 2270 212 2315 domus
247 2280 333 2315 tuae
372 2273 408 2313 ³.
451 2274 509 2314 De
538 2287 622 2331 qua
659 2287 759 2329 ergo
787 2289 896 2332 aqua
929 2272 1110 2316 daturus
1144 2282 1233 2324 est,
1274 2273 1354 2317 nisi
1383 2274 1438 2317 de

10 2366 17 2372 -
57 2341 130 2386 ilia
151 2343 206 2386 de
227 2357 312 2402 qua
334 2341 498 2386 dictum
522 2353 583 2385 est
610 2361 617 2386 :
642 2343 771 2401 Apud
794 2353 836 2386 te
855 2353 921 2387 est
939 2342 1032 2387 fons
1051 2344 1178 2387 vitae?
1193 2346 1301 2388 Nam
1323 2359 1437 2403 quo-

57 2413 188 2457 modo
205 2413 352 2457 sitient
372 2414 447 2473 qui
468 2413 803 2457 inebriabuntur
820 2414 875 2457 ab
898 2415 1098 2458 ubertate
1120 2414 1274 2458 domus
1297 2424 1382 2458 tuae
1402 2416 1433 2457 ⁴.

116 2484 257 2526 XVII.
289 2482 574 2528 Promittebat
596 2498 696 2541 ergo
718 2484 909 2542 saginam
931 2483 1166 2544 quamdam
1197 2494 1239 2528 et
1262 2485 1436 2527 satieta-

106 2573 113 2587 ¹
138 2566 154 2597 3
180 2569 255 2607 Reg.
276 2577 342 2607 xix,
357 2568 387 2598 8.
407 2583 443 2590 —-
464 2574 476 2589 ²
491 2569 569 2598 Joan
611 2578 658 2607 tv,
683 2564 1024 2609 15.-3Psat.tx1v,
1045 2568 1075 2600 5.
1103 2584 1138 2591 ι·-
1154 2567 1169 2597 4
1188 2568 1232 2599 td.
1250 2578 1359 2607 xxxin,
1379 2579 1429 2600 to.
