1809 3173
350 153 432 191 398
797 158 829 187 s.
865 157 1094 188 AUGUSTINI
1126 159 1307 187 El’lscom

348 228 430 272 bus
453 225 615 271 Judaeis
632 245 643 283 3
662 240 762 270 nam
785 242 807 270 a
830 225 1016 269 Domino
1033 224 1168 269 electa
1191 233 1296 268 erat.
1324 225 1466 282 Ipsam
1489 223 1604 266 enim
1626 238 1729 267 cru-

348 312 443 340 cem
466 311 586 340 suam
611 295 783 354 signum
805 295 1033 338 habiturus
1055 303 1173 349 erat,
1204 295 1336 353 ipsam
1360 308 1532 337 crucem
1557 292 1610 336 de
1633 293 1730 337 dia-

347 366 451 411 bolo
480 374 681 425 superato
716 374 924 426 tanquam
960 375 1172 421 tropaeum
1206 364 1251 407 in
1286 363 1504 407 frontibus
1535 362 1731 406 fidelium

346 437 588 496 positurus,
616 445 664 481 ut
691 436 854 480 diceret
876 433 1108 493 Apostolus
1135 452 1143 477 .·.
1170 452 1190 474 «
1209 433 1316 477 Mihi
1335 443 1478 476 autem
1505 432 1616 475 absit
1639 433 1733 491 glo-

350 525 372 550 »
407 507 506 551 riari
523 508 603 552 nisi
623 508 668 551 in
685 522 812 551 cruce
836 504 1007 550 Domini
1029 503 1164 547 nostri
1186 506 1289 546 Jesu
1310 504 1484 557 Christi,
1502 518 1577 562 per
1601 518 1734 562 quem

351 596 372 620 »
407 579 513 622 mihi
546 577 737 622 mundus
767 576 996 620 crucifixus
1020 583 1110 628 est,
1135 582 1178 617 et
1212 588 1290 630 ego
1322 572 1490 617 mundo
1508 576 1538 616 ¹.
1568 592 1587 614 »
1615 572 1733 618 Nihil

347 657 439 692 erat
462 657 566 692 tune
583 648 629 691 in
650 662 779 691 carne
804 644 1119 689 intolerabilius
1135 679 1146 698 ,
1172 643 1281 686 nihil
1300 652 1362 686 est
1386 643 1566 687 nuncin
1590 641 1732 686 fronte

348 718 589 777 gloriosius.
611 716 727 769 Quid
747 724 887 760 servat
909 714 1027 758 fideli
1049 730 1150 768 suo,
1174 714 1250 774 qui
1275 713 1405 757 talem
1433 714 1643 758 honorem
1662 713 1732 757 de-

347 790 412 834 dit
434 788 647 848 supplieio
664 789 772 832 suo?
787 787 982 846 Denique
997 785 1127 830 modo
1144 785 1190 828 in
1209 785 1347 844 poenis
1366 800 1538 829 reorum
1560 800 1647 828 non
1669 793 1732 828 est

348 861 466 920 apud
488 864 707 905 Romanos
732 878 740 903 :
768 858 845 902 ubi
866 859 980 901 enim
1000 856 1171 901 Domini
1189 872 1294 900 crux
1309 857 1520 900 honorata
1541 866 1629 910 est,
1652 871 1734 914 pu-

348 940 489 976 tatum
511 940 574 974 est
591 929 712 990 quod
738 938 782 973 et
799 944 894 972 reus
915 929 1218 982 honoraretur,
1240 928 1275 971 si
1292 927 1632 985 crucifigeretur.
1648 926 1734 979 Qui

348 1019 452 1062 ergo
475 1002 575 1046 ideo
596 1001 714 1047 venit
730 1036 741 1056 ,
763 1001 982 1043 neminem
1000 998 1214 1058 judicavit
1240 1018 1247 1043 :
1269 1008 1312 1042 et
1331 998 1465 1042 malos
1483 1013 1631 1057 passus
1651 1006 1729 1041 est.

348 1073 532 1118 Pertulit
555 1073 762 1132 injustum
784 1070 1023 1131 judicium,
1060 1078 1107 1113 ut
1128 1078 1272 1127 ageret
1289 1070 1471 1128 justum.
1501 1069 1584 1112 Sed
1615 1068 1660 1110 in
1682 1082 1733 1112 eo

345 1143 468 1204 quod
497 1142 676 1202 pertulit
709 1143 914 1201 injustum
936 1175 947 1195 ‚
983 1140 1288 1184 misericordiae
1312 1138 1409 1182 fuit.
1442 1139 1635 1197 Denique
1673 1138 1731 1182 ita

344 1213 520 1259 humilis
542 1213 681 1257 taetus
700 1220 748 1255 ut
769 1212 935 1255 veniret
967 1210 1020 1254 ad
1041 1225 1238 1264 crucem,
1263 1208 1432 1252 distulit
1451 1208 1628 1267 quidem
1653 1223 1732 1267 po-

343 1285 542 1339 tentiam,
568 1284 644 1328 sed
667 1282 907 1342 publicavit
928 1280 1282 1324 misericordiam.
1313 1278 1438 1322 Unde
1458 1277 1627 1321 distulit
1653 1294 1732 1337 po-

345 1357 555 1400 tentiam?
579 1354 687 1407 Quia
714 1352 769 1396 de
791 1368 919 1396 eruce
947 1351 1089 1395 noluit
1111 1350 1398 1404 descendere,
1419 1351 1494 1409 qui
1513 1349 1656 1408 potuit
1677 1349 1732 1393 de

295 1415 302 1418 .
342 1426 540 1486 sepulcro
563 1439 802 1483 resurgere.
830 1421 954 1467 Unde
973 1420 1212 1482 publicavit
1236 1419 1601 1464 misericordiam?
1620 1420 1731 1472 Quia

342 1497 538 1558 pendens
561 1497 605 1539 in
628 1510 757 1540 eruce
779 1492 887 1537 dixit
909 1512 917 1537 ε
955 1511 974 1533 «
1001 1495 1127 1536 Pater
1142 1527 1152 1546 ‚
1175 1491 1348 1548 ignosce
1372 1490 1454 1533 illis
1471 1525 1482 1543 ‚
1518 1490 1616 1549 quia
1640 1505 1730 1534 nes-

345 1587 365 1611 »
400 1569 523 1613 ciunt
539 1566 648 1628 quid
665 1566 876 1610 faciunt2.
906 1582 926 1604 »
951 1564 1046 1608 Sive
1066 1578 1169 1621 ergo
1186 1571 1364 1621 propter
1385 1562 1467 1604 hoc
1485 1596 1496 1615 ,
1517 1561 1617 1621 quia
1641 1576 1731 1605 non

339 1649 516 1687 venerat
533 1637 730 1699 judicare
762 1634 976 1679 mundum
994 1669 1004 1689 ‚
1032 1633 1105 1677 sed
1125 1632 1290 1678 salvare
1316 1633 1531 1675 mundum
1551 1667 1562 1686 ,
1588 1632 1695 1675 dixit
1718 1650 1727 1675 z

345 1730 363 1751 «
398 1714 492 1770 Ego
524 1724 613 1753 non
640 1708 790 1768 judico
827 1719 1095 1765 quemquam
1125 1723 1134 1748 2
1175 1722 1194 1744 »
1239 1704 1326 1747 sive
1359 1701 1730 1762 quemadmodum

339 1778 701 1832 commemoravi,
738 1776 946 1835 qnoniam
980 1773 1146 1818 dixerat
1174 1792 1182 1818 :
1212 1792 1232 1815 «
1256 1775 1344 1816 Vos
1366 1772 1606 1816 secundum
1633 1787 1730 1815 car-

341 1870 362 1894 »
398 1867 496 1895 nem
515 1848 765 1910 judicatis‚»›
783 1845 966 1900 addidit,
983 1846 1112 1903 «Ego
1134 1860 1222 1888 non
1241 1844 1392 1903 judico
1414 1857 1725 1902 quemquam,»

339 1931 390 1967 ut
410 1921 702 1979 intelligamus
715 1916 938 1962 Christum
952 1930 1039 1958 non
1062 1913 1305 1958 secundum
1323 1928 1497 1957 earnem
1511 1912 1726 1972 judicare,

339 1994 450 2037 sicut
472 1992 526 2035 ab
548 1988 800 2034 horninibus
816 1985 1033 2046 judicatus
1057 1993 1136 2027 est.

397 2066 449 2107 V.
471 2065 579 2107 Nam
604 2069 654 2104 ut
672 2057 909 2118 agnoscatis
922 2057 1011 2115 jam
1035 2064 1077 2098 et
1092 2053 1286 2114 judicem
1308 2053 1528 2096 Christum
1548 2085 1559 2106 ‚
1583 2041 1728 2095 audite

337 2133 458 2195 quod
474 2132 672 2192 sequitur
690 2149 698 2174 :
723 2148 742 2169 «
761 2131 816 2172 Et
832 2128 865 2171 si
881 2125 1031 2186 judico
1055 2140 1150 2182 ego,
1166 2123 1382 2184 judicium
1406 2137 1553 2166 meum
1575 2135 1727 2165 verum

342 2225 360 2247 »
396 2206 504 2248 est3.
526 2222 545 2244 »
568 2206 682 2246 Eece
706 2200 839 2243 habes
859 2206 902 2240 et
917 2195 1109 2256 judicem
1129 2230 1140 2250 ‚
1167 2194 1242 2237 sed
1266 2208 1449 2252 agnosce
1470 2191 1726 2236 salvatorem

337 2290 392 2320 ne
411 2274 567 2319 sentias
584 2271 792 2333 judicem.
816 2271 958 2321 Quare
977 2275 1122 2309 autem
1145 2263 1253 2308 dixit
1267 2263 1481 2328 judicium
1501 2277 1628 2306 suum
1651 2258 1727 2305 ve·-

337 2361 435 2390 rum
457 2360 546 2389 esse
559 2347 576 2386 ’ἒ
604 2363 623 2384 «
648 2341 758 2395 Quia
778 2339 894 2383 solus
912 2373 922 2392 ‚
948 2337 1091 2396 inquit
1106 2370 1117 2388 ‚
1141 2350 1230 2378 non
1252 2349 1365 2387 sum,
1388 2333 1464 2376 sed
1484 2347 1563 2390 ego
1581 2341 1623 2375 et
1645 2331 1723 2391 qui

340 2434 362 2460 >›
396 2415 512 2460 misit
532 2429 601 2457 me
623 2416 763 2457 Pater.
787 2428 807 2451 »
833 2409 927 2453 Dixi
943 2407 1088 2462 vobis,
1114 2404 1283 2460 iratres,
1306 2404 1407 2463 quia
1429 2406 1623 2447 joannes
1643 2401 1723 2446 iste

386 2509 394 2526 ¹
420 2502 525 2535 Galat.
539 2511 586 2542 γι,
604 2499 655 2541 14.
674 2514 716 2521 —
734 2504 748 2520 ²
766 2498 842 2529 Luc.
859 2504 951 2536 xxm,
968 2492 1024 2534 34.
1043 2508 1085 2514 -
1103 2489 1117 2514 ³
1130 2492 1224 2524 Joan.
1246 2500 1317 2531 viu,
1339 2487 1389 2521 16.
