1825 3214
40 303 131 340 erat
161 309 211 338 ex
235 308 309 336 ore
333 293 483 346 Patris,
509 300 552 335 et
584 304 839 350 percussura
873 302 1020 331 aurem
1049 287 1177 332 Filii?
1204 289 1429 348 Numquid

40 365 171 410 habet
197 367 307 407 Deus
327 378 498 422 corpus,
524 370 571 405 ut
601 360 722 420 quasi
740 375 790 404 ex
817 360 909 419 ejus
932 357 1055 402 labiis
1085 359 1166 401 lioc
1193 359 1427 417 procedatz,

0 464 3 516 ῃ
41 445 83 481 et
105 436 237 480 habet
267 451 392 478 aures
426 434 617 494 corporis
641 433 832 476 Verbum
850 466 861 484 ‚
891 431 934 473 in
957 445 1065 490 quas
1099 445 1229 473 sonus
1256 432 1433 475 veniat?

0 520 3 575 Ι
40 511 233 553 Remove
255 508 397 551 omnia
422 503 678 566 corporalia,
704 503 1020 563 simplicitatem
1041 503 1140 547 vide
1159 537 1169 556 ‚
1200 503 1231 545 si
1251 504 1430 562 simplex

0 578 3 641 l
41 595 100 625 cs.
129 578 361 632 Quomodo
393 587 537 622 :intem
561 578 641 620 eris
665 575 876 634 simplex?
901 575 941 619 Si
965 582 1006 618 te
1028 589 1118 618 non
1153 573 1318 618 mundo
1351 576 1433 618 im-

0 667 2 715 3
40 651 284 712 plicaveris‚
316 650 389 694 sed
420 666 470 692 ex
499 647 665 691 mundo
699 644 1003 705 explicaveris:
1036 643 1292 704 explicando
1314 646 1431 690 enim

0 723 1 762 ἕ
40 722 219 782 simplex
241 722 337 765 eris.
366 724 420 764 Et
443 719 541 763 vide.
559 719 591 762 si
611 727 731 777 potes
747 718 865 777 quod
890 716 1004 771 dico,
1032 725 1107 760 aut
1125 717 1157 761 si
1182 731 1269 760 non
1294 725 1431 777 potes,

0 806 2 848 ζ
41 794 169 839 crede
191 793 309 854 quod
326 808 414 837 non
428 792 563 837 vides.
588 790 701 834 Dicis
724 788 813 832 filio
828 797 921 843 tuo,
940 788 1074 832 verbo
1092 787 1198 833 dicis
1220 807 1228 832 :
1248 789 1434 833 verbum

0 867 1 874 ’
41 865 161 926 quod
184 874 323 918 sonat,
349 879 428 908 nec
445 872 493 907 tu
514 877 573 916 es,
594 876 674 905 nec
693 859 806 903 silius
831 868 945 905 tuus.

102 938 179 980 lx.
207 937 373 990 Habeo,
399 935 560 995 inquis,
588 931 704 977 aliud
725 931 845 992 quod
878 930 1104 975 ostendam
1126 949 1135 974 :
1160 930 1219 974 ita
1241 930 1358 974 enim
1374 941 1438 976 est

42 1007 238 1052 eruditus
260 1006 374 1051 filius
387 1021 526 1059 meus,
550 1013 600 1049 ut
622 1019 702 1047 nec
719 1003 929 1063 loquente
947 1016 1017 1045 me
1039 1000 1202 1056 audiat,
1225 1000 1300 1045 sed
1322 1009 1438 1048 nutu

43 1078 225 1124 ostendo
247 1079 285 1122 ei
302 1076 420 1138 quod
444 1077 587 1122 faciat.
609 1078 723 1121 Ecce
748 1083 861 1118 nutu
883 1071 1064 1117 ostende
1079 1073 1199 1132 quod
1217 1072 1296 1127 vis,
1321 1082 1438 1118 certe

44 1150 213 1194 animus
235 1159 337 1194 tuus
358 1148 454 1194 vult
476 1146 703 1192 ostendere
726 1143 846 1206 quod
871 1144 916 1186 in
939 1158 983 1187 se
999 1142 1147 1186 habet.
1176 1142 1301 1186 Unde
1335 1143 1440 1188 iacis

43 1223 233 1265 nutum?
259 1221 313 1264 dc
347 1234 552 1279 corpore,
587 1217 774 1270 scilicet,
808 1214 959 1269 labiis,
989 1213 1116 1258 vultu
1133 1248 1143 1268 ‚
1179 1213 1434 1272 superciliis,

44 1290 196 1349 oculis,
217 1291 433 1334 manibus.
463 1292 566 1334 Haec
590 1287 735 1332 omnia
753 1301 843 1330 non
859 1294 961 1330 sunt
975 1284 1096 1345 quod
1117 1285 1286 1329 animus
1307 1293 1437 1344 tuus;

45 1363 174 1407 etiam
197 1363 276 1406 ista
310 1360 451 1405 media
476 1368 577 1404 sunt
609 1378 618 1404 ε
645 1357 916 1403 intellectum
946 1365 1009 1401 est
1047 1355 1212 1416 aliquid
1242 1371 1319 1415 per
1345 1357 1440 1402 liaec

18 1485 27 1494 .
43 1434 181 1493 signa,
202 1449 302 1494 quae
324 1448 411 1477 non
430 1440 533 1476 sunt
550 1430 669 1491 quod
686 1430 856 1473 animus
879 1438 996 1483 tuus,
1017 1443 1097 1471 nec
1120 1427 1241 1487 quod
1267 1428 1436 1472 animus

43 1503 120 1548 filii
141 1504 203 1548 tui
231 1524 238 1549 :
265 1503 341 1547 sed
362 1504 446 1547 hoc
468 1511 610 1547 totum
629 1500 748 1561 quod
768 1514 950 1558 corpore
973 1499 1078 1557 agis,
1103 1497 1215 1542 infra
1243 1499 1437 1542 animum

42 1584 169 1619 tuum
191 1583 271 1629 est,
301 1583 343 1618 et
360 1572 471 1617 inlra
496 1573 689 1616 animum
714 1571 790 1615 filii
806 1571 887 1624 tui,
913 1584 993 1613 nec
1013 1578 1157 1628 potest
1176 1584 1435 1628 cognoscere

44 1645 239 1690 animum
257 1653 382 1688 tuum
408 1644 520 1688 filius
542 1625 660 1697 tuiis,
680 1643 759 1685 nisi
775 1640 944 1684 dederis
959 1641 998 1684 ei
1019 1641 1138 1699 signa
1157 1641 1211 1684 de
1233 1657 1429 1700 corpore.
1463 1680 1467 1684 .

44 1716 306 1774 Quidigitur
322 1715 463 1759 facio?
480 1717 578 1759 Non
594 1722 657 1757 est
675 1714 758 1757 hoc
779 1713 855 1767 ibi,
874 1711 1123 1770 simplicitas
1140 1711 1202 1755 ibi
1215 1721 1292 1756 est.
1312 1715 1438 1756 Pater

45 1786 235 1832 ostendit
266 1786 375 1830 Filio
404 1785 523 1846 quod
548 1784 671 1840 facit,
714 1793 756 1828 et
790 1783 1061 1829 ostendendo
1092 1783 1252 1827 Filium
1277 1784 1430 1842 gignit.

45 1857 183 1902 Video
215 1857 321 1918 quid
345 1856 526 1901 dixerim
550 1875 559 1901 ε
584 1856 658 1900 sed
681 1856 782 1916 quia
803 1855 932 1900 video
958 1864 1001 1898 et
1030 1854 1192 1916 quibus
1219 1854 1432 1915 dixerim3

43 1930 118 1974 fiat
140 1929 185 1972 in
202 1927 324 1973 vobis
347 1927 592 1972 intellectus
608 1927 701 1972 iste-
716 1926 998 1988 quandoque.
1025 1929 1152 1972 Nunc
1179 1927 1211 1971 si
1242 1943 1331 1972 non
1352 1943 1435 1988 po-

41 2000 158 2045 testis
179 1998 547 2058 comprehendere
579 1998 686 2058 quid
709 1998 763 2042 sit
784 2001 913 2053 Deus,
938 1997 1007 2041 vel
1029 1999 1113 2042 hoc
1140 1999 1431 2059 comprehen-

43 2070 134 2115 dite
154 2070 261 2130 quid
280 2085 367 2114 non
390 2070 443 2113 sit
457 2072 569 2113 Deus
593 2088 601 2113 ε
629 2069 816 2113 multum
839 2067 1123 2128 profeceritis,
1144 2069 1178 2113 si
1199 2085 1289 2114 non
1311 2069 1432 2116 aliud

43 2157 175 2203 quam
200 2150 277 2195 est,
315 2139 369 2183 de
393 2143 482 2184 Deo
504 2140 733 2184 senseritis.
757 2141 965 2185 Nondum
988 2150 1108 2199 potes
1131 2141 1356 2200 pervenire
1377 2141 1434 2186 ad

43 2213 151 2274 quid
181 2213 249 2266 sit,
276 2212 451 2271 perveni
478 2210 532 2254 ad
550 2210 657 2271 quid
684 2225 773 2255 non
796 2212 863 2255 sit.
896 2213 993 2256 Non
1022 2220 1084 2255 est
1113 2214 1226 2256 Deus
1254 2228 1428 2272 corpus,

44 2299 133 2328 non
154 2293 266 2327 terra
286 2319 295 2338 ,
325 2297 413 2327 non
435 2281 596 2326 coelum
614 2317 624 2337 ,
649 2297 738 2325 non
755 2281 859 2326 luna
874 2317 884 2337 ‚
915 2297 1004 2326 non
1033 2282 1094 2326 sol
1110 2318 1125 2338 ,
1154 2298 1243 2327 non
1263 2282 1399 2327 stellae
1416 2319 1427 2339 ‚

45 2371 134 2400 non
162 2354 399 2415 corporalia
421 2354 514 2398 ista.
549 2354 590 2399 Si
623 2355 737 2397 enim
772 2369 861 2398 non
897 2355 1114 2410 coelestia,
1151 2365 1318 2416 quanto
1348 2357 1432 2400 mi-

3 2429 6 2434 ‘
45 2441 127 2470 nus
163 2427 363 2469 terrena?
397 2423 517 2468 Tolle
552 2439 682 2468 omne
727 2429 897 2484 corp'us.
931 2424 1088 2470 Adhuc
1124 2425 1225 2470 audi
1272 2426 1424 2470 aliud:

46 2500 148 2544 Non
162 2507 226 2542 est
246 2501 358 2542 Deus
378 2496 599 2542 mutabilis
620 2496 808 2555 spiritus.
830 2499 938 2542 Nam
960 2496 1110 2553 fateor,
1135 2508 1177 2543 et
1197 2497 1426 2542 fatendum

0 0 5 308 l
279 230 320 255 m
355 223 529 255 somnis
563 222 872 260 EVANGELIUM,
906 221 1053 251 τκΛεΤ.
1090 222 1210 250 utu·
1345 210 1428 250 263

0 310 4 458 ἰ
