1825 3214
281 272 323 298 m
359 269 532 298 Jomms
566 270 876 307 numenium,
911 270 1056 298 τηατ.
1095 273 1185 299 xvi.
1347 264 1427 301 153

48 355 68 376 n
103 334 302 390 credidit,
343 337 498 396 inquit,
541 337 628 396 ipse
670 345 712 380 et
734 335 890 380 domus
913 338 1004 395 ejus
1042 341 1174 381 tota¹.
1205 357 1223 379 »
1252 341 1293 383 Si
1325 355 1427 399 ergo

43 415 270 466 propterea
299 406 482 451 credidit
507 408 594 466 ipse
617 416 659 451 et
682 407 838 452 domus
875 409 966 468 ejus
989 417 1096 463 tota,
1132 410 1233 468 quia
1257 413 1429 456 nuntia·

46 486 112 521 tus
140 485 202 520 est
233 477 270 520 ei
301 476 412 521 lilius
446 478 537 536 ejus
565 493 716 533 sanus,
748 488 791 521 et
824 479 1090 538 comparavit
1126 479 1277 523 horam
1313 497 1428 527 nun-

44 548 245 591 tiantium
269 547 386 591 horae
410 549 766 607 pimnuniiantis,
790 549 967 609 quando
1001 550 1205 608 rogabat,
1231 551 1427 596 nondum

42 617 262 662 credebat.
289 619 542 662 Samaritani
562 618 732 663 nullum
748 619 919 678 signum
933 630 1279 679 expectaverant,
1295 622 1428 667 verbo

42 689 132 747 ejus
162 689 466 734 tantummodo
494 689 767 734 crediderant
795 709 803 734 :
831 690 944 734 cives
976 699 1120 734 autem
1156 692 1247 750 ejus
1279 691 1429 736 audire

44 770 324 815 meruerunt,
371 780 390 802 «
419 761 506 806 Nisi
532 763 650 819 signa
687 771 729 805 et
755 762 952 821 prodigia
976 760 1184 817 videritis,
1210 778 1297 807 non
1336 779 1429 807 cre-

45 848 64 870 »
101 830 200 874 ditis
220 850 226 874 :
253 840 332 874 »et
355 831 413 874 ibi
436 841 582 875 tamen
608 830 722 876 facto
745 842 866 877 tanto
885 832 1110 888 miraculo,
1138 849 1226 878 non
1245 833 1428 880 credidit

42 900 120 943 nisi
141 901 232 959 ipse
249 910 291 944 et
313 899 468 944 domus
490 903 595 960 ejus.
625 901 691 945 Ad
719 902 858 947 solum
883 917 1126 947 sermonem
1148 903 1428 949 crediderunt

42 969 188 1028 plures
223 972 476 1015 Samaritani
504 991 511 1016 :
538 971 591 1015 ad
627 972 736 1016 illud
767 973 1023 1016 miraculum
1048 973 1136 1017 sola
1170 973 1240 1018 illa
1272 976 1428 1019 domus

41 1039 240 1095 credidit,
267 1042 341 1085 ubi
375 1041 537 1086 factum
561 1051 636 1086 est.
664 1042 780 1095 Quid
810 1045 954 1101 igitur,
976 1045 1144 1099 iratres,
1169 1045 1275 1105 quid
1304 1046 1428 1090 nobis

41 1111 317 1156 commendat
351 1113 561 1156 Dominus
575 1115 592 1154 ‘3
627 1115 749 1157 Tunc
778 1114 953 1158 Galilaea
977 1114 1142 1158 Judaeae
1173 1117 1310 1174 patria
1338 1127 1429 1162 erat

40 1181 229 1236 Domini,
256 1182 356 1241 quia
388 1182 448 1226 ibi
471 1183 661 1227 nutritus
695 1192 757 1227 est
778 1203 786 1227 :
808 1199 926 1227 nunc
948 1199 1050 1229 vero
1072 1185 1172 1245 quia
1206 1185 1429 1245 portendit

42 1251 210 1312 aliquid
231 1267 295 1297 res
318 1252 414 1310 illa,
444 1269 532 1298 non
555 1254 669 1298 enim
691 1255 781 1298 sine
803 1270 930 1299 causa
956 1255 1071 1300 dicta
1089 1265 1190 1300 sunt
1212 1255 1425 1316 prodigia,

41 1323 120 1366 nisi
143 1324 244 1383 quia
280 1323 446 1385 aliquid
476 1325 745 1384 portendunt
773 1346 780 1370 :
808 1326 1053 1386 prodigium
1090 1328 1206 1372 enim
1231 1329 1428 1389 appella-

40 1402 133 1438 tum
150 1404 213 1438 est
235 1396 357 1455 quasi
384 1396 693 1455 porrodicium,
721 1399 840 1457 quod
864 1414 992 1458 porro
1031 1398 1162 1455 dicat,
1189 1415 1319 1459 porro
1344 1401 1429 1460 sig-

41 1463 202 1518 nificet,
248 1474 288 1508 et
329 1464 492 1525 aliquid
526 1466 722 1511 futurum
761 1483 850 1511 esse
881 1469 1116 1528 portendat
1152 1489 1159 1514 ;
1192 1471 1294 1530 quia
1327 1486 1428 1529 ergo

41 1533 204 1594 aliquid
222 1533 294 1578 illa
317 1537 460 1579 omnia
485 1536 820 1595 portendebant,
848 1538 1013 1599 aliquid
1044 1539 1116 1583 illa
1138 1540 1281 1585 omnia
1312 1556 1428 1600 prae-

40 1603 258 1659 dicebant,
281 1605 487 1650 faciamus
510 1608 642 1652 modo
664 1624 742 1652 nos
768 1609 950 1668 patriam
974 1610 1146 1654 Domini
1163 1611 1296 1655 nostri
1325 1613 1428 1657 Jesu

39 1675 196 1718 Christi
214 1675 453 1719 secundum
473 1692 645 1721 carnem
673 1698 680 1721 :
705 1682 719 1735 (
742 1693 831 1723 non
854 1680 969 1723 enim
1001 1680 1154 1725 habuit
1176 1681 1358 1740 patriam
1382 1683 1427 1727 in

39 1753 169 1799 terra,
192 1744 274 1788 nisi
295 1744 536 1790 secundum
559 1763 748 1802 carnem,
787 1764 919 1809 quam
952 1751 1118 1810 accepit
1155 1751 1201 1795 in
1240 1761 1352 1796 terra
1377 1772 1385 1797 :
1410 1757 1428 1811 )

39 1811 246 1858 faciamus
270 1830 372 1874 ergo
391 1817 574 1875 patriam
596 1818 768 1861 Domini
792 1819 1005 1878 populum
1022 1820 1294 1866 Judaeorum.
1314 1825 1427 1867 Ecce

38 1884 83 1929 in
100 1886 238 1944 patria
257 1900 334 1930 sua
356 1886 567 1931 honorem
590 1903 679 1931 non
706 1888 852 1934 habet.
883 1891 1016 1936 Modo
1047 1894 1223 1937 attende
1245 1892 1426 1939 Judaeo-

39 1971 135 2000 rum
152 1957 318 2012 turbas,
336 1958 512 2002 attende
528 1959 618 2017 jam
633 1969 806 2018 gentem
821 1960 939 2006 illam
955 1961 1190 2023 dispersam
1215 1974 1305 2011 toto
1318 1966 1425 2010 orbe

39 2033 268 2081 terrarum,
294 2037 337 2072 et
359 2028 550 2072 evulsam
574 2028 792 2074 radicibus
816 2032 902 2076 suis
922 2049 933 2076 :
955 2033 1131 2078 attende
1153 2051 1294 2080 ramos
1315 2035 1424 2081 frac-

37 2106 120 2151 tos,
145 2098 355 2153 concisos,
381 2099 608 2158 dispersos,
635 2100 790 2156 aridos,
830 2103 989 2162 quibus
1008 2105 1153 2150 fractis
1174 2105 1303 2151 inseri
1330 2123 1423 2152 me-

37 2168 126 2212 ruit
147 2167 361 2212 oleaster²
377 2168 500 2214 :vide
522 2170 694 2215 turbam
712 2172 985 2229 Judaeorum,
1007 2177 1113 2235 quid
1135 2176 1240 2222 dicit
1261 2179 1423 2224 modo?

37 2243 173 2291 Quem
198 2239 352 2295 colitis,
379 2254 508 2301 quem
541 2241 743 2298 adoratis,
773 2243 904 2289 frater
941 2256 1087 2291 noster
1115 2257 1220 2292 erat.
1257 2252 1313 2294 Et
1343 2265 1421 2295 nos

37 2308 389 2368 respondeamus,
421 2330 440 2352 «
478 2312 695 2371 Propheta
731 2313 776 2356 in
815 2315 951 2373 patria
980 2332 1054 2361 sua
1087 2317 1298 2363 honorem
1332 2335 1419 2365 non

39 2395 60 2420 >›
93 2379 241 2424 habet.
269 2399 289 2422 »
315 2381 509 2441 Denique
536 2382 597 2425 illi
621 2382 915 2429 ambulantem
949 2388 1184 2433 Dominum
1208 2392 1355 2434 Jesum
1375 2392 1420 2435 in

35 2456 164 2502 terra,
190 2447 509 2510 facientemque
541 2451 765 2506 miracula,
797 2468 933 2500 caecos
962 2456 1300 2513 illuminantem,
1326 2476 1420 2503 sur-

35 2518 100 2562 dis
118 2534 242 2564 aures
263 2521 548 2579 aperientem,
574 2532 796 2567 mutorum
824 2540 896 2569 ora
919 2526 1175 2584 solventem,
1208 2529 1418 2588 paralyti-

85 2604 91 2618 ¹
118 2604 266 2645 Jonn.1v‚
291 2604 332 2638 50
353 2609 385 2636 et
400 2605 451 2638 53.
474 2623 513 2630 —-
535 2614 547 2629 ²
567 2609 656 2640 Rom.
677 2619 721 2646 xi,
748 2618 796 2649 17.
