1809 3173
369 207 423 247 44
800 217 832 248 S.
870 217 1099 248 Aucus'rrm
1132 220 1311 249 zmseort

367 293 485 330 sexta
518 284 597 329 ista
623 293 749 330 aetate
771 285 1071 330 manifestatur
1094 300 1166 343 per
1184 286 1470 346 Evangelium
1499 285 1749 332 reformatio

368 356 523 400 mentis
542 365 716 412 nostrae,
733 356 974 401 secundum
995 357 1225 415 imaginem
1241 359 1347 418 ejus,
1363 358 1439 418 qui
1463 358 1622 402 creavit
1639 374 1716 403 nos
1735 380 1746 417 3

367 437 409 471 et
432 428 698 473 convertitur
714 444 826 489 aqua
842 429 886 472 in
902 430 1053 473 vinum
1070 464 1081 485 ,
1099 438 1149 473 ut
1164 430 1255 488 jam
1270 428 1593 473 manifestatum
1607 430 1751 475 Chris-

365 509 459 544 tum
483 500 528 543 in
551 503 665 559 Lege
686 513 729 544 et
749 501 974 560 Prophetis
1000 500 1229 560 sapiamus.
1257 501 1362 545 Ideo
1387 520 1407 543 «
1433 503 1570 545 Erant
1591 501 1651 545 ibi
1679 517 1751 546 sex

369 588 390 612 »
424 570 621 628 hydriae1
643 605 654 625 ,
689 589 709 610 »
745 586 851 631 quas
883 571 1008 629 jussit
1039 571 1209 630 impleri
1245 586 1371 630 aqua.
1410 573 1490 616 Sex
1521 587 1623 630 ergo
1664 570 1750 615 illae

365 640 534 698 hydriae
552 677 562 696 ‚
595 657 664 685 sex
696 650 842 686 {etates
875 642 1120 700 significant
1140 677 1150 695 ,
1176 641 1336 701 quibus
1364 657 1452 685 non
1482 641 1621 686 defuit
1649 657 1751 702 pro-

365 711 527 771 phetia.
557 711 634 755 Illa
669 726 770 769 ergo
804 721 995 771 tempora
1020 727 1116 765 sex,
1143 711 1264 770 quasi
1294 712 1484 756 articulis
1518 712 1750 757 distributa

366 792 495 843 atque
530 783 752 838 distincta,
784 785 906 843 quasi
930 798 1027 826 vasa
1052 791 1195 826 essent
1216 783 1382 838 inania,
1421 783 1501 826 nisi
1534 800 1557 827 a
1578 784 1749 828 Christo

364 852 663 912 implerentur.
698 853 812 905 Quid
850 852 961 907 dixi,
996 862 1211 911 tempora,
1242 869 1340 913 quae
1382 853 1569 898 inaniter
1601 869 1750 898 curre-

364 933 490 978 rent,
520 924 598 966 nisi
621 924 666 966 in
700 925 758 967 eis
791 924 1000 967 Dominus
1023 926 1146 967 Jesus
1180 923 1519 983 praedicaretur?
1555 925 1751 985 Impletae
1805 985 1809 989 Ι

365 1004 468 1038 sunt
496 994 759 1054 prophetise,
797 994 936 1053 plenae
959 1003 1061 1038 sunt
1078 994 1247 1052 hydriae
1271 1015 1280 1039 ι
1306 994 1381 1038 sed
1409 1004 1459 1038 ut
1483 1012 1595 1055 aqua
1617 997 1662 1040 in
1683 997 1752 1041 vi-

363 1080 469 1109 num
505 1073 807 1119 convertatur,
835 1065 878 1107 in
902 1064 975 1109 illa
1012 1074 1101 1109 tota
1122 1066 1351 1124 prophetia
1387 1066 1586 1110 Christus
1620 1066 1750 1110 intel-

364 1135 540 1194 ligatur.

423 1209 520 1250 VII.
548 1205 665 1259 Quid
695 1215 757 1249 est
792 1221 920 1265 ergo,
962 1224 981 1247 «
1018 1206 1259 1265 Capiebant
1294 1216 1497 1250 metretas
1525 1207 1645 1251 binas
1682 1205 1751 1252 vel

367 1296 386 1319 n
425 1280 596 1322 ternas?
619 1296 637 1318 »
661 1278 916 1334 Mysterium
947 1277 1071 1321 nobis
1106 1278 1289 1321 maxime
1324 1279 1401 1322 ista
1430 1279 1594 1323 locutio
1629 1295 1751 1323 com³

364 1349 556 1393 mendat.
579 1352 781 1393 Metretas
795 1350 909 1392 enirn
926 1348 1028 1393 dicit
1046 1365 1267 1394 mensuras
1284 1350 1515 1410 quasdam,
1542 1360 1751 1411 tanquam

364 1422 398 1465 si
420 1421 584 1465 diceret
607 1437 759 1475 urnas,
803 1421 1030 1480 amphoras
1048 1456 1058 1476 ,
1085 1421 1153 1466 vel
1182 1421 1214 1466 si
1241 1422 1345 1481 quid
1368 1422 1632 1481 hujusmodi.
1661 1425 1752 1468 No-

364 1507 467 1535 men
499 1507 712 1535 mensurae
740 1502 803 1536 est
827 1501 1009 1535 metreta
1027 1527 1037 1546 ‚
1059 1501 1101 1535 et
1125 1508 1147 1535 a
1170 1507 1370 1536 mensura
1403 1493 1569 1551 accepit
1593 1508 1752 1537 nomen

364 1563 443 1607 ista
481 1578 698 1607 mensura.
725 1573 846 1617 Μέτρω
865 1564 980 1606 enim
1014 1578 1261 1607 mensuram
1277 1563 1428 1607 dicunt
1449 1564 1587 1608 Graeci
1614 1584 1622 1608 :
1649 1564 1752 1608 inde

365 1633 594 1694 appellatae
632 1643 837 1678 metretre.
864 1653 883 1675 «
909 1634 1151 1694 Capiebant
1173 1650 1275 1693 ergo
1305 1643 1506 1678 metretas
1536 1635 1658 1679 binas
1681 1634 1753 1680 vel

369 1722 388 1745 >›
424 1713 581 1748 ternas.
606 1723 625 1745 »
649 1704 766 1757 Quid
794 1703 1002 1759 dicimus,
1039 1703 1223 1748 fratres?
1248 1705 1291 1749 Si
1313 1713 1455 1748 ternas
1485 1714 1655 1749 tantum
1685 1705 1753 1748 di-

365 1784 496 1830 ceret,
514 1790 602 1819 non
625 1784 817 1819 curreret
839 1774 1009 1818 animus
1029 1784 1175 1818 noster
1197 1775 1278 1818 nisi
1302 1775 1356 1819 ad
1378 1775 1635 1833 mysterium
1659 1776 1752 1819 Tri-

365 1847 525 1890 nitatis.
554 1845 638 1891 Sed
660 1846 773 1890 forte
795 1861 874 1889 nec
904 1845 963 1889 sic
986 1845 1195 1889 debemus
1218 1844 1320 1889 inde
1346 1846 1432 1890 cito
1456 1847 1548 1905 jam
1577 1836 1752 1890 sensum

367 1926 582 1972 avertere,
614 1916 715 1976 quia
739 1916 845 1959 dixit
869 1934 888 1957 «
910 1914 1035 1959 Binas
1054 1915 1121 1959 vel
1143 1924 1286 1959 ternas
1314 1934 1322 1960 2
1348 1933 1369 1956 »
1396 1916 1498 1975 quia
1528 1916 1752 1961 nominato

368 1991 495 2031 Patre
521 1996 562 2031 et
586 1987 696 2031 Filio
712 2022 722 2040 ‚
761 1994 1078 2045 consequenter
1099 1994 1142 2029 et
1166 1985 1348 2045 Spiritus
1376 1995 1550 2030 sanctus
1587 1986 1753 2030 intelli-

368 2058 533 2116 gendus
552 2067 629 2102 est.
660 2057 841 2116 Spiritus
860 2057 975 2100 enim
1004 2066 1174 2101 sanctus
1199 2072 1290 2101 non
1322 2066 1384 2101 est
1402 2058 1539 2101 Patris
1560 2067 1755 2102 tantum—

366 2128 520 2183 modo,
558 2137 633 2172 aut
672 2127 771 2171 Filii
814 2126 1120 2171 tantummodo
1162 2128 1376 2186 Spiritus3
1417 2126 1492 2171 sed
1530 2128 1667 2171 Patris
1711 2137 1754 2172 et

367 2199 467 2243 Filii
497 2199 693 2259 Spiritus.
737 2198 955 2257 Scriptum
983 2207 1047 2242 est
1081 2198 1196 2241 enim
1230 2216 1239 2242 ε
1285 2217 1306 2240 «
1345 2198 1386 2243 Si
1423 2199 1519 2258 quis
1553 2197 1754 2242 dilexerit

369 2289 389 2312 »
429 2270 660 2326 mundum,
679 2285 768 2314 non
786 2279 849 2313 est
874 2270 1055 2329 Spiritus
1078 2269 1215 2313 Patris
1237 2269 1282 2312 in
1295 2268 1371 2313 illo
1386 2272 1403 2295 2
1424 2288 1432 2313 :
1454 2288 1473 2310 »
1494 2270 1598 2313 item
1613 2269 1753 2328 scrip-

368 2351 463 2386 tum
500 2351 600 2387 est:
635 2341 885 2400 «Quisquis
915 2349 1058 2384 autem
1096 2340 1305 2398 Spiritum
1343 2339 1504 2384 Christi
1544 2355 1632 2383 non
1671 2340 1752 2384 ha-

372 2431 392 2454 »
429 2414 525 2468 bet,
546 2413 616 2457 hic
654 2428 744 2457 non
777 2422 838 2456 est
864 2413 1002 2471 ejus³.
1032 2430 1051 2452 n
1087 2410 1208 2454 Idem
1234 2419 1381 2454 autem
1406 2411 1587 2469 Spiritus
1617 2411 1751 2455 Patris

369 2493 412 2529 et
435 2483 548 2527 Filii.
585 2484 817 2529 Nominato
851 2483 998 2543 itaque
1029 2486 1153 2526 Patre
1188 2491 1230 2526 ct
1251 2481 1390 2537 Filio,
1415 2481 1674 2541 intelligitur
1708 2491 1752 2526 et

420 2575 427 2592 ¹
449 2571 539 2602 Joan.
559 2581 597 2611 n,
616 2569 646 2601 6,
670 2586 709 2592 -
731 2576 743 2592 ²
763 2580 775 2601 1
804 2568 1018 2608 Joan.11,1:⁷›.
1041 2584 1081 2589 —-
1099 2565 1111 2587 ²
1131 2570 1221 2598 Romv
1241 2577 1312 2608 vm,
1339 2578 1372 2607 9.
