1809 3173
374 218 454 256 122
782 222 816 252 S.
853 223 1082 252 AUGUSTINI
1114 222 1295 251 zmscom

369 293 605 349 Punicam,
629 306 709 351 pro
730 289 976 336 diversitate
998 288 1250 334 auditorum
1271 288 1461 333 diversas
1482 286 1654 345 linguas
1672 284 1751 330 ad-

367 365 506 418 hibes,
525 372 575 407 ut
596 361 786 422 proferas
803 363 988 407 verbum
1004 369 1266 419 conceptum
1292 377 1303 405 ι
1328 357 1439 402 illud
1460 365 1606 401 autem
1631 356 1751 416 quod

368 434 497 480 corde
518 449 791 493 conceperas,
810 433 931 477 nulla
952 432 1099 490 lingua
1122 430 1367 474 tenebatur.
1387 431 1500 473 Cum
1517 441 1618 484 ergo
1635 429 1750 470 Deus

368 508 569 567 loquens,
592 504 785 563 linguam
806 520 895 549 non
915 512 1144 564 quaereret,
1170 511 1213 545 et
1239 516 1374 560 genus
1402 499 1632 544 locutionis
1664 512 1753 542 non
1806 519 1807 524 =

369 586 618 631 assumeret,
636 575 858 636 quomodo
872 575 1046 619 auditus
1060 582 1124 618 est
1139 590 1161 617 a
1177 572 1302 627 Filio,
1322 586 1424 616 cum
1435 571 1577 630 ipsum
1592 568 1754 612 Filium

368 651 422 695 sit
450 649 620 694 locutus
652 650 798 692 Deus?
830 646 1060 701 Quomodo
1084 646 1200 689 enim
1240 653 1289 688 tu
1320 643 1505 688 verbum
1535 639 1655 702 quod
1687 639 1755 685 lo-

369 721 528 782 queris,
554 721 599 763 in
620 719 751 764 corde
773 718 924 773 habes,
947 727 990 762 et
1021 715 1139 776 apud
1162 725 1204 760 te
1226 724 1305 769 est,
1331 722 1374 758 et
1409 714 1500 772 ipsa
1529 711 1756 770 conceptio

346 783 568 852 ‘spiritalis
591 800 653 835 est
679 810 687 835 :
713 794 846 847 (nam
880 790 992 833 sicut
1024 788 1166 832 anima
1203 795 1276 830 tua
1302 785 1475 845 spiritus
1516 792 1595 838 est,
1621 783 1682 826 ita
1714 791 1758 826 et
1804 823 1806 826 ,

369 863 554 907 verbum
575 860 695 920 quod
717 859 969 918 concepisti,
1002 858 1176 917 spiritus
1198 865 1286 913 est,
1319 854 1519 899 nondum
1547 853 1664 897 enim
1686 867 1757 897 ac·
1801 858 1804 911 ζ

369 934 484 993 cepit
505 947 662 977 sonum
684 940 734 974 ut
756 946 833 990 per
850 929 1038 987 syllabas
1057 927 1293 982 dividatur,
1319 926 1395 970 sed
1414 933 1561 969 manet
1587 925 1633 968 in
1654 938 1760 968 con-

369 1004 568 1063 ceptione
605 1002 746 1048 cordis
769 1000 814 1046 'et
847 1002 893 1045 in
925 1000 1103 1060 speculo
1134 999 1319 1043 mentis:
1345 997 1440 1056 >sic
1474 999 1589 1040 Deus
1623 993 1779 1041 edidit,
1804 1003 1806 1039 ζ

370 1075 582 1129 Verbum,
617 1074 700 1117 hoc
723 1081 802 1127 est,
839 1071 990 1131 genuit
1012 1070 1189 1114 Filium.
1216 1072 1273 1114 Et
1305 1077 1355 1112 tu
1383 1066 1562 1128 quidem
1584 1081 1635 1109 ex
1654 1074 1763 1109 tem·
1804 1082 1806 1122 }

369 1161 476 1206 pore
509 1145 648 1205 gignis
671 1144 855 1188 verbum
878 1143 1007 1187 etiam
1030 1142 1075 1185 in
1098 1140 1234 1186 corde
1261 1159 1269 1184 ι
1294 1142 1409 1183 Deus
1448 1138 1539 1181 sine
1568 1145 1761 1195 tempore

373 1217 525 1276 genuit
567 1215 742 1269 Filium,
774 1229 851 1273 per
884 1228 1016 1273 quem
1050 1212 1211 1256 creavit
1237 1210 1382 1255 omnia
1413 1218 1623 1266 tempora.
1650 1208 1762 1251 Cum

374 1303 476 1346 ergo
494 1287 687 1331 Verbum
709 1285 786 1328 Dei
809 1283 944 1328 Filius
967 1284 1036 1338 sit,
1073 1281 1209 1326 Filius
1227 1290 1371 1325 autem
1395 1279 1567 1323 locutus
1594 1285 1659 1321 est
1683 1291 1764 1320 no-

376 1360 455 1413 bis,
472 1374 562 1402 non
580 1358 764 1402 verbum
787 1371 931 1410 suum,
957 1354 1032 1399 sed
1053 1353 1249 1397 Verbum
1272 1350 1408 1395 Patris
1432 1364 1475 1394 se
1495 1348 1621 1393 nobis
1642 1346 1765 1406 loqui

376 1429 529 1484 voluit,
548 1429 623 1488 qui
641 1428 835 1471 Verbum
852 1425 987 1470 Patris
1012 1424 1292 1484 loquebatur.
1311 1424 1403 1466 Hoc
1421 1434 1522 1478 ergo
1543 1416 1765 1479 quomodo
1808 1440 1809 1445 =

377 1500 539 1555 decuit,
565 1508 608 1542 et
634 1498 842 1557 oportuit,
878 1496 985 1540 dixit
1021 1498 1209 1540 Joannes
1237 1490 1490 1552 :quomodo
1524 1490 1761 1550 potuimUS,
1808 1510 1809 1518 1

377 1587 456 1616 nos
478 1570 767 1630 exposuimus.
794 1567 877 1613 Cui
898 1567 953 1611 ad
974 1582 1048 1611 cor
1084 1564 1282 1610 nondum
1307 1563 1505 1622 pervenit
1530 1561 1690 1620 dignus
1712 1558 1768 1603 de
1802 1589 1804 1601 ,

379 1652 500 1688 tanta
530 1658 574 1686 re
612 1640 874 1695 intellectus,
895 1639 1029 1682 habet
1061 1652 1150 1698 quo
1180 1651 1224 1680 se
1247 1641 1487 1687 convertat,
1518 1631 1653 1676 habet
1680 1645 1768 1690 quo
1800 1649 1803 1671 τ

380 1712 540 1773 pulset,
576 1711 710 1755 habet
727 1727 749 1754 a
772 1725 861 1770 quo
883 1717 1051 1768 quaerat
1066 1743 1077 1763 ,
1112 1706 1248 1751 habet
1269 1721 1292 1750 a
1314 1719 1403 1765 quo
1435 1711 1571 1762 petat,
1596 1701 1769 1745 habeta
1797 1718 1802 1756 f

382 1799 472 1844 quo
491 1783 688 1842 accipiat.

442 1856 564 1897 VIII.
595 1871 615 1894 «
643 1851 727 1905 Qui
749 1850 804 1894 de
835 1848 947 1893 coelo
969 1848 1104 1901 venit,
1144 1861 1273 1905 supra
1295 1859 1446 1889 omnes
1467 1851 1565 1887 est:
1585 1850 1628 1886 et
1649 1839 1770 1902 quod
1795 1875 1797 1885 ‚

388 1943 408 1967 »
441 1923 566 1979 vidit,
584 1933 627 1968 et
643 1921 824 1976 audivit,
840 1921 1145 1974 hoctestatur·
1166 1914 1517 1960 ettestimonium
1540 1913 1630 1973 ejus
1642 1926 1772 1956 nemo

390 2015 410 2038 »
446 1995 646 2054 aecipit1.
678 2011 696 2034 »
731 1993 772 2037 Si
800 2006 943 2045 nemo,
976 1998 1025 2033 ut
1046 1953 1155 2048 quid
1177 1986 1323 2031 venit?
1341 1983 1641 2038 Quorumdam
1671 1996 1773 2040 ergo
1795 1995 1801 2018 ἰ

388 2082 531 2112 nemo.
553 2069 631 2110 Est
652 2063 830 2124 quidam
844 2060 1034 2122 populus
1055 2066 1322 2119 praeparatus
1344 2055 1423 2100 ad
1415 2070 1521 2099 iram
1539 2054 1633 2109 Dei,
1649 2052 1774 2098 dam-
1802 2068 1805 2086 ³

390 2136 560 2182 nandus
587 2150 688 2181 cum
709 2133 901 2186 diabolo,
932 2132 1091 2175 horum
1122 2144 1252 2173 nemo
1285 2127 1440 2186 accipit
1479 2125 1800 2174 testimonium5

389 2209 564 2254 Christi
598 2210 708 2252 Nam
743 2206 777 2249 si
804 2203 983 2249 omnino
1013 2216 1158 2254 nemo,
1199 2198 1347 2243 nullus
1378 2199 1539 2254 homo,
1570 2195 1679 2256 quid
1712 2192 1798 2247 esti

390 2280 509 2342 quod
539 2279 768 2339 sequitur:
799 2295 818 2318 «
850 2275 931 2328 Qui
959 2283 1104 2317 autem
1145 2271 1311 2330 accepit
1342 2268 1638 2313 testimonium
1665 2267 1798 2326 ejus,
1796 2313 1797 2329 χ

394 2370 414 2394 »
449 2351 633 2410 sionavit
647 2349 749 2409 quia
768 2351 880 2391 Deus
902 2360 1031 2390 verax
1048 2344 1174 2387 est²P
1199 2361 1218 2383 »
1245 2343 1371 2386 Certe
1389 2354 1492 2398 ergo
1515 2354 1604 2382 non
1626 2351 1797 2390 nemo,
1793 2385 1796 2393 Ι

391 2424 426 2468 si
448 2431 496 2466 tu
526 2423 615 2481 ipse
638 2420 779 2464 dicis·
773 2455 781 2463 .
805 2437 824 2460 «
847 2418 931 2471 Qui
951 2415 1117 2475 accepit
1144 2412 1443 2458 testimonium
1464 2411 1571 2470 ejus,
1591 2407 1806 2470 signavit

393 2513 414 2537 »
449 2493 553 2554 quia
575 2495 687 2536 Deus
708 2496 838 2535 verax·
858 2497 936 2533 est
965 2506 985 2528 »
1005 2484 1304 2546 Responderet
1323 2498 1428 2541 eigo
1444 2479 1623 2527 fortasse
1641 2481 1797 2524 Joan-
1806 2493 1809 2509 2

440 2581 560 2612 ¹.Joan
576 2576 764 2619 111,31,32.
786 2573 963 2607 -21bid
982 2572 1034 2605 33.
