1825 3214
291 251 331 275 iu
368 247 542 275 sonuum
575 245 884 281 manentum,
918 245 1063 272 rrum.
1100 245 1204 271 xxii.
1358 230 1442 270 2⁴9

65 315 268 366 tenebrae,
290 313 363 357 lux
385 315 428 357 in
452 313 650 357 Domino.
675 314 765 355 Lux
788 313 953 371 quare?
975 312 1084 364 Quia
1119 311 1444 370 participatione

62 386 169 432 lucis
191 384 304 428 illius
327 385 399 427 lux
422 399 479 426 es.
511 383 552 427 Si
572 392 714 426 autem
736 399 757 426 a
781 381 878 425 luce
898 397 985 441 qua
1007 381 1277 435 illuminaris,
1305 397 1442 426 reces-

61 457 189 509 seris,
221 455 274 499 ad
305 456 502 498 tenebras
530 464 624 498 tuas
654 453 780 496 redis.
806 455 902 497 Non
939 452 998 496 sic
1031 452 1246 503 Christus,
1276 468 1362 496 non
1387 454 1444 496 sic

64 527 254 571 Verbum
281 525 369 569 Dei.
399 524 481 569 Sed
504 524 757 584 quomodo?
775 543 794 564 (ι
814 524 934 567 Sicut
955 513 1086 567 habet
1108 526 1230 566 Pater
1251 523 1381 566 vitam
1403 524 1445 567 in

64 615 84 638 »
119 597 369 655 semetipso,
401 595 460 640 sic
495 593 616 639 dedit
651 604 694 638 et
727 593 836 638 Filio
866 594 1026 637 habere
1064 593 1196 637 vitam
1229 593 1273 636 in
1309 609 1446 637 seme-

64 685 84 709 »
120 668 253 726 tipso¹
277 686 286 712 ε
315 686 334 707 »
361 676 411 710 ut
434 682 522 710 non
545 665 874 725 participatione
896 664 1026 717 vivat,
1051 663 1126 707 sed
1154 665 1445 707 incommuta-

63 738 205 783 biliter
222 739 361 794 vivat,
395 747 437 781 et
458 737 636 781 omnino
665 737 754 795 ipse
781 736 865 779 vita
888 735 954 779 sit.
985 754 1005 776 «
1034 735 1101 779 Sic
1129 734 1250 778 dedit
1273 743 1315 778 et
1335 735 1445 778 Filio

63 827 83 850 υ
119 810 280 853 habere
303 810 449 853 vitam.
477 826 496 848 »
523 808 642 852 Sicut
666 807 822 861 habet,
847 807 906 851 sic
933 805 1069 850 dedit.
1095 806 1207 860 Quid
1235 806 1446 851 interest?

60 879 169 933 Quia
199 878 271 922 ille
294 879 430 932 dedit,
467 880 547 923 iste
574 877 755 937 accepit.
787 876 1011 937 Numquid
1034 878 1123 937 jam
1153 887 1244 921 erat
1267 876 1445 937 quando

60 950 259 1009 accepit?
282 949 505 1009 Numquid
524 947 804 1005 intelligimus
816 948 1036 993 Christum
1057 946 1294 1008 aliquando
1315 946 1445 991 fuisse

59 1021 151 1065 sine
169 1021 283 1075 luce,
299 1036 398 1064 cum
426 1021 516 1080 ipse
538 1021 591 1064 sit
609 1020 814 1079 sapientia
834 1020 984 1073 Patris,
1003 1018 1057 1063 de
1070 1034 1156 1078 qua
1171 1019 1337 1062 dictum
1363 1028 1441 1073 est,

59 1092 234 1137 Candor
255 1102 318 1137 est
339 1092 446 1136 lucis
466 1101 640 1136 aeternae
657 1094 704 1135 ²?
726 1094 841 1150 Ergo
859 1090 979 1151 quod
997 1090 1177 1145 dicitur,
1200 1109 1218 1131 «
1243 1090 1364 1133 dedit
1380 1091 1445 1133 Fi-

62 1182 82 1204 »
116 1162 175 1208 lio
192 1198 202 1216 ,
225 1181 244 1203 »
273 1163 356 1207 tale
378 1172 441 1206 est
462 1178 510 1206 ac
529 1163 561 1206 si
584 1161 824 1215 diceretur,
842 1162 992 1218 genuit
1014 1159 1152 1204 filium
1172 1159 1445 1220 :generando

59 1233 173 1277 enirn
190 1232 325 1277 dedit.
347 1232 578 1286 Quomodo
593 1232 714 1275 dedit
731 1241 780 1275 ut
798 1242 922 1279 esset.
945 1232 1003 1275 sic
1016 1230 1137 1274 dedit
1151 1241 1200 1275 ut
1217 1231 1303 1275 vita
1318 1240 1442 1287 esset,

58 1312 100 1347 et
123 1304 181 1346 sic
203 1303 323 1347 dedit
348 1313 395 1347 ut
420 1304 462 1346 in
485 1304 715 1361 semetipso
736 1304 823 1346 vita
847 1310 970 1346 esset.
997 1300 1113 1354 Quid
1135 1311 1212 1355 est,
1238 1301 1282 1345 in
1305 1317 1445 1346 seme-

60 1374 168 1431 tipso
188 1374 275 1417 vita
303 1376 445 1417 esset?
468 1376 563 1417 Non
582 1372 758 1416 aliunde
779 1374 864 1416 vita
888 1372 1116 1430 indigeret,
1139 1373 1214 1417 sed
1232 1374 1320 1431 ipse
1337 1383 1448 1418 esset

58 1442 287 1502 plenitudo
299 1444 415 1497 vitae,
432 1442 550 1486 unde
564 1442 788 1486 credentes
812 1443 882 1486 alii
900 1444 1095 1488 viverent
1113 1442 1218 1486 dum
1232 1442 1441 1487 viverent.

59 1530 75 1555 o
115 1514 241 1558 Dedit
265 1532 285 1554 »
310 1528 413 1571 ergo
441 1513 541 1556 «ini
571 1513 728 1556 habere
748 1513 881 1556 vitam
911 1513 957 1556 in
990 1514 1244 1571 semetipso:
1273 1531 1292 1554 n
1321 1512 1445 1557 dedit

56 1592 264 1643 tanquam
297 1584 397 1627 eui?
433 1593 640 1643 tanquam
671 1583 814 1627 Verbo
842 1598 920 1626 suo
939 1618 949 1637 ,
987 1592 1196 1643 tanquam
1227 1583 1265 1626 ei
1297 1583 1373 1643 qui
1400 1583 1445 1627 in

58 1653 273 1713 principio
291 1663 382 1698 erat
403 1653 612 1707 Verbum,
638 1662 677 1697 et
702 1653 893 1696 Verbum
915 1663 1005 1697 erat
1022 1653 1136 1712 apud
1159 1657 1312 1697 Deum.

116 1725 194 1767 XI.
224 1723 388 1767 Deinde
405 1725 505 1783 quia
524 1724 657 1767 homo
680 1723 834 1777 sactus,
860 1724 967 1784 quid
985 1724 1046 1768 iili
1069 1724 1225 1768 dedit?
1249 1742 1269 1766 «
1291 1727 1344 1769 Et
1362 1740 1444 1784 po-

0 1823 1 1839 ;
60 1812 80 1835 ))
117 1803 313 1838 testatem
337 1793 457 1838 dedit
485 1795 522 1837 ei
547 1794 759 1853 judicium
793 1795 948 1849 facere,
973 1797 1180 1855 quoniam
1216 1795 1330 1840 filius
1364 1797 1445 1840 ho-

61 1882 82 1906 s>
117 1866 242 1908 minis
274 1867 380 1909 estss.
408 1884 427 1906 »
457 1864 705 1910 Secundum
733 1867 854 1926 quod
886 1866 1020 1912 Filius
1048 1869 1123 1911 Dei
1155 1877 1240 1923 est,
1270 1887 1287 1907 «
1326 1869 1445 1913 Sicut

0 1948 4 1988 ᾗ
58 1935 190 1979 habet
209 1939 336 1979 Pater
355 1936 487 1980 vitam
511 1937 554 1980 in
579 1938 829 1997 semetipso,
860 1938 919 1983 sie
952 1948 995 1983 et
1027 1939 1146 1983 dedit
1171 1939 1280 1983 Filio
1310 1940 1443 1983 vitam

61 2023 80 2047 »
116 2006 277 2050 habere
306 2006 351 2049 in
380 2007 609 2066 semetipso
635 2027 644 2052 2
685 2026 705 2048 »
732 2008 974 2053 secundum
1003 2019 1148 2053 autem
1179 2009 1298 2070 quod
1330 2009 1445 2055 filius

3 2132 5 2141 x
57 2076 245 2120 hominis
273 2085 352 2120 est.
383 2095 403 2118 «
434 2087 692 2135 potestatem
719 2078 840 2123 dedit
861 2080 899 2123 ei
928 2081 1143 2140 judicium
1176 2080 1379 2125 faciendi.
1421 2101 1438 2122 »

0 2151 5 2191 ,ἷ
60 2149 154 2191 Hoc
176 2156 239 2190 est
260 2147 377 2206 quod
396 2147 596 2192 hesterno
611 2148 682 2193 die
696 2149 875 2208 exposui
888 2152 1097 2195 Charitati
1115 2154 1278 2195 Vestrae
1292 2152 1324 2206 4,
1343 2152 1442 2211 quia

0 2208 7 2262 i
60 2215 287 2276 injudicio
326 2218 457 2261 homo
492 2218 737 2273 videbitur,
763 2223 876 2264 Deus
899 2231 1042 2265 autem
1072 2237 1160 2265 non
1182 2222 1404 2266 videbitur
1429 2238 1439 2264 t

0 2302 7 2348 ¹1
59 2287 133 2331 sed
163 2295 259 2346 post
278 2287 492 2346 judicium
523 2288 742 2332 videbitur
766 2293 878 2334 Deus
908 2291 963 2334 ab
989 2292 1051 2335 his
1084 2292 1161 2351 qui
1189 2292 1370 2336 vicerint
1398 2293 1443 2335 in

0 2350 7 2415 i
54 2356 247 2416 judicio3
272 2357 326 2400 ab
351 2357 493 2415 impiis
519 2367 662 2401 autem
695 2374 783 2402 non
809 2360 1030 2404 videbitur
1054 2365 1179 2404 Deus.
1209 2362 1314 2414 Quia
1340 2376 1443 2419 ergo

0 2427 8 2492 ‚¹³
60 2428 192 2471 homo
208 2427 426 2471 videbitur
445 2428 490 2472 in
510 2429 676 2487 judicio
700 2428 836 2474 forma
856 2430 946 2486 ina,
971 2447 1057 2492 qua
1076 2432 1135 2477 sic
1163 2433 1308 2476 veniet
1333 2433 1444 2476 sicut

0 2565 2 2568 v
106 2528 115 2545 ¹
133 2524 223 2553 Joan.
245 2533 275 2561 v,
291 2522 344 2555 ¹26.
368 2541 408 2547 —
435 2532 446 2547 ²
466 2527 537 2567 Sap,
562 2538 615 2565 vn,
641 2525 695 2557 26.
723 2543 758 2549 —-
779 2525 791 2548 3
810 2529 904 2559 Joan.
925 2538 955 2567 v,
975 2537 1026 2569 27.
1053 2546 1094 2551 -—
1114 2527 1128 2558 4
1148 2529 1224 2560 vide
1243 2528 1437 2569 <uper-iorem

0 2578 4 2629 ζ
62 2579 255 2612 Tractatum.
