1809 3173
373 158 457 197 494
808 168 842 197 s.
877 167 1105 199 Auens-nm
1138 172 1317 200 EPISCOPI

375 251 396 274 »
430 233 645 289 mundum
665 233 786 289 veni,
812 243 863 279 ut
883 236 958 295 qui
990 252 1078 280 non
1100 237 1274 294 vident,
1297 237 1503 293 videant,
1528 247 1571 282 et
1589 240 1664 298 qui
1682 240 1747 283 vi-

375 321 395 344 »
425 304 546 359 dent,
585 304 688 348 caeci
714 305 834 348 fiant.
875 325 891 347 »
930 306 1042 359 Quid
1074 315 1137 349 est
1170 307 1279 362 hoc,
1315 308 1524 351 Domine?
1546 310 1749 367 Magnam

368 376 652 435 quaestionem
675 373 792 419 fessis
826 376 1040 421 intulisti:
1077 377 1152 419 sed
1184 379 1299 435 erige
1335 379 1443 423 vires
1475 387 1663 433 nostras,
1698 387 1748 423 ut

366 446 576 505 possimus
616 445 854 504 intelligere
886 445 1005 505 quod
1037 445 1207 500 dixisti,
1245 448 1407 491 Venisti
1434 468 1451 489 «
1479 457 1528 492 ut
1549 449 1625 508 qui
1657 463 1748 492 non

371 534 391 558 »
425 516 576 560 vident
592 515 766 561 videant
786 535 794 560 :
819 533 838 556 »
855 525 988 570 recte,
1009 517 1111 575 quia
1131 516 1280 560 lumen
1296 532 1362 575 es3
1384 527 1513 573 recte,
1537 519 1639 578 quia
1660 517 1749 562 dies

367 601 437 645 es3
462 595 599 642 recte,
622 587 722 646 quia
745 586 799 629 de
820 586 1008 629 tenebris
1033 585 1189 630 liberas
1211 605 1219 631 :
1245 587 1327 630 hoc
1356 588 1496 631 omnis
1518 588 1661 632 anima
1683 603 1748 632 ac-

365 658 490 718 cipit,
509 658 646 702 omnis
662 656 881 715 intelligit.
899 655 1014 709 Quid
1029 666 1093 700 est
1110 658 1191 700 hoc
1206 657 1325 717 quod
1337 659 1547 718 sequitur,
1567 677 1585 699 ι(
1602 662 1659 702 Εῖ
1672 658 1749 718 qui

369 746 390 769 >›
411 728 576 776 vident,
602 728 704 770 caeci
726 727 863 770 fiant?
884 745 903 767 η
922 729 1096 785 Ergone
1117 728 1219 786 quia
1241 728 1409 782 venisti,
1425 728 1527 772 caeci
1545 729 1651 772 fient
1671 729 1748 788 qui

367 797 606 842 videbant?
626 797 742 841 Audi
760 795 867 856 quid
882 798 1102 856 sequitur,
1128 806 1170 840 et
1191 796 1379 841 fortassis
1400 798 1628 855 intelliges.

425 870 568 912 XVII.
595 867 813 913 Commoti
848 877 949 911 suut
985 883 1088 926 ergo
1122 867 1264 911 verbis
1295 868 1410 923 istis,
1449 887 1469 909 «ι
1499 868 1677 928 quidam
1698 883 1749 911 ex

367 956 389 980 >›
425 938 676 993 Pliarisaeis‚
718 947 761 981 et
782 938 987 982 dixerunt
1022 939 1083 993 ei,
1109 938 1331 998 Numquid
1359 948 1401 982 et
1433 954 1510 983 nos
1540 938 1643 982 eaeci
1672 953 1748 982 su-

367 1026 388 1050 »
425 1025 519 1053 mus
542 1011 588 1053 ¹?
614 1028 633 1050 »
660 1009 774 1053 Audi
802 1011 891 1068 jam
913 1009 1019 1069 quid
1052 1019 1114 1053 est
1147 1010 1267 1069 quod
1295 1010 1519 1064 movebat⁷
1550 1028 1570 1050 «
1596 1012 1652 1052 Et
1672 1009 1748 1069 qui

369 1098 388 1122 »
424 1081 602 1135 vident,
627 1081 729 1124 caeci
747 1081 868 1124 fiant.
896 1080 1007 1124 Dixit
1030 1081 1088 1124 eis
1104 1083 1253 1135 Jesus,
1281 1081 1323 1125 Si
1341 1081 1444 1125 caeci
1466 1080 1636 1135 essetis,
1658 1095 1748 1124 non

368 1170 388 1192 «
424 1152 638 1195 haberetis
657 1161 879 1210 peccatum
900 1154 932 1194 ²,
955 1172 971 1191 »
995 1154 1107 1195 Cum
1125 1152 1180 1194 sit
1199 1152 1367 1195 caecitas
1388 1152 1477 1210 ipsa
1500 1160 1743 1210 peccatuma

368 1242 387 1263 «
425 1223 465 1267 Si
489 1223 590 1266 coeci
619 1223 790 1276 essetis,
819 1241 837 1263 »
865 1223 908 1265 id
926 1231 1016 1276 est,
1042 1223 1075 1265 si
1105 1238 1179 1265 vos
1202 1238 1337 1266 coecos
1374 1222 1680 1276 adverteretis,
1713 1221 1747 1264 si

362 1309 438 1337 vos
460 1308 596 1336 caecos
616 1293 832 1346 diceretis,
852 1302 894 1335 et
911 1295 967 1335 ad
989 1292 1207 1336 medicum
1229 1293 1473 1347 curreretis,
1493 1309 1512 1334 «
1539 1293 1572 1336 si
1598 1310 1616 1333 »
1644 1306 1745 1349 ergo

294 1392 301 1397 -
361 1363 420 1407 ita
442 1382 461 1404 «
479 1364 579 1407 caeci
595 1363 753 1417 essetis,
769 1377 858 1406 non
874 1363 1088 1406 haberetis
1106 1360 1332 1422 peccatuni
1353 1383 1361 1408 ε
1382 1382 1401 1404 »
1419 1364 1521 1423 quia
1542 1363 1642 1407 veni
1660 1377 1742 1420 ego

361 1435 531 1478 auferre
541 1443 779 1493 peccatum.
793 1453 811 1499 (f
826 1436 950 1478 Nunc
963 1449 1064 1477 vero
1077 1433 1232 1489 dicitis,
1247 1435 1349 1493 quia
1368 1435 1585 1478 videmus:
1599 1447 1742 1492 pecca·

363 1523 384 1546 »
402 1513 495 1548 tum
513 1514 704 1548 vestrum
721 1512 881 1546 manet.
900 1522 920 1544 »
933 1505 1103 1556 Quare?
1121 1504 1227 1556 Quia
1242 1503 1449 1558 dicendo,
1460 1504 1738 1558 «Videmus‚»

361 1574 683 1619 medicum'non
704 1574 920 1634 quaeritis,
948 1575 991 1617 in
1008 1575 1203 1618 eaeeitate
1223 1583 1362 1618 vestra
1384 1575 1629 1618 remanetis.
1649 1577 1741 1618 Hoc

360 1657 421 1691 est
447 1662 548 1704 ergo
587 1646 707 1706 quod
730 1646 860 1705 paulo
889 1655 988 1689 ante
1010 1661 1097 1689 non
1131 1645 1478 1689 intellexeramus
1511 1646 1629 1706 quod
1652 1646 1736 1700 ait,

363 1736 383 1760 «
403 1721 495 1775 Ego
518 1717 616 1762 veni
640 1727 688 1760 ut
709 1716 785 1776 qui
804 1731 892 1759 non
914 1716 1065 1759 vident
1085 1715 1261 1759 videant
1289 1735 1296 1759 :
1320 1735 1337 1756 »
1357 1715 1464 1775 quid
1485 1726 1572 1770 est,
1595 1724 1644 1759 ut
1664 1716 1740 1776 qui

361 1807 381 1830 «
416 1804 504 1831 non
531 1787 682 1831 vident
708 1785 917 1830 videant?
943 1804 961 1826 »
984 1786 1068 1838 Qui
1090 1800 1134 1829 se
1157 1801 1244 1828 non
1266 1785 1414 1829 videre
1445 1787 1708 1829 confitentur
1723 1820 1734 1841 ‚

356 1867 399 1902 et
416 1859 634 1901 medicum
667 1865 873 1916 quaerunt
891 1890 902 1909 ‚
927 1865 976 1899 ut
999 1857 1189 1900 videant.
1220 1876 1240 1898 «
1261 1860 1316 1900 Et
1340 1857 1414 1916 qui
1435 1857 1584 1900 vident
1599 1889 1611 1912 ‚
1635 1856 1738 1901 caeei

360 1946 380 1970 »
415 1928 523 1971 fiant
545 1946 554 1971 :
577 1945 595 1967 υ
621 1927 727 1985 quid
744 1934 822 1979 est,
846 1925 952 1984 «qui
973 1924 1143 1977 vident,
1169 1926 1271 1968 caeci
1293 1926 1398 1969 fiant
1414 1929 1431 1967 i?
1449 1945 1468 1980 p
1488 1927 1571 1979 Qui
1593 1941 1636 1970 se
1660 1942 1738 1984 pu·-

357 2008 451 2042 tant
473 1996 642 2051 videre,
667 2006 710 2039 et
726 1995 943 2039 medicum
977 2011 1065 2038 non
1099 2006 1329 2054 quaerunt,
1361 1998 1405 2039 in
1438 2013 1513 2040 sna
1544 1998 1739 2041 caecitate

356 2078 653 2129 permaneant.
675 2070 790 2125 Ergo
811 2067 936 2110 istam
968 2066 1269 2110 discretionem
1294 2069 1463 2112 vocavit
1495 2068 1737 2128 judicium,

358 2156 459 2185 cum
483 2141 566 2193 ait,
594 2158 613 2180 «
638 2141 689 2182 In
716 2137 931 2198 judicium
966 2137 1064 2180 veni
1096 2137 1141 2179 in
1174 2138 1291 2182 hunc
1321 2138 1562 2193 mundum,
1601 2157 1620 2179 »
1647 2152 1736 2198 quo

357 2212 560 2255 disceruit
583 2224 753 2252 eausam
771 2207 1039 2252 credentium
1064 2222 1087 2250 a
1110 2207 1325 2266 superbis,
1348 2223 1392 2251 se
1415 2207 1561 2251 videre
1575 2213 1738 2267 putari-⁴

357 2283 488 2336 tibus,
508 2281 660 2324 etideo
682 2279 849 2338 gravius
863 2278 1083 2322 excaecatis
1104 2299 1114 2334 3
1134 2288 1338 2338 tanquam
1356 2278 1509 2322 dixerit
1528 2280 1566 2322 ei
1588 2295 1734 2338 peeca-

357 2362 425 2397 tor
449 2352 658 2396 confitens
677 2359 719 2392 et
738 2347 953 2392 medicum
977 2363 1190 2407 quaerens,
1211 2367 1230 2389 «
1253 2348 1407 2392 Judica
1433 2363 1501 2391 me
1523 2352 1637 2392 Deus
1654 2383 1665 2402 ‚
1691 2359 1734 2393 θῖ

359 2441 379 2465 »
415 2423 609 2468 discerne
640 2435 813 2464 causam
840 2434 981 2463 meam
1004 2418 1057 2462 de
1087 2429 1214 2476 gente
1244 2435 1335 2463 non
1354 2420 1526 2463 sancta³
1554 2438 1562 2464 z
1591 2437 1610 2460 »
1633 2418 1734 2464 illo-

408 2512 584 2548 ¹Joan.1x‚
603 2506 657 2548 4ο.
679 2522 719 2529 -=
735 2504 845 2537 ²1bidf
866 2503 923 2546 41.
939 2519 981 2526 —-
1001 2502 1015 2526 3
1034 2502 1114 2534 Psal.
1130 2512 1205 2543 nu,
1228 2514 1256 2535 1.
