1825 3214
244 246 288 272 IN
321 244 493 272 JoANle
528 243 808 273 szNGELiUM
832 264 843 282 ,
878 244 1023 273 ἰἰιΑεΤ.
1062 248 1220 274 xxxin.
1345 235 1428 273 373

46 310 241 370 promisit
263 319 456 354 correcto
479 309 812 368 indulgentiam,
844 325 931 354 non
956 312 1061 354 mihi
1086 311 1189 370 legis
1206 313 1306 372 quia
1330 327 1429 372 pro-·

44 381 158 424 misit
183 380 258 424 tibi
287 384 397 424 Deus
419 379 593 438 longam
610 381 758 424 vitam.

104 453 224 494 Vlll.
255 453 313 494 Ex
347 459 532 510 utroque
556 451 687 509 igitur
708 450 904 494 homines
926 449 1250 508 periclitantur,
1274 462 1316 496 et
1334 469 1431 512 spe-

44 520 180 565 rando
209 530 252 564 ct
281 521 576 580 desperando,
609 521 833 565 contrariis
865 522 1017 576 rebus,
1048 523 1273 566 contrariis
1303 525 1436 569 ass'ec-

43 591 248 635 tionibus.
286 592 508 649 Sperando
546 591 782 650 decipitur,
810 591 886 650 qui
914 590 1156 650 decipitur,
1188 593 1261 652 qui
1286 593 1391 638 dicit
1420 614 1429 639 :

41 665 188 706 Bonus
220 671 283 707 est
306 669 436 717 Deus,
467 663 705 707 misericors
735 671 799 706 est
830 666 968 718 Deus,
1000 662 1153 707 faciam
1175 663 1293 723 quod
1328 666 1432 709 mihi

39 733 208 793 placet,
239 734 357 793 quod
388 734 517 788 libet,
550 733 689 777 laxem
718 733 912 777 habenas
942 734 1256 792 cupiditatibus
1294 736 1427 789 meis,

39 803 243 863 impleam
265 804 475 848 desideria
505 804 663 847 animae
686 819 808 847 mcae.
830 806 974 858 Quare
1001 805 1110 848 hoc?
1138 805 1240 865 quia
1264 806 1431 849 miseri-

39 891 134 920 cors
157 885 220 920 est
245 879 375 929 Deus,
402 875 543 919 bonus
565 885 628 919 est
663 879 796 929 Deus,
824 885 1075 920 mansuetus
1103 886 1166 920 est
1191 880 1316 921 Deus.
1347 880 1431 937 Spe

39 946 105 990 isti
130 945 444 1005 periclitantur.
473 947 778 1004 Desperatione
793 957 962 1002 autem,
983 947 1175 1006 quicum
1201 948 1431 992 inciderint

38 1018 83 1060 in
118 1017 259 1074 gravia
297 1026 494 1075 peccata,
528 1025 731 1076 putantes
763 1017 843 1060 sibi
878 1033 967 1061 non
996 1033 1120 1077 posse
1148 1020 1239 1079 jam
1268 1019 1431 1077 ignosci

38 1087 380 1147 poenitentibus,
407 1096 450 1130 et
471 1096 708 1132 statuentes
730 1102 774 1131 se
799 1088 854 1132 ad
887 1088 1209 1133 damnationem
1234 1091 1324 1133 sine
1349 1090 1431 1134 du—

38 1157 111 1201 bio
125 1156 375 1211 destinatos,
387 1156 541 1201 dicunt
553 1157 669 1216 apud
686 1173 730 1202 se
743 1159 855 1216 ipsos
873 1159 988 1218 :jam
1007 1158 1246 1204 damnandi
1261 1175 1427 1216 sumus,

38 1243 174 1288 quare
202 1243 290 1271 non
320 1226 441 1287 quod
470 1226 672 1272 volumus
707 1229 921 1272 facimus?
959 1229 1102 1273 animo
1140 1229 1427 1288 gladiatorum

37 1299 154 1343 ferro
172 1299 501 1343 destinatorum.
524 1298 627 1343 ldco
646 1298 815 1343 molesti
830 1308 931 1343 sunt
949 1299 1160 1358 desperati
1180 1301 1290 1360 :jam
1313 1302 1428 1345 enirn

38 1369 159 1430 quod
182 1371 364 1414 timeant
392 1386 481 1414 non
511 1370 702 1425 habent,
728 1379 772 1413 et
796 1370 1079 1414 vehementer
1102 1371 1285 1415 timendi
1309 1382 1425 1416 sunt.

39 1444 147 1486 lstos
169 1441 412 1500 desperatio
438 1450 584 1495 necat,
609 1456 704 1500 spes
726 1440 839 1485 illos.
868 1444 987 1484 Inter
1012 1456 1131 1499 spem
1154 1451 1197 1486 et
1225 1442 1429 1501 despera-

38 1513 202 1557 tionem
235 1513 419 1556 ssuctuat
457 1513 640 1555 animus.
681 1511 969 1556 Metuendum
999 1522 1062 1556 est
1099 1527 1153 1555 ne
1188 1522 1229 1556 te
1261 1514 1429 1558 occidat

37 1599 154 1643 spes,
186 1592 229 1627 et
252 1598 352 1628 cum
380 1583 569 1627 multum
600 1598 742 1642 speras
774 1582 830 1626 de
854 1582 1168 1638 misericordia,
1194 1584 1356 1628 incidas
1382 1586 1427 1628 in

32 1654 247 1715 judicium
269 1674 277 1698 :
304 1655 589 1698 metuendum
610 1664 673 1698 est
689 1669 834 1698 rursus
851 1669 906 1698 ne
921 1663 962 1698 te
980 1655 1149 1699 occidat
1161 1654 1403 1715 desperatio
1415 1692 1426 1711 ,

38 1734 82 1769 et
102 1740 201 1769 cum
225 1733 349 1784 putas
365 1726 454 1784 jam
477 1725 556 1767 tibi
579 1740 666 1768 non
689 1724 853 1782 ignosci
873 1741 972 1784 quae
993 1726 1135 1782 gravia
1159 1727 1424 1782 commisisti,

38 1811 128 1840 non
143 1811 242 1854 agas
256 1794 578 1854 poenitentiam,
600 1803 643 1838 et
660 1795 853 1839 incurras
875 1796 920 1838 in
937 1795 1130 1855 judicem
1154 1797 1425 1856 sapientiam,

38 1882 138 1926 quae
174 1865 280 1909 dicit
313 1884 321 1910 :
354 1884 374 1907 «
405 1867 462 1909 Et
483 1880 564 1924 ego
588 1874 742 1909 vestrae
771 1864 1005 1924 perditioni
1032 1866 1314 1926 superridebo
1340 1870 1369 1911 ¹.
1405 1886 1425 1908 »

39 1936 156 1991 Quid
202 1952 305 1995 ergo
343 1937 429 1994 agit
465 1936 676 1980 Dominus
717 1951 817 1981 cum
859 1932 1206 1996 periclitantibus
1243 1948 1430 1998 utroque

38 2007 219 2051 morbo?
245 2006 332 2051 lllis
359 2007 436 2066 qui
464 2021 538 2066 spe
560 2005 876 2065 periclitantur,
903 2008 986 2051 hoc
1004 2007 1123 2052 dicit.
1157 2027 1176 2050 «
1204 2012 1266 2053 Ne
1288 2008 1430 2053 tardes

41 2097 62 2120 »
99 2078 292 2122 converti
316 2077 370 2121 ad
402 2077 658 2131 Dominum,
683 2075 826 2137 neque
848 2076 1024 2122 differas
1048 2078 1101 2122 de
1123 2078 1193 2123 die
1217 2079 1262 2123 in
1284 2080 1426 2134 diem,

43 2167 63 2190 »
99 2148 243 2192 subito
266 2148 379 2191 enim
412 2147 559 2191 veniet
589 2147 649 2190 ira
682 2147 820 2202 illius,
849 2157 892 2192 et
921 2149 967 2192 in
997 2158 1193 2209 tempore
1225 2150 1429 2193 vindictae

43 2237 65 2260 »
100 2217 322 2277 disperdet
348 2227 391 2262 te
422 2221 454 2261 ².
494 2236 513 2258 »
547 2217 636 2261 Illis
665 2219 740 2278 qui
774 2219 1073 2279 desperatione
1102 2220 1428 2280 periclitantur,

41 2290 147 2350 quid
165 2288 297 2333 dicit?
322 2308 342 2331 «
364 2291 415 2332 In
437 2303 715 2348 quacumque
737 2289 808 2333 die
829 2290 1004 2350 iniquus
1026 2306 1258 2336 conversus
1278 2291 1426 2345 fuerit,

45 2378 66 2401 »
101 2375 250 2403 omnes
270 2359 520 2419 iniquitates
543 2360 634 2418 ejus
657 2359 933 2404 obliviscar-³.
961 2380 981 2402 »
1010 2365 1189 2421 Propter
1209 2361 1305 2407 illos
1326 2376 1431 2420 ergo

43 2432 119 2491 qui
161 2430 461 2489 desperatione
509 2431 812 2489 periclitantur
830 2466 841 2486 ,
883 2433 1109 2492 proposuit
1143 2433 1430 2491 indulgentiae

43 2510 224 2561 portum
252 2520 260 2546 :
289 2509 466 2560 propter
488 2500 585 2546 illos
607 2503 682 2561 qui
711 2517 786 2561 spe
808 2502 1108 2561 periclitantur
1135 2513 1177 2547 et
1207 2503 1431 2547 dilationi-

95 2593 102 2608 ¹
128 2589 220 2618 Prov.
247 2597 271 2624 i,
286 2587 340 2619 26.
364 2603 404 2609 —-
422 2593 435 2609 ²
453 2586 551 2618 Eccli.
571 2598 604 2626 v,
618 2589 649 2620 8.
676 2604 716 2609 —
736 2585 749 2609 3
769 2587 881 2620 Ezech.
905 2598 997 2628 xvm,
1017 2596 1071 2628 27.
