1825 3214
313 176 354 201 nv
388 173 561 203 JOANMs
593 175 872 203 EVANGELIUM
893 194 903 213 ‚
938 174 1083 204 TnAc’r.
1120 177 1224 204 xxu.
1368 166 1452 204 239

73 239 142 298 pla
166 238 220 283 ad
243 254 307 283 res
323 239 504 284 divinas.
528 242 669 285 Homo
691 241 766 300 qui
789 241 936 295 mittit,
963 251 1107 286 manet
1127 243 1231 302 ipse,
1252 251 1296 286 et
1313 243 1454 302 pergit

72 307 144 352 ille
171 309 247 368 qui
277 310 463 354 mittitur
501 329 510 355 ς
544 311 762 370 numquid
790 311 929 370 pergit
958 311 1088 355 bomo
1121 328 1219 356 cum
1243 328 1294 358 eo
1322 328 1453 372 quem

70 379 228 424 mittit?
253 384 377 425 Pater
400 390 548 426 autem
568 382 644 442 qui
662 383 775 426 misit
793 381 965 436 Filium,
988 397 1077 426 non
1101 385 1272 427 recessit
1293 400 1315 427 a
1333 383 1452 439 Filio,

71 453 219 511 Ipsum
244 452 478 497 Dominum
501 452 603 497 audi
625 452 843 498 dicentem
871 471 880 498 z
910 471 932 495 «
957 455 1069 497 Ecce
1087 453 1231 497 veniet
1253 455 1378 509 hora,
1407 464 1457 500 ut

71 538 92 563 »
128 523 427 583 unusquisque
448 523 709 568 discedatad
729 540 807 569 sua
824 558 835 578 ‚
855 531 899 567 et
917 538 987 568 me
1008 523 1150 568 solum
1168 523 1421 585 relinquatis
1442 545 1453 583 3

74 611 95 635 »
128 594 206 639 sed
226 610 316 640 non
345 595 462 640 solus
490 611 615 652 sum,
643 596 744 656 quia
776 599 902 640 Pater
933 610 1105 640 mecum
1131 603 1196 640 est
1226 599 1255 640 ¹.
1283 614 1304 638 »
1336 599 1458 649 Quo-

71 664 203 710 modo
230 681 331 710 eum
365 667 480 711 misit
501 683 601 712 cum
621 683 710 727 quo
738 667 888 712 venit?
921 666 1144 728 quomodo
1167 682 1269 711 eum
1297 668 1413 712 misit
1435 683 1458 712 a

71 751 160 795 quo
178 752 267 781 non
280 739 480 782 recessit?
497 737 595 782 Alio
611 737 708 784 loco
722 737 830 783 dixit
857 757 865 784 :
891 757 912 781 «
931 741 1056 783 Pater
1071 747 1218 783 autem
1232 739 1278 783 in
1291 754 1359 784 me
1372 753 1461 784 ma-

74 824 95 847 »
129 822 237 852 nens
259 807 363 854 facit
383 825 512 869 opera
529 825 605 854 sua
621 811 653 854 ².
680 827 700 851 »
718 812 831 855 Ecce
853 810 898 853 in
919 809 996 854 illo
1014 819 1093 864 est,
1113 825 1214 855 ecce
1236 818 1455 870 operatur.

71 879 169 923 Non
189 881 360 926 recessit
376 896 400 925 a
416 880 545 926 misso
563 881 754 938 mittens,
778 881 881 942 quia
898 881 1049 926 missus
1068 890 1112 926 et
1126 882 1302 929 mittens
1319 897 1459 927 unum

71 959 188 995 sunt.

72 1118 112 1134 Μ

823 1120 1460 1139 mmmmm

461 1249 867 1297 TRACTATUS
901 1252 1074 1298 XXII-⁹0.

69 1421 138 1466 Ab
161 1436 212 1466 eo
233 1421 354 1482 quod
368 1422 576 1483 scriptum
594 1433 673 1479 est,
698 1425 875 1481 Amen,
893 1441 1037 1470 amen
1049 1422 1156 1470 dico
1180 1422 1325 1480 vobis,
1344 1425 1461 1485 quia

130 1493 214 1551 qui
233 1491 424 1538 verbam
445 1510 603 1539 meum
626 1493 789 1553 audit,
816 1505 861 1540 et
883 1494 1034 1540 credit
1056 1497 1102 1540 ei
1117 1495 1203 1555 qui
1219 1495 1456 1552 mz'sitrme,

130 1561 278 1608 habet
314 1563 460 1609 vitam
491 1575 725 1610 (eternam
761 1583 772 1610 .·
816 1582 955 1627 usque
990 1566 1045 1611 ad
1078 1566 1139 1622 id,
1184 1564 1333 1630 Quod
1364 1582 1461 1612 non

129 1649 292 1691 quoero
313 1632 602 1680 voluntatem
628 1652 811 1693 meam,
833 1635 922 1682 sed
940 1635 1237 1683 volantatem
1258 1637 1360 1698 ejus
1379 1637 1464 1696 qai

130 1719 205 1750 me
219 1713 360 1750 mzszt.

133 1865 167 1906 Ι.
202 1865 574 1909 Numvsrmvrmm
603 1873 647 1909 et
679 1865 870 1909 hesterni
903 1864 989 1910 diei
1023 1881 1241 1911 sermones
1269 1867 1462 1913 redditos

69 1933 194 1978 vobis
209 1934 405 1994 sequitur
428 1934 637 1979 hodierna
658 1935 905 1995 evangelica
921 1935 1067 1994 lectio,
1093 1954 1225 1999 quam
1241 1954 1292 1983 ex
1307 1938 1461 1983 ordine

71 2015 400 2065 pertractemus,
420 2022 509 2051 non
527 2021 606 2066 pro
626 2008 716 2068 ejus
737 2008 966 2068 dignitate,
987 2009 1062 2054 sed
1086 2025 1164 2069 pro
1179 2011 1344 2054 viribus
1361 2026 1464 2055 nos-

73 2076 148 2120 tris
173 2095 182 2121 :
207 2076 310 2137 quia
329 2085 372 2120 et
392 2092 468 2121 vos
490 2092 579 2121 non
609 2093 687 2137 pro
710 2078 966 2124 inundantis
987 2079 1121 2125 fontis
1143 2080 1363 2140 largitate,
1387 2080 1464 2125 sed

72 2161 151 2206 pro
167 2157 311 2192 vestro
335 2147 515 2192 modulo
537 2149 704 2208 capitis.
727 2152 783 2194 Et
801 2166 879 2195 nos
903 2167 995 2196 non
1018 2161 1189 2197 tantum
1209 2152 1394 2198 dicimus
1417 2152 1463 2197 in

73 2233 197 2262 aures
219 2227 395 2274 vestras,
415 2229 631 2279 quantum
647 2221 738 2280 ipse
755 2221 852 2266 fons
871 2232 1019 2267 manat
1036 2244 1047 2281 3
1069 2222 1143 2267 sed
1165 2233 1381 2284 quantum
1398 2239 1464 2268 ca-

72 2305 174 2349 pere
195 2305 445 2350 possumus‚
461 2292 581 2352 quod
601 2293 645 2336 in
662 2301 825 2338 vestros
841 2309 990 2340 sensus
1014 2295 1281 2356 trajiciamus
1297 2330 1309 2351 ‚
1330 2296 1464 2340 abun-

72 2360 247 2405 dantius
273 2371 479 2421 operante
502 2363 594 2422 ipso
616 2363 662 2407 in
689 2363 894 2409 cordibus
917 2366 1090 2422 vestris,
1116 2382 1247 2427 quam
1270 2366 1396 2411 nobis
1417 2366 1464 2409 in

122 2463 133 2481 ¹
155 2458 247 2492 Joan.
267 2469 345 2501 xv1,
362 2459 417 2493 32.
442 2474 486 2485 —-
511 2466 524 2484 ²
542 2461 591 2494 Id.
617 2471 683 2504 xiv,
713 2471 763 2494 ιο.
785 2474 826 2486 -·
845 2459 859 2487 3
878 2461 1020 2497 Habitus
1038 2463 1092 2497 die
1110 2463 1258 2507 proximo
1276 2467 1348 2507 post
1364 2471 1463 2505 supe—

73 2514 189 2549 riorem
205 2517 401 2551 Tractatum.
