1809 3173
365 180 448 216 272
803 186 835 215 s.
874 186 1101 216 Aucusmm
1136 189 1314 216 Episcopi

357 258 447 316 jam
473 270 522 298 cx
550 256 687 299 forma
718 255 841 310 servi,
868 271 955 300 non
981 271 1030 299 ex
1057 255 1192 300 forma
1216 257 1308 311 Dei,
1339 274 1358 297 «
1388 255 1507 300 Sicut
1526 255 1656 299 audio
1673 257 1746 316 ju-

366 345 385 367 »
423 325 519 370 dico
536 361 547 381 ‚
573 335 615 370 ct
637 325 853 387 judicium
878 342 1021 370 meum
1045 328 1211 386 justum
1235 334 1313 370 cst.
1342 344 1361 367 »
1393 324 1515 370 Unde
1546 335 1609 370 cst
1625 326 1745 386 judi-

363 397 476 441 cium
494 398 663 458 justum
677 398 894 443 hominis?
911 402 1080 442 Fratres
1102 398 1203 453 mei,
1219 397 1430 442 attendite
1450 416 1457 441 :
1489 415 1508 438 «
1529 398 1638 449 Quia
1658 413 1747 442 non

365 486 385 510 η
420 484 570 529 quaero
592 468 863 515 voluntatem
880 484 1037 524 meam,
1063 467 1138 513 sed
1162 468 1432 513 voluntatem
1455 469 1546 527 ejus
1564 468 1641 528 qui
1662 468 1747 512 mi-

364 556 385 583 »
420 549 474 585 sit
493 556 577 585 me.

729 851 1136 898 TRACTATUS
1175 853 1329 899 XXIV
1345 858 1375 898 ¹.

367 1013 437 1058 Ab
462 1028 513 1058 eo
535 1014 654 1074 quod
675 1014 883 1073 scriptum
918 1023 1003 1070 est,
1028 1014 1149 1059 Post
1171 1013 1272 1058 lzoec
1304 1013 1424 1058 abiit
1451 1013 1592 1058 Jesus
1617 1022 1751 1058 trans

423 1100 560 1128 mare
588 1083 831 1140 Galilaeae,
858 1083 989 1143 quod
1012 1094 1081 1129 est
1110 1084 1385 1130 Tiberiadis
1409 1102 1419 1129 :
1446 1101 1582 1145 usque
1604 1083 1747 1139 adid,

422 1155 477 1200 H
480 1157 523 1200 ic·
547 1165 617 1200 est
636 1172 745 1201 vere
763 1155 1006 1215 propheta
1023 1157 1109 1214 qm*
1128 1156 1255 1200 venit
1277 1157 1325 1200 in
1345 1154 1587 1201 mundum.

424 1306 459 1348 Ι.
486 1307 717 1349 MIRACULA
741 1320 840 1365 quae
864 1305 967 1349 fecit
990 1305 1198 1349 Dominus
1221 1313 1366 1350 noster
1389 1307 1512 1348 Jesus
1535 1302 1746 1358 Christus,

366 1386 467 1420 sunt
489 1376 667 1436 quidem
689 1375 836 1421 divina
867 1391 995 1435 opera
1009 1411 1019 1431 ,
1044 1385 1087 1420 et
1109 1376 1163 1420 ad
1187 1376 1518 1433 intelligendum
1537 1378 1674 1419 Deum
1698 1374 1752 1418 de

364 1446 605 1502 visibilibus
629 1446 868 1491 admonent
900 1447 1136 1490 humanam
1168 1456 1373 1490 mentem.
1398 1446 1505 1499 Quia
1534 1448 1650 1490 enim
1680 1444 1753 1488 ille

363 1534 454 1563 non
471 1529 535 1564 est
557 1518 651 1563 talis
669 1518 910 1563 substantia
933 1534 1032 1579 quae
1054 1519 1189 1563 videri
1218 1517 1353 1562 oculis
1383 1518 1536 1576 possit,
1557 1527 1600 1561 et
1623 1517 1753 1561 mira-

365 1589 464 1636 cula
486 1592 577 1651 ejus
597 1591 757 1651 quibus
777 1599 912 1634 totum
935 1589 1147 1633 mundum
1168 1589 1276 1647 regit
1294 1589 1624 1648 universamque
1640 1603 1755 1649 crea·

366 1671 510 1706 turam
528 1661 818 1717 administrat,
835 1659 1082 1705 assiduitate
1105 1660 1340 1714 viluerunt,
1359 1659 1416 1703 ita
1433 1668 1482 1704 ut
1496 1674 1606 1718 pene
1620 1673 1754 1702 nemo

365 1733 569 1790 dignetur
587 1733 810 1776 attendere
833 1747 963 1792 opera
981 1731 1058 1775 Dei
1075 1731 1181 1774 mira
1205 1740 1248 1774 et
1268 1731 1482 1790 stupenda
1499 1730 1543 1773 in
1557 1729 1754 1790 quolibet

366 1804 538 1848 seminis
556 1820 690 1863 grano
718 1803 996 1854 :secundum
1012 1803 1148 1862 ipsam
1171 1818 1291 1847 suam
1314 1801 1648 1846 misericordiam
1666 1816 1755 1845 scr-

364 1875 480 1919 vavit
497 1875 577 1918 sibi
597 1874 825 1935 quaedam,
848 1891 946 1935 quae
970 1873 1129 1918 faceret
1151 1883 1399 1933 opportuno
1421 1882 1618 1932 tempore
1637 1888 1753 1932 pree-

369 1956 433 1992 ter
455 1947 662 1991 usitatum
685 1962 861 1992 cursum
879 1945 1165 2006 ordinemque
1187 1953 1375 1999 naturae,
1394 1953 1444 1988 ut
1462 1959 1551 1987 non
1573 1944 1751 2002 majora,

368 2017 443 2062 sed
466 2017 636 2062 insolita
658 2017 848 2062 videndo
880 2024 1130 2077 stuperent,
1157 2015 1315 2075 quibus
1337 2013 1591 2075 quotidiana
1613 2012 1753 2058 vilue-

370 2098 482 2132 rant.
510 2090 649 2149 Majus
665 2089 780 2132 enim
800 2087 1060 2132 miraculum
1080 2096 1142 2130 est
1161 2086 1418 2144 gubernatio
1436 2085 1568 2129 totius
1583 2083 1751 2136 mundi,
1796 2119 1809 2124 ..

369 2175 503 2220 quam
531 2161 736 2204 saturatio
773 2160 969 2220 quinque
1001 2157 1185 2202 millium
1216 2157 1445 2202 hominum
1476 2155 1530 2200 de
1561 2156 1756 2216 quinque

371 2231 559 2291 panibus
599 2250 607 2275 ;
640 2240 683 2274 et
717 2242 862 2274 tamen
889 2231 981 2274 hacc
1011 2244 1139 2273 nemo
1162 2229 1344 2272 miratur
1375 2247 1384 2272 :
1410 2226 1519 2271 illud
1544 2227 1757 2270 mirantur

371 2302 570 2346 homines
604 2316 693 2345 non
711 2302 812 2361 quia
836 2302 976 2360 majus
1006 2308 1093 2352 est,
1119 2298 1194 2343 sed
1216 2299 1317 2359 quia
1347 2313 1489 2341 rarum
1513 2306 1576 2341 est
1598 2300 1629 2340 ².
1653 2297 1757 2349 Quis

372 2373 488 2416 enim
512 2381 554 2416 et
576 2387 693 2415 nunc
715 2371 849 2431 pascit
875 2372 1127 2415 universum
1148 2368 1379 2423 mundum,
1405 2369 1484 2411 nisi
1511 2367 1584 2411 ille
1605 2367 1681 2427 qui
1703 2368 1757 2410 de

373 2444 520 2504 paucis
542 2442 683 2501 granis
719 2451 882 2502 segetes
914 2443 1059 2486 creat?
1083 2441 1205 2484 Fecit
1236 2455 1338 2499 ergo
1372 2438 1594 2499 quomodo
1624 2441 1752 2483 Deus.

422 2549 430 2565 ¹
454 2542 587 2575 Habitus
604 2542 655 2574 die
672 2542 815 2584 proximo
835 2546 910 2574 ante
927 2543 1067 2573 Tractat.
1088 2540 1214 2582 subseq.
1234 2555 1276 2561 —
1292 2545 1305 2562 ²
1326 2540 1403 2570 Joan
1438 2549 1483 2577 w,
1504 2549 1552 2570 10.
