1825 3214
272 217 312 242 ιΝ
348 210 520 241 ,ιωυιηιε
556 209 860 243 κνΑΝοιηῐυΜ,
896 210 1042 238 vrum.
1080 211 1183 238 xxv.
1333 194 1416 236 279

33 282 229 342 quinque
244 280 429 339 panibus
443 278 559 336 pavit
580 279 724 330 lesus,
741 289 840 320 cum
865 275 1241 319 admiratmessent
1261 274 1417 328 turbae,

34 364 78 398 et
101 367 198 396 euni
224 364 429 409 magnum
458 349 717 408 l'rophetam
749 346 944 392 dicerent
969 348 1044 407 qui
1071 348 1188 390 venit
1217 348 1259 389 in
1290 362 1422 390 mun-

34 425 164 477 dum,
191 423 386 481 sequitur
411 421 491 465 boc
527 438 534 464 ε
571 438 591 461 «
616 422 739 463 lesus
773 432 874 476 ergo
899 432 998 462 eum
1029 415 1297 475 cognovisset
1321 417 1422 476 quia

37 513 57 536 n
93 493 325 538 venerant¹
359 500 408 535 ut
439 499 640 550 raperent
673 503 802 544 eum,
839 497 881 532 et
915 488 1107 532 facerent
1129 501 1228 529 eum
1255 500 1420 545 regem,

37 584 58 608 η
94 566 208 623 fugit
229 565 385 608 iterum
409 563 452 607 in
468 571 662 607 montem
673 562 763 621 ipse
781 560 896 606 solus
919 562 951 605 ².
981 578 1000 600 n
1025 563 1160 603 Datur
1177 572 1279 617 ergo
1299 558 1425 602 intel—

34 636 127 696 ligi,
152 636 270 697 quod
295 636 504 681 Dominus
527 649 627 679 cum
649 634 817 678 sederet
840 633 885 676 in
908 639 1056 676 monte
1078 643 1178 674 eum
1202 629 1426 688 discipulis

36 708 124 752 suis
141 741 152 763 ‚
188 717 230 752 et
261 707 427 751 videret
460 705 610 750 turbas
631 704 686 748 ad
719 719 763 748 se
797 704 1043 757 venientes,
1066 700 1349 746 descenderat
1372 699 1427 744 de

35 788 211 833 monte,
236 787 280 822 et
300 778 412 822 circa
444 777 646 821 interiora
669 774 762 819 loca
788 774 936 818 turbas
966 780 1158 833 paverat.
1183 774 1293 817 Nam
1315 785 1428 832 quo-

37 849 169 895 modo
197 849 287 893 lieri
317 857 486 908 potest,
512 857 561 891 ut
590 862 736 890 rursus
770 845 874 890 illuc
903 844 1096 904 sugeret,
1127 843 1205 887 nisi
1239 851 1338 887 ante
1372 841 1427 887 de

37 930 186 966 monte
198 919 504 965 descenderet?
524 918 746 976 Significat
759 932 860 975 ergo
878 916 1058 977 aliquid,
1080 914 1201 976 quod
1216 912 1427 960 Dominus

36 991 93 1037 de
114 991 199 1037 alta
216 988 440 1036 deseendit
463 989 517 1034 ad
537 990 774 1050 pascendas
797 989 961 1033 turbas.
988 987 1127 1043 Pavst,
1151 995 1194 1031 et
1215 985 1423 1031 ascendit.

99 1066 156 1108 ll.
190 1065 335 1116 Quare
357 1071 503 1106 autem
536 1060 746 1116 ascendit,
771 1074 872 1105 cum
896 1059 1164 1118 cognovisset
1185 1058 1307 1119 quod
1328 1070 1430 1102 eum

37 1133 201 1179 vellent
223 1148 372 1193 rapere
393 1141 434 1175 et
456 1146 601 1191 regem
617 1130 787 1176 facere?
805 1131 921 1184 Quid
943 1131 1088 1175 enim?
1108 1132 1205 1176 Non
1227 1137 1319 1174 erat
1336 1144 1426 1185 rex,

37 1207 114 1267 qui
132 1205 313 1250 timebat
333 1205 424 1248 fleri
445 1206 548 1248 rex?
570 1207 674 1248 Erat
701 1204 880 1249 omnino
902 1219 911 1244 z
945 1217 1025 1247 nec
1053 1201 1149 1246 talis
1171 1216 1243 1245 rex
1268 1201 1344 1262 qui
1372 1201 1429 1246 ab

39 1278 289 1323 hominibus
314 1277 461 1331 fieret,
488 1275 564 1320 sed
583 1275 679 1320 talis
700 1276 776 1336 qui
809 1274 1058 1319 hominibus
1082 1286 1263 1332 regnum
1286 1272 1424 1318 daret.

38 1348 263 1408 Numquid
286 1346 398 1392 forte
415 1356 459 1391 et
480 1347 550 1392 liic
572 1346 740 1407 aliquid
762 1347 976 1406 significat
997 1345 1122 1391 nobis
1141 1348 1280 1401 Jesus,
1307 1346 1429 1406 cujus

38 1420 153 1464 iacta
174 1419 307 1463 verba
338 1419 471 1462 sunt?
497 1420 612 1476 Ergo
640 1418 685 1461 in
717 1419 799 1462 hoc
827 1417 948 1478 quod
969 1417 1205 1463 voluerunt
1228 1432 1328 1461 eum
1358 1432 1430 1461 ra-

38 1505 142 1551 pere
169 1499 212 1534 et
245 1503 392 1549 regem
423 1488 564 1534 faeere
582 1524 592 1544 ‚
621 1497 663 1533 et
697 1498 875 1548 propter
902 1490 986 1533 hoc
1021 1487 1134 1547 fugit
1166 1488 1210 1532 in
1233 1497 1429 1532 montem

38 1562 130 1621 ipse
151 1560 282 1616 solus,
308 1562 391 1604 hoc
419 1560 462 1604 in
487 1558 562 1604 illo
588 1559 755 1604 factum
777 1569 911 1614 tacet,
943 1559 1050 1604 nihil
1071 1559 1268 1619 loquitur
1285 1593 1296 1615 ,
1319 1558 1430 1603 nihil

40 1633 281 1692 significat?
298 1635 367 1676 An
391 1630 504 1676 forte
521 1632 616 1676 hoo
628 1640 720 1675 erat
741 1645 892 1690 rapere
915 1646 1033 1686 eum,
1054 1630 1296 1690 praevenire
1317 1630 1429 1675 velle

42 1714 211 1764 tempus
254 1704 372 1762 regni
409 1704 529 1762 ejus?
567 1703 742 1746 Etenim
789 1712 967 1747 venerat
1010 1703 1142 1747 modo
1157 1737 1167 1757 ‚
1209 1717 1299 1746 non
1337 1702 1429 1762 jam

40 1790 244 1834 regnare,
270 1773 495 1834 quomodo
525 1782 780 1831 regnaturus
807 1782 871 1818 est
894 1774 940 1817 in
967 1789 1019 1818 eo
1053 1772 1174 1834 quod
1206 1771 1391 1817 dicimus
1416 1788 1427 1814 ι

45 1864 67 1889 «
101 1844 316 1890 Adveniat
338 1858 523 1902 regnum
554 1853 677 1888 tuum
705 1845 738 1887 ³.
782 1861 801 1884 »
836 1845 1014 1903 Semper
1034 1843 1213 1904 quidem
1236 1842 1308 1887 ille
1329 1857 1431 1887 cum

44 1921 170 1962 Patre
192 1925 343 1974 regnat
360 1914 603 1960 secundum
625 1915 748 1976 quod
759 1923 823 1960 est
837 1915 972 1960 Filius
995 1916 1089 1970 Dei,
1115 1915 1312 1960 Verbum
1334 1915 1428 1971 Dei,

44 1988 240 2033 Verbum
261 2002 339 2047 per
365 1986 487 2048 quod
500 1986 615 2031 facta
637 1996 739 2031 sunt
764 1987 926 2031 omnia.
957 1986 1259 2031 Praedixerunt
1285 1995 1432 2031 autem

46 2059 277 2119 Prophetae
293 2072 476 2118 regnum
501 2059 614 2118 ejus,
651 2058 783 2101 etiam
815 2058 1057 2102 secundum
1089 2057 1135 2102 id
1161 2057 1282 2118 quod
1303 2059 1436 2103 homo

46 2130 189 2175 factus
229 2138 293 2173 est
327 2129 524 2174 Christus
539 2163 550 2183 ,
595 2136 639 2172 et
681 2128 785 2173 {ecit
819 2129 971 2175 fideles
1005 2143 1104 2174 suos
1147 2130 1430 2176 Christianos.

46 2202 141 2246 Erit
164 2215 266 2260 ergo
295 2213 477 2258 regnum
502 2198 848 2244 Christianorum
881 2201 1003 2262 quod
1031 2200 1163 2246 modo
1190 2200 1431 2261 colligitur,

47 2271 171 2333 quod
210 2271 341 2316 modo
377 2279 673 2330 comparatur,
711 2272 832 2331 quod
867 2272 1000 2318 modo
1033 2272 1192 2317 emitur
1222 2274 1434 2333 sanguine

49 2344 208 2389 Christi
229 2362 237 2388 :
265 2343 345 2387 erit
367 2342 601 2403 aliquando
620 2342 900 2388 manifestum
922 2357 1107 2404 regnum
1128 2346 1235 2405 ejus,
1255 2344 1434 2406 quando

51 2424 197 2474 aperta
220 2415 300 2458 erit
328 2414 497 2458 claritas
520 2422 767 2458 sanctorum
801 2416 892 2474 ejus
922 2425 1020 2474 post
1045 2415 1261 2476 judicium
1294 2415 1349 2460 ab
1381 2431 1432 2459 eo

51 2484 216 2531 factum
237 2505 246 2531 :
271 2485 391 2546 quod
409 2485 622 2546 judicium
646 2501 775 2545 supra
801 2486 892 2546 ipse
921 2487 1045 2543 dixit,
1070 2487 1190 2547 quod
1214 2488 1326 2532 filius
1348 2488 1429 2531 ho—

100 2581 109 2596 ¹
127 2574 232 2604 For-te
254 2571 411 2605 venirent.
434 2589 474 2594 —
492 2579 503 2594 ⁷
525 2576 612 2605 Joan.
632 2583 678 2612 Vl,
702 2571 750 2604 15.
771 2589 812 2594 —
845 2570 857 2594 3
876 2573 986 2604 Mattli.
1012 2585 1054 2610 vi,
1079 2584 1126 2604 ιο.
