1809 3173
374 150 457 186 210
816 157 850 186 s.
887 158 1114 185 AUGUS'ssNl
1151 159 1329 186 EPlSCOPl

360 234 404 268 et
435 222 812 283 quemadmodum
842 227 954 269 Deus
989 233 1135 283 postea
1164 240 1297 284 quam
1331 222 1434 268 feeit
1456 225 1676 269 hominem
1697 224 1753 268 ad

360 295 592 352 imaginem
610 303 652 341 et
677 293 1006 339 similitudinem
1029 310 1150 340 suam
1174 305 1293 339 sexto
1316 295 1408 349 die,
1429 304 1472 339 et
1494 295 1538 338 in
1555 294 1630 339 illo
1652 309 1753 354 per-

362 365 465 411 fecit
486 365 633 410 omnia
656 379 786 426 opera
808 382 884 410 sua
907 367 1022 410 bona
1043 365 1192 421 valde,
1218 367 1432 426 requievit
1448 366 1631 426 septimo
1653 365 1751 424 die,

360 436 420 482 sic
438 445 482 481 et
502 436 583 481 tibi
599 437 796 497 requiem
817 452 908 481 non
925 451 1089 496 speres,
1111 435 1305 480 nisicum
1327 435 1502 481 redieris
1526 435 1582 480 ad
1603 435 1754 480 simili-

360 506 560 552 tudinem
578 508 626 552 in
646 523 733 568 qua
753 505 892 552 factus
914 521 979 562 es,
999 521 1134 567 quam
1149 506 1373 566 peccando
1395 506 1635 567 perdidisti.
1656 508 1755 552 Non

362 579 477 624 enim
501 581 615 624 Deus
637 577 853 623 laborasse
875 576 1086 621 dicendus
1106 578 1196 632 est,
1221 577 1299 636 qui
1317 578 1424 622 dixit
1443 586 1487 621 et
1502 577 1617 622 facta
1633 585 1751 622 sunt.

363 650 469 704 Quis
491 659 556 695 est
575 649 653 710 qui
677 657 775 708 post
801 657 967 692 tantam
990 647 1130 707 operis
1152 645 1404 692 facilitatem
1427 648 1549 708 quasi
1571 657 1669 708 post
1688 646 1755 692 la-

361 721 512 766 borem
540 716 649 765 ‘velit
677 719 976 781 requiescere?
1010 719 1053 764 Si
1081 718 1208 779 jussit
1240 728 1283 763 et
1315 718 1470 779 aliquis
1503 719 1543 763 ei
1571 719 1753 774 restitit,

361 793 395 837 si
415 792 544 853 jussit
565 800 609 836 et
632 806 723 836 non
742 799 805 835 est
826 789 992 835 factum
1009 825 1020 845 ,
1047 799 1090 834 et
1118 799 1167 834 ut
1186 790 1310 834 fieret
1336 790 1577 848 laboravit,
1600 790 1756 835 merito

361 863 531 908 dicatur
563 871 663 922 post
691 862 890 906 laborem
925 861 1184 922 requievisse
1210 880 1218 906 :
1243 876 1343 906 cum
1375 877 1477 906 vero
1511 870 1554 905 et
1587 861 1633 904 in
1664 861 1757 920 ipso

359 935 473 980 libro
491 936 708 978 Geneseos
728 933 949 992 legamus,
975 951 996 975 «
1017 933 1131 977 Dixit
1162 935 1299 988 Deus,
1335 933 1432 976 Fiat
1460 932 1558 986 lux,
1579 941 1622 976 et
1644 930 1758 978 facta

365 1025 384 1048 »
420 1022 470 1050 ex
492 1006 565 1050 lux
593 1024 602 1050 :
636 1004 881 1066 dixitfl'Deus
898 1040 908 1060 ,
940 1004 1037 1048 Fiat
1059 1005 1381 1048 firmamentum
1399 1038 1410 1058 ,
1436 1012 1480 1047 et
1499 1003 1667 1047 factum
1694 1012 1759 1048 est

367 1096 387 1119 »
422 1078 796 1121 firmamentum1:
813 1096 830 1117 >›
844 1084 887 1120 et
897 1084 1059 1119 coetera
1072 1077 1117 1118 in
1133 1075 1267 1119 verbo
1285 1080 1374 1131 eJus
1392 1075 1601 1119 continuo
1617 1074 1755 1120 facta:

363 1149 433 1194 cui
457 1157 686 1192 attestatur
711 1156 754 1190 et
776 1145 970 1191 Psalmus
987 1146 1134 1190 dicens
1151 1167 1161 1204 3
1181 1165 1201 1188 «
1220 1150 1317 1205 Ipse
1335 1146 1441 1190 dixit
1458 1155 1500 1189 et
1513 1144 1755 1201 factasunt,

366 1239 386 1262 »
422 1221 512 1279 ipsc
534 1218 757 1263 mandavit
779 1227 822 1262 et
842 1227 986 1262 creata
1010 1227 1111 1261 sunt
1129 1221 1174 1262 ¹²:
1199 1235 1219 1257 »
1246 1217 1467 1277 quomodo
1498 1226 1594 1275 post
1625 1232 1757 1260 mun-

363 1291 471 1335 dum
493 1289 658 1334 factum
682 1290 877 1349 requiem
900 1289 1022 1349 quasi
1048 1298 1095 1332 ut
1117 1297 1300 1332 cessaret
1320 1287 1590 1347 requirebat,
1617 1288 1692 1346 qui
1712 1287 1758 1332 in

359 1360 559 1422 jubendo
593 1375 822 1420 nunquam
851 1360 1156 1404 laboraverat?
1178 1362 1294 1417 Ergo
1319 1357 1392 1402 illa
1415 1357 1597 1414 mystica
1627 1350 1755 1412 sunt,

363 1441 406 1476 et
427 1440 657 1491 propterea
686 1431 745 1474 ita
770 1430 908 1490 posita
925 1465 936 1485 ,
962 1439 1012 1473 ut
1040 1429 1166 1473 nobis
1194 1430 1391 1489 requiem
1416 1444 1636 1488 speremus
1662 1436 1760 1488 post

364 1503 477 1547 hanc
498 1502 656 1556 vitam,
683 1501 759 1544 sed
786 1501 819 1544 si
844 1500 957 1544 bona
986 1515 1117 1559 opera
1144 1500 1392 1544 fecerimus.
1422 1500 1525 1543 Ideo
1550 1498 1760 1544 Dominus

367 1571 603 1618 retundens
622 1570 942 1631 impudentiam
966 1579 1009 1614 et
1031 1585 1222 1615 errorem
1246 1573 1269 1614 J
1275 1570 1525 1624 udaeorum,
1549 1579 1592 1613 et
1613 1578 1760 1613 osten-

367 1645 474 1689 dens
495 1659 568 1689 eos
589 1659 680 1688 non
703 1652 819 1687 recte
848 1648 997 1701 s‘apere
1019 1640 1073 1686 de
1094 1645 1184 1686 Deo
1203 1677 1213 1696 ,
1240 1642 1299 1686 ait
1322 1640 1405 1685 illis
1433 1640 1730 1685 scandalizatis
1745 1675 1757 1696 ‚

367 1715 490 1775 quod
527 1715 709 1759 sabbato
746 1712 1008 1772 operabatur
1043 1712 1273 1756 hominum
1306 1711 1533 1755 sanitatem
1549 1745 1560 1766 ‚
1595 1730 1615 1752 «
1635 1700 1761 1754 Pater

369 1805 389 1828 »
425 1801 547 1830 meus
580 1801 717 1845 usque
745 1783 876 1828 modo
905 1793 1135 1842 operatur,
1161 1792 1204 1827 et
1231 1798 1312 1842 ego
1333 1798 1490 1841 operor
1506 1784 1522 1807 ³
1545 1801 1555 1827 ;
1579 1800 1599 1822 »
1624 1781 1760 1826 nolite
1802 1779 1807 1786 ’

373 1872 474 1916 ergo
495 1857 579 1902 hoc
599 1865 754 1916 putare
775 1854 877 1915 quia
898 1854 1080 1898 sabbato
1097 1854 1156 1898 ita
1175 1854 1387 1913 requievit
1408 1856 1532 1896 Pater
1549 1868 1692 1907 meus,
1711 1859 1762 1896 ut

372 1945 424 1974 ex
447 1928 522 1973 illo
544 1943 635 1972 non
655 1936 886 1987 operetur:
908 1924 982 1969 sed
1010 1925 1122 1969 sieut
1148 1925 1238 1984 ipse
1260 1940 1379 1967 nunc
1404 1933 1629 1983 operatur,
1657 1938 1762 1982 ope-

372 2016 443 2045 ror
464 2009 509 2045 et
529 2015 626 2059 ego.
656 1997 740 2044 Sed
762 1998 872 2042 sicut
894 2000 1020 2041 Pater
1050 1996 1141 2040 sine
1166 1995 1340 2050 labore,
1365 1995 1425 2039 sic
1447 2004 1490 2038 et
1512 1994 1648 2038 Filius
1669 1995 1761 2039 sine

370 2072 537 2117 labore.
557 2071 671 2116 Dixit
688 2073 824 2124 Deus,
842 2078 885 2113 et
897 2067 1010 2113 facta
1025 2076 1127 2112 sunt
1145 2086 1154 2112 z
1175 2066 1283 2111 dixit
1301 2067 1498 2111 Christus
1512 2066 1756 2125 languenti,

373 2142 495 2188 Tolle
516 2142 743 2201 grabatum
759 2149 907 2195 tuum,
927 2149 972 2184 et
988 2139 1096 2184 vade
1112 2139 1159 2183 in
1175 2137 1357 2184 domum
1373 2146 1512 2193 tuam,
1533 2146 1576 2182 et
1591 2136 1757 2182 factum

374 2223 452 2258 est.

435 2287 517 2329 Ill.
541 2281 766 2329 Catholica
793 2289 940 2325 autem
966 2278 1074 2323 fides
1099 2279 1256 2334 habet,
1281 2278 1402 2338 quod
1432 2278 1569 2323 Patris
1596 2286 1640 2322 et
1661 2276 1762 2322 Filii

377 2372 506 2417 opera
529 2370 619 2399 non
639 2362 742 2398 sunt
757 2350 1024 2412 separabilia.
1047 2354 1141 2396 Hoc
1157 2359 1220 2395 est
1239 2350 1358 2411 quod
1375 2349 1475 2395 volo
1489 2385 1499 2405 ,
1519 2350 1553 2393 si
1568 2363 1758 2410 possum,

376 2427 498 2488 loqui
522 2424 732 2471 Charitati
754 2425 918 2467 Vestrae
938 2441 946 2467 :
967 2421 1042 2466 sed
1059 2420 1302 2466 secundum
1324 2420 1398 2466 illa
1420 2420 1552 2466 verba
1569 2419 1759 2476 Domini,

427 2519 436 2536 ¹
458 2515 536 2546 Gen.
568 2523 596 2552 1,
621 2511 640 2542 3
659 2514 693 2543 et
704 2509 737 2541 6.
760 2526 800 2531 -
827 2515 839 2530 ²
859 2507 940 2540 Psal.
961 2518 1062 2549 xxxii,
1091 2519 1126 2550 9,
1143 2511 1177 2540 et
1196 2506 1371 2549 cxnvm‚5.
1399 2524 1440 2529 —
1458 2504 1471 2530 ³
1493 2508 1583 2539 Joan.
1600 2517 1634 2548 v,
1656 2517 1704 2548 ¹7·
