1809 3173
360 197 442 235 342
789 205 824 233 S.
860 205 1089 233 Anaus‘rnu
1121 205 1301 232 Eprscom

356 273 459 317 fecit
480 271 624 315 omnia
666 285 752 315 non
789 269 998 314 videbant
1023 289 1032 314 ε
1062 269 1165 314 fecit
1195 285 1323 312 unam
1354 284 1467 323 rem,
1501 278 1544 313 ct
1579 269 1741 313 turbati

355 352 480 396 sunt,
521 342 621 401 quia
651 341 816 386 salvum
837 341 939 384 fecit
962 340 1180 384 hominem
1206 341 1403 384 sabbato.
1431 341 1561 392 Quasi
1584 355 1686 383 vero
1708 341 1740 383 si

362 413 591 473 quisquam
615 421 802 469 aegrotus
825 412 1006 455 sabbato
1028 410 1280 464 sinceraret,
1308 410 1415 453 alius
1437 409 1560 453 illum
1589 425 1738 453 sanun]
1795 419 1797 424 ⁴

360 484 531 529 fecisset
559 498 691 543 quam
717 482 812 536 ille,
834 483 910 541 qui
933 496 1004 525 eos
1022 479 1326 524 scandalizavit
1341 516 1350 534 ‚
1376 481 1476 540 quia
1501 496 1637 524 unum
1659 482 1742 526 ho—
1796 466 1798 519 l

357 555 523 599 minem
551 553 718 598 salvum
740 551 842 596 fecit
864 550 1061 594 sabbato.
1088 550 1189 602 Quis
1211 551 1326 593 enim
1348 550 1452 594 alios
1474 552 1612 595 salvos
1639 550 1743 595 fecit
1796 577 1798 609 ;

357 640 490 685 quam
506 625 598 684 ipsa
620 623 734 667 salus
761 640 770 666 :
795 621 871 681 qui
891 620 1006 664 illam
1025 618 1209 664 salutem
1236 635 1369 680 quam
1394 619 1515 664 dedit
1533 621 1635 665 huic
1657 621 1741 665 ho-

351 695 484 749 mini,
508 695 583 738 dat
606 702 649 737 et
677 691 917 752 jumentis?
941 689 1062 735 Salus
1086 690 1203 733 enim
1225 691 1459 749 corporalis
1482 700 1589 735 erat.
1618 691 1741 736 Salus

352 765 492 810 carnis
514 773 557 808 et
579 772 804 823 reparatur
820 796 832 817 ‚
860 770 904 805 et
925 761 1138 819 moritur,
1162 770 1205 805 et
1231 777 1331 805 cum
1357 771 1580 821 reparatur
1596 797 1606 817 ,
1627 777 1743 806 mors

351 836 577 890 differtur,
599 850 688 879 non
711 832 924 878 aufertur.
953 834 1140 887 Tamen,
1169 831 1338 887 fratres,
1364 833 1492 876 etiam
1514 833 1606 892 ipsa
1627 832 1741 878 salus
1795 828 1797 835 ’

351 924 374 951 a
397 907 583 952 Domino
600 915 664 949 est
679 940 690 960 ,
712 920 788 962 per
805 903 1047 964 quemlibet
1067 904 1197 947 detur
1223 923 1232 948 ;
1257 919 1538 964 quocumque
1561 914 1741 949 curante
1796 961 1799 973 .

349 987 393 1023 et
409 977 678 1022 ministrante
699 975 974 1036 impertiatur
993 1009 1005 1030 ,
1029 975 1084 1018 ab
1105 974 1182 1018 illo
1204 975 1334 1018 datur
1351 990 1373 1018 a
1397 990 1485 1034 quo
1516 985 1578 1019 est
1601 976 1741 1020 omnis

349 1048 464 1094 salus
479 1083 491 1103 ,
514 1048 585 1092 cui
603 1047 763 1091 dicitur
783 1046 829 1090 in
849 1044 1040 1090 Psalmo:
1056 1064 1076 1087 «
1092 1045 1298 1089 Homines
1321 1055 1364 1089 et
1382 1046 1581 1105 jumenta
1602 1046 1741 1090 salvos

353 1138 373 1161 >›
410 1118 540 1164 facies
555 1153 566 1173 ‚
591 1118 792 1172 Domine,
813 1117 924 1160 sicut
941 1115 1239 1175 multiplicasti
1260 1115 1597 1161 misericordiam
1621 1125 1741 1161 tuam
1797 1130 1800 1163 ὶ

352 1209 372 1233 »
409 1191 569 1235 Deus1.
593 1209 613 1231 »
640 1190 750 1242 Quia
773 1188 889 1232 enim
911 1191 1023 1231 Deus
1045 1203 1088 1231 es
1103 1223 1115 1242 ,
1140 1187 1428 1246 multiplicata
1448 1187 1741 1232 misericordia
1798 1195 1800 1242 j

348 1271 423 1306 tua
447 1260 644 1319 pervenit
677 1259 806 1303 etiam
849 1258 902 1302 ad
924 1257 1109 1302 salutem
1130 1258 1269 1302 carnis
1300 1259 1527 1312 humanae,
1545 1259 1742 1317 pervenit

349 1332 479 1375 etiam
498 1330 553 1374 ad
574 1329 758 1374 salutem
780 1337 1005 1372 mutorum
1029 1327 1279 1371 animalium
1302 1348 1310 1373 :
1336 1327 1412 1372 sed
1433 1329 1509 1388 qui
1527 1328 1602 1373 das
1624 1329 1740 1374 salu-

300 1457 305 1463 t
351 1412 439 1446 tem
476 1402 616 1445 carnis
645 1400 850 1445 homibus
867 1399 1164 1460 jumentisque
1187 1415 1494 1454 communem,
1523 1400 1742 1460 numquid

352 1471 473 1517 nulla
491 1470 604 1515 salus
627 1480 690 1514 est
710 1485 843 1530 quam
862 1484 1003 1514 servas
1017 1469 1268 1514 hominibus
1281 1472 1298 1513 Ρ
1311 1472 1388 1513 Est
1404 1478 1520 1514 certe
1537 1470 1619 1514 alia
1642 1487 1741 1530 quae

350 1561 440 1589 non
463 1543 603 1588 solum
628 1542 872 1588 communis
890 1558 980 1586 non
1001 1550 1065 1585 est
1083 1542 1336 1586 hominibus
1358 1550 1401 1585 et
1412 1541 1622 1601 jumentis
1638 1576 1649 1596 ,
1667 1540 1743 1585 sed

351 1630 431 1659 nec
453 1614 556 1673 ipsis
579 1613 833 1658 hominibus
869 1612 1113 1657 communis
1136 1620 1199 1656 est
1220 1612 1343 1656 bonis
1365 1620 1409 1656 et·
1443 1610 1580 1655 malis.
1608 1612 1741 1655 Deni-

348 1702 436 1747 que
455 1700 554 1729 cum
576 1685 637 1729 ibi
660 1684 715 1729 de
737 1685 815 1729 ista
831 1684 968 1728 salute
986 1683 1180 1738 dixisset,
1206 1698 1339 1744 quam
1357 1683 1646 1728 communiter
1667 1698 1741 1727 ac-

350 1759 520 1818 cipiunt
554 1772 711 1817 pecora
740 1766 784 1800 et
811 1756 1037 1812 homines,
1061 1764 1239 1815 propter
1260 1754 1378 1799 illam
1406 1753 1591 1799 salutem
1609 1769 1742 1814 quam

352 1820 718 1890 sperare“debent
738 1827 937 1870 homines
953 1860 964 1879 ‚
991 1824 1066 1869 sed
1086 1825 1191 1869 boni
1212 1826 1409 1869 homines
1427 1860 1439 1881 ,
1463 1834 1636 1869 secutus
1661 1825 1742 1869 ad-

345 1901 490 1962 junxit
516 1918 525 1944 :
551 1918 571 1941 «
596 1898 694 1942 Filii
712 1905 858 1941 autem
876 1896 1104 1939 hominum
1128 1897 1209 1939 sub
1242 1896 1432 1953 tegmine
1454 1895 1620 1940 alarum
1645 1904 1743 1940 tua-

356 1991 377 2014 »
413 1985 510 2015 rum
531 1968 791 2028 sperabunt:
809 1966 1147 2010 inebriabuntur
1168 1966 1223 2009 ab
1242 1966 1441 2010 ubertate
1463 1967 1620 2010 domus
1635 1976 1739 2022 tuae,

356 2061 377 2084 »
413 2051 456 2086 et
493 2047 684 2084 torrente
712 2037 948 2096 voluptatis
971 2045 1057 2080 tuae
1074 2036 1244 2095 potabis
1268 2051 1339 2080 eos
1364 2055 1374 2082 ;
1398 2037 1605 2096 quoniam
1625 2036 1743 2096 apud

359 2132 379 2155 »
415 2122 459 2156 te
488 2120 552 2155 est
573 2110 672 2155 fons
691 2109 793 2154 vitae
807 2144 818 2164 ,
839 2117 883 2151 et
904 2107 949 2151 in
970 2106 1136 2151 lumine
1159 2116 1236 2150 tuo
1250 2106 1494 2151 videbimus
1515 2107 1665 2151 lumen
1677 2109 1739 2151 ².»

354 2186 459 2229 Haec
488 2191 551 2226 est
588 2181 701 2226 salus
740 2195 839 2240 quae
874 2178 928 2223 ad
967 2179 1105 2222 bonos
1128 2178 1315 2237 pertinet
1331 2211 1342 2232 ,
1366 2194 1474 2237 quos
1509 2177 1743 2237 appellavit

352 2254 465 2299 filios
486 2254 717 2298 hominum
734 2272 745 2310 3
764 2266 864 2296 cum
881 2266 1009 2310 supra
1027 2248 1202 2293 dixisset
1224 2268 1233 2294 ε
1260 2250 1467 2293 Homines
1487 2258 1530 2293 et
1541 2250 1742 2309 jumenta

350 2324 489 2370 salvos
514 2324 661 2379 facies,
682 2323 879 2367 Domine.
900 2320 1018 2375 Quid
1039 2321 1186 2364 enim?
1209 2319 1279 2364 Illi
1296 2321 1493 2365 homines
1511 2335 1601 2364 non
1619 2329 1741 2365 erant

353 2395 432 2440 filii
453 2394 707 2447 hominum,
743 2401 793 2436 ut
830 2406 930 2436 cum
967 2391 1139 2435 dixisset
1172 2391 1369 2434 homines
1387 2426 1396 2444 ,
1425 2399 1677 2450 sequeretur
1699 2399 1740 2434 et

351 2466 543 2510 diceret:
565 2463 657 2507 Filii
684 2472 829 2507 autem
862 2462 1091 2506 hominum
1117 2481 1126 2506 ε
1150 2462 1270 2522 quasi
1303 2460 1423 2505 aliud
1450 2470 1571 2505 erant
1594 2460 1738 2505 horni-

409 2552 513 2582 =Psat
533 2561 627 2589 xxxv,
654 2561 685 2591 7.
708 2567 741 2572 -
770 2557 781 2571 ²
802 2549 881 2580 lbid.
910 2553 975 2581 etc.

1797 2517 1804 2609 =2--==.—<
1794 1735 1803 2505 „1=K===—=¹.⁴=ffl—.a—-—⁴—-—vn——--—2-
1795 1705 1801 1718 ω

1796 3024 1806 3173 haffl-
1798 2696 1806 3016 *ss--Q-..h--m
1797 2613 1805 2686 ..ἣπτ-
