1809 3173
384 167 466 207 484
821 176 854 205 s.
892 176 1119 205 Aueusmlm
1151 179 1330 205 EPISCOPI

382 242 524 287 danda
552 242 782 300 patientia,
820 257 951 302 quam
979 242 1209 286 exserenda
1244 243 1449 301 potentia.
1477 261 1493 281 «
1520 243 1760 287 Abscondit

386 333 402 352 »
439 328 482 355 se
509 330 528 351 »
555 326 656 369 ergo
675 313 728 355 ab
747 312 805 356 eis
824 347 834 366 ‚
855 327 909 355 ne
926 312 1205 371 lapidaretur.
1226 315 1448 371 Tanquam
1469 313 1598 357 homo
1617 329 1637 356 a
1657 312 1760 371 lapi-

378 384 507 428 dibus
527 384 643 442 fugit
665 403 673 428 :
695 385 771 428 sed
792 400 858 429 vae
879 384 961 429 illis
979 401 1001 428 a
1019 398 1206 444 quorum
1229 383 1407 443 lapideis
1428 385 1630 429 cordibus
1646 388 1760 428 Deus

379 453 509 513 fugit.

382 611 804 627 mmmmmflnm
808 608 1371 625 MMMMMMMMWVRAAMWUMM
1375 609 1759 626 MMMMMMWUM

764 723 1169 771 'FRACTATUS
1207 725 1376 770 XLIV.

375 875 445 922 Ab
462 890 514 919 eo
532 873 653 934 quod
675 874 884 933 scriptum
900 883 979 930 est,
994 873 1067 918 Et
1083 876 1363 933 praeteriens
1384 872 1501 918 vidit
1524 872 1761 918 hominem

434 961 615 990 coecztm
637 961 667 989 a
691 944 941 990 nativitate
967 962 977 989 :
1003 961 1141 1005 usque
1163 945 1217 989 ad
1240 944 1305 999 id,
1331 943 1388 991 N
1388 960 1479 989 unc
1501 960 1612 989 vero
1641 944 1759 989 clici-

436 1016 495 1060 tis
513 1016 629 1073 quia
646 1013 860 1059 videmus
873 1051 887 1071 ,
909 1024 1163 1074 peccatam
1181 1024 1392 1059 vestrum
1414 1025 1592 1059 manet.

435 1153 471 1194 I.
495 1152 558 1194 DE
590 1149 767 1194 homine
797 1164 929 1209 quem
960 1150 1169 1193 Dominus
1201 1152 1324 1193 Jesus
1361 1148 1650 1204 illuminavit,
1683 1149 1759 1208 qui

373 1235 513 1265 caecus
527 1229 654 1263 natus
676 1218 784 1274 fuit,
805 1219 971 1278 prolixa
989 1219 1117 1263 lectio
1140 1220 1314 1263 recitata
1334 1228 1397 1263 est
1418 1239 1427 1263 ι
1453 1234 1584 1278 quam
1606 1219 1638 1262 si
1657 1219 1758 1262 uni-

372 1306 539 1335 versam
581 1300 842 1349 pertractare
889 1305 1124 1344 conemur,
1166 1306 1243 1349 pro
1277 1291 1342 1333 sui
1380 1290 1614 1347 dignitate,
1648 1290 1759 1334 sieut

299 1385 305 1389 «
367 1360 563 1406 valemus
579 1395 589 1414 ,
615 1360 783 1419 singula
800 1360 1136 1415 considerantes,
1158 1376 1246 1404 non
1272 1361 1431 1404 sufficit
1447 1360 1551 1404 dies.
1570 1361 1757 1405 Proinde

371 1440 473 1490 peto
490 1440 534 1476 et
551 1430 765 1474 admoneo
779 1431 1045 1475 Charitatem
1066 1433 1278 1485 Vestram,
1302 1431 1413 1474 utin
1430 1431 1477 1474 iis
1495 1446 1593 1490 quae
1611 1440 1756 1490 aperta

370 1511 497 1557 sunt,
522 1516 764 1545 sermonem
788 1511 984 1546 nostrum
1007 1517 1096 1545 non
1119 1502 1343 1561 requiratis
1369 1520 1377 1545 :
1405 1516 1505 1545 nam
1522 1502 1649 1545 nimis
1663 1501 1757 1546 lon-

370 1587 474 1630 gum
496 1572 577 1615 erit
599 1572 655 1615 ²in
688 1572 866 1630 singulis
895 1572 1127 1616 immorari.
1155 1573 1346 1616 Breviter
1368 1587 1468 1630 ergo
1500 1573 1602 1617 caeci
1628 1573 1755 1633 hujus

362 1643 604 1688 illuminati
641 1643 902 1687 commendo
935 1644 1205 1700 mysterium.
1237 1647 1299 1688 Ea
1329 1645 1490 1704 quippe
1524 1660 1623 1703 quae
1654 1644 1756 1688 fecit

369 1715 578 1759 Dominus
596 1723 741 1757 noster
758 1716 881 1757 Jesus
902 1713 1099 1758 Christus
1131 1713 1343 1772 stupenda
1368 1723 1498 1773 atque
1532 1714 1750 1769 miranda,

365 1801 407 1830 er
433 1801 563 1844 opera
586 1795 628 1828 et
650 1785 781 1829 verba
803 1794 906 1828 sunt
931 1804 939 1828 :
966 1800 1121 1843 opera,
1155 1785 1255 1844 quia
1289 1783 1402 1828 facta
1430 1794 1559 1842 sunt3
1590 1786 1723 1829 verba
1739 1821 1750 1841 ‚

368 1857 471 1916 quia
493 1857 615 1914 signa
641 1865 757 1899 sunt.
785 1855 827 1899 Si
850 1871 952 1912 ergo
974 1854 1083 1914 quid
1105 1855 1318 1913 significet
1336 1856 1418 1899 hoc
1441 1856 1561 1915 quod
1587 1855 1753 1900 factum

368 1936 434 1971 est
457 1926 718 1984 cogitemus,
741 1940 875 1983 genus
894 1925 1136 1967 humanum
1152 1934 1214 1968 est
1236 1925 1314 1968 iste
1336 1940 1474 1968 caecus
1494 1945 1502 1969 :
1527 1926 1620 1969 haec
1637 1926 1753 1969 enim

371 2009 540 2042 cascltas
562 1996 744 2053 contigit
772 1995 817 2037 in
839 1995 979 2053 primo
1008 1995 1185 2038 homine
1203 2010 1279 2053 per
1307 2005 1534 2053 peccatum
1550 2030 1561 2049 ,
1590 1996 1645 2038 de
1664 2012 1753 2055 quo

370 2082 520 2113 omnes
543 2066 754 2125 originem
776 2064 978 2108 duximus
994 2098 1005 2118 ‚
1041 2080 1130 2108 non
1152 2064 1291 2108 solum
1313 2066 1462 2109 mortis
1481 2099 1492 2120 ,
1527 2065 1603 2108 sed
1623 2066 1752 2110 etiam

370 2136 623 2197 iniquitatis
662 2136 705 2180 Si
727 2134 842 2178 enim
865 2134 1032 2178 caecitas
1053 2143 1116 2178 est
1137 2134 1364 2178 infidelitas
1379 2170 1390 2189 ,
1415 2145 1458 2178 et
1490 2134 1751 2180 illuminatio

369 2207 477 2251 fides
499 2226 509 2262 3
556 2220 688 2265 quem
732 2203 906 2247 fidelem
949 2203 1127 2262 quando
1171 2204 1290 2248 venit
1324 2204 1517 2249 Christus
1555 2205 1751 2249 invenit?

369 2274 734 2334 Quandoquidem
773 2273 1003 2332 Apostolus
1041 2283 1167 2317 natus
1198 2274 1243 2317 in
1273 2284 1400 2333 gente
1434 2276 1750 2334 Prophetarum

369 2347 503 2400 dicit,
534 2364 553 2387 «
575 2345 755 2388 Fuimus
777 2354 820 2386 et
842 2358 919 2386 nos
953 2343 1187 2402 aliquando
1210 2353 1363 2388 natura
1398 2344 1473 2387 filii
1506 2346 1580 2387 irae
1597 2379 1607 2399 ,
1639 2345 1749 2389 sicut

371 2436 392 2459 »
428 2425 472 2460 et
491 2416 662 2460 eaeteri1
687 2433 695 2459 :
724 2432 742 2455 »
773 2414 815 2458 Si
846 2413 924 2457 filii
955 2414 1029 2458 irae
1047 2449 1058 2468 ,
1092 2414 1168 2458 filii
1199 2415 1430 2470 vindictae,
1468 2416 1546 2459 filii
1574 2432 1742 2475 poenae,

418 2520 427 2535 ¹
444 2512 557 2555 Ephes.
583 2522 615 2549 11,
634 2511 663 2543 3.
