1809 3173
378 223 460 261 120
811 232 843 257 s.
880 228 1108 257 AUGUSTINI
1142 226 1322 255 Emscom

375 318 396 340 »
432 306 509 352 est,
530 304 572 340 et
586 295 640 339 de
655 303 768 340 terra
781 294 992 355 loquitur,
1011 312 1032 336 »
1051 297 1239 338 Joannes
1254 301 1333 337 θεῖ.
1352 295 1407 336 Εῖ
1419 292 1502 336 hoc
1516 300 1579 335 est
1596 300 1752 346 totum,

370 373 556 414 ,Ioannes
577 366 632 411 de
666 375 779 410 terra
802 375 881 421 θεῖ,
907 375 949 410 θῖ
977 367 1033 410 de
1064 374 1175 409 terra
1207 364 1431 424 loquitur?
1466 372 1607 407 totum
1632 363 1755 406 testi-

372 440 565 484 monium
600 437 721 497 quod
754 437 955 497 perhibet
983 437 1037 480 de
1066 436 1259 490 Christo,
1297 435 1351 478 dc
1384 444 1494 477 terra
1534 433 1757 492 loquitur?

369 527 459 556 non
480 525 605 556 voces
621 510 697 554 Dei
720 509 959 554 audiuntur
984 524 1007 552 a
1029 511 1213 561 Joanne,
1238 507 1313 550 ubi
1344 505 1639 550 testimonium
1658 520 1752 563 per-

370 585 492 630 hibet
520 583 575 627 de
596 582 800 627 Christo?
828 579 1049 641 quomodo
1075 594 1175 637 ergo
1207 578 1261 621 de
1284 586 1395 620 terra
1423 577 1649 635 loquitur?
1675 574 1756 619 Sed

371 657 425 701 de
445 655 623 699 homine
652 652 838 697 dicebat.
865 655 1090 705 Quantum
1122 649 1175 693 ad
1203 650 1342 708 ipsum
1376 647 1597 691 hominem
1620 646 1757 704 perti-

371 737 466 782 net,
503 725 557 769 de
582 735 696 769 terra
726 732 805 777 est,
826 732 869 767 et
892 724 946 766 de
980 732 1092 766 terra
1130 720 1325 779 loquitur
1352 737 1360 762 :
1387 718 1420 762 si
1442 726 1587 761 autem
1614 716 1758 776 aliqua

368 797 561 857 loquitur
589 795 752 849 divina,
788 792 1057 836 illuminatus
1087 799 1151 834 est
1168 806 1190 833 a
1210 792 1314 834 Deo.
1339 791 1450 833 Nam
1475 788 1509 831 si
1531 802 1620 830 non
1652 795 1758 830 esset

370 866 657 919 illuminatus,
688 873 802 909 terra
834 872 993 907 terram
1026 861 1293 921 loqueretur.
1329 862 1444 917 Ergo
1475 871 1664 902 seorsum
1695 867 1759 900 est

371 939 505 997 gratia
522 936 615 991 Dei,
641 949 833 979 seorsum
862 941 1019 977 natura
1054 931 1258 975 hominis.
1281 929 1415 974 Modo
1440 938 1640 972 naturam
1676 928 1758 971 bo-

373 1009 496 1052 minis
516 1008 735 1063 interroga
754 1024 762 1049 :
788 1004 980 1048 nascitur
997 1011 1040 1046 et
1057 1002 1224 1056 crescit,
1250 1001 1407 1044 usitata
1429 999 1509 1043 ista
1529 999 1758 1042 hominum

371 1079 511 1123 discit.
538 1076 655 1130 Quid
669 1075 791 1120 novit
812 1075 891 1119 nisi
912 1083 1068 1118 terram
1085 1073 1140 1116 de
1157 1073 1302 1116 terra?
1325 1073 1525 1114 Humana
1547 1069 1756 1127 loquitur,

372 1151 562 1193 humana
585 1148 721 1201 novit,
746 1146 937 1189 humana
960 1144 1097 1203 sapit3
1117 1141 1300 1187 carnalis
1314 1140 1542 1185 carnaliter
1559 1138 1757 1192 aestimat,

372 1219 602 1264 carnaliter
623 1217 867 1276 suspicatur
893 1234 901 1259 :
927 1229 1025 1259 ecce
1047 1222 1111 1257 est
1138 1222 1256 1257 totus
1278 1212 1424 1256 homo.
1447 1209 1603 1253 Veniat
1627 1209 1759 1267 gratia

373 1291 467 1345 Dei,
493 1288 711 1333 illuminet
724 1287 924 1331 tenebras
945 1284 1077 1339 illius,
1101 1284 1211 1327 sicut
1223 1282 1328 1326 dicit
1348 1301 1356 1326 :
1377 1300 1396 1323 «
1415 1283 1480 1324 Tu
1494 1277 1761 1323 illuminabis

378 1380 398 1403 »
434 1361 656 1404 lucernam
672 1371 829 1411 meam,
847 1355 1053 1412 Domine3
1069 1357 1185 1398 Deus
1196 1367 1334 1405 meus,
1349 1350 1547 1395 illumina
1561 1348 1761 1392 tenebras

378 1452 397 1474 »
434 1433 571 1475 meas1
604 1450 612 1473 :
651 1448 670 1470 »
702 1436 892 1472 assumat
923 1435 1114 1471 mentem
1153 1426 1407 1477 humanam,
1448 1429 1674 1466 convertat
1707 1419 1761 1464 ad

377 1503 518 1548 lucem
541 1516 663 1546 suam
689 1519 698 1544 z
720 1499 874 1558 incipit
898 1500 987 1558 jam
1022 1496 1181 1551 dicere,
1217 1495 1338 1555 quod
1365 1492 1597 1552 Apostolus
1620 1491 1725 1536 dicit
1749 1511 1758 1536 :

382 1594 400 1616 «
434 1576 533 1619 Non
555 1585 634 1630 ego
656 1579 826 1624 autem,
856 1568 931 1612 sed
955 1568 1089 1626 gratia
1118 1566 1195 1610 Dei
1218 1567 1416 1609 mecum2
1444 1582 1452 1607 2
1482 1581 1501 1603 »
1520 1571 1578 1617 et,
1609 1581 1628 1603 (t
1652 1562 1762 1606 Vivo

380 1665 399 1687 »
435 1653 580 1688 autem
596 1643 686 1703 Jam
703 1656 791 1686 non
810 1654 904 1697 ego,
923 1638 1029 1683 vivit
1047 1647 1193 1681 autem
1212 1637 1258 1679 in
1279 1651 1350 1679 me
1368 1634 1606 1687 Christus³,
1629 1652 1648 1674 »
1670 1635 1764 1677 Hoc

376 1726 456 1771 θεῖ,
486 1734 506 1756 «
532 1713 664 1758 Illum
698 1720 869 1771 oportet
901 1724 1107 1763 crescere,
1140 1723 1210 1752 me
1241 1715 1387 1751 autem
1412 1705 1565 1750 minui.
1599 1723 1617 1745 n
1646 1707 1764 1763 Ergo

377 1791 582 1840 Joaiines,
609 1782 730 1844 quod
763 1781 819 1826 ad
840 1784 1054 1826 ,Ioannem
1084 1780 1287 1838 pertinet,
1312 1777 1367 1822 de
1401 1786 1515 1821 terra
1537 1786 1617 1831 θεῖ,
1645 1785 1688 1820 θῖ
1709 1775 1764 1820 de

377 1868 489 1902 terra
511 1855 722 1915 loquitur.
745 1853 788 1898 Si
810 1850 917 1912 quid
949 1849 1145 1894 divinum
1167 1847 1324 1893 audisti
1341 1863 1364 1892 a
1386 1849 1410 1891 J
1415 1861 1571 1902 oanne‚
1597 1845 1764 1890 illumi-

377 1929 519 1974 nantis
536 1936 621 1982 est,
644 1941 736 1970 non
758 1922 1018 1983 recipientis.

435 2002 533 2044 VII.
559 1996 685 2051 «Qui
708 1995 762 2039 de
783 1993 899 2038 coelo
926 1991 1062 2047 venit,
1105 2005 1234 2050 supra
1262 2003 1412 2034 omnes
1444 1997 1508 2032 est
1539 2007 1548 2033 :
1573 1996 1615 2031 et
1643 1988 1763 2048 quod

380 2090 400 2113 »
435 2071 544 2115 vidit
572 2079 615 2114 et
648 2066 830 2121 audivit,
860 2066 943 2109 hoc
980 2062 1249 2117 testificatur,
1275 2070 1318 2105 et
1350 2059 1647 2104 testimonium
1673 2060 1764 2119 ejus

381 2162 400 2183 »
436 2156 565 2185 nemo
582 2138 763 2198 accepit.
781 2140 842 2181 De
864 2134 977 2180 coelo
994 2134 1128 2188 venit,
1156 2148 1285 2192 supra
1308 2146 1457 2177 omnes
1480 2139 1544 2175 est
1561 2132 1577 2155 4
1593 2165 1603 2184 ‚
1632 2148 1651 2170 »
1674 2133 1763 2175 Do-

376 2214 519 2257 minus
541 2219 685 2256 noster
707 2212 830 2253 Jesus
844 2207 1041 2252 Christus
1065 2224 1072 2249 z
1091 2204 1145 2248 de
1162 2219 1251 2264 quo
1273 2202 1469 2262 superius
1486 2202 1653 2246 dictum
1669 2209 1733 2245 est
1751 2220 1759 2246 :

378 2304 399 2327 «
431 2287 569 2328 Nemo
592 2278 784 2326 ascendit
811 2279 856 2322 in
876 2277 1054 2330 coelum,
1089 2276 1170 2320 nisi
1192 2273 1343 2335 quide
1370 2273 1484 2318 coelo
1517 2271 1758 2327 descendit,

377 2375 396 2397 »
432 2354 543 2398 filius
558 2351 746 2398 hominis
768 2349 845 2410 qui
866 2357 929 2393 θεῖ
951 2348 997 2391 in
1018 2346 1130 2391 coelo
1144 2348 1174 2389 ⁵.
1204 2364 1224 2386 »
1248 2347 1324 2388 Est
1346 2352 1492 2388 autem
1509 2357 1638 2402 super
1660 2357 1758 2387 om-

373 2441 465 2481 nes,
494 2443 514 2467 «
547 2428 603 2469 Et
635 2422 755 2483 quod
784 2421 892 2466 vidit
920 2428 963 2463 et
995 2418 1176 2472 audivit,
1203 2417 1287 2461 hoc
1323 2414 1535 2475 loquitur.
1566 2431 1585 2455 »
1615 2413 1757 2457 Habet

420 2529 428 2544 ¹
456 2521 534 2554 Psal.
557 2531 635 2563 xvn,
657 2529 712 2554 20.
735 2536 776 2542 —
796 2525 809 2541 ²
836 2529 847 2550 1
868 2518 940 2549 Cor.
961 2526 1016 2557 xv,
1040 2526 1087 2547 10.
1112 2530 1152 2537 -
1174 2511 1188 2538 3
1214 2511 1316 2545 Galat.
1337 2522 1372 2550 ιι,
1403 2519 1455 2545 20.
1481 2527 1523 2534 -
1547 2509 1563 2539 4
1583 2512 1674 2543 Joan.
1703 2519 1754 2549 ιιι,

374 2578 427 2619 3ι,
452 2578 503 2611 39..
520 2593 561 2601 —
580 2575 694 2610 ⁵1bid.
719 2574 770 2608 13.
