1809 3173
373 202 397 240 4
802 206 835 235 8.
873 205 1102 235 ΑυῦυὸΤΙΝΙ
1135 205 1312 233 ΕΡΙὸΕΟΙἿ

369 277 550 329 debetis,
573 288 661 318 non
681 273 805 315 unius
819 271 1026 326 hominis,
1047 280 1089 314 et
1106 279 1251 314 tamen
1274 268 1402 312 unius
1420 265 1604 309 hominis
1628 282 1635 307 ;
1662 278 1749 307 non

368 347 516 399 unius,
552 344 654 404 quia
681 342 830 386 fideles
854 340 1009 397 multi,
1037 340 1174 384 multa
1201 354 1333 398 grana
1366 337 1479 379 inter
1500 334 1645 394 paleas
1675 349 1750 392 ge-

369 417 555 471 mentia,
580 414 738 457 diffusa
762 421 853 456 toto
885 411 991 455 orbe
1014 419 1226 454 terrarum
1260 428 1269 453 ;
1301 408 1428 452 unius
1451 413 1619 458 autem,
1651 403 1752 463 quia

368 485 563 543 membra
582 483 742 529 Christi
759 498 908 527 omnes
925 503 935 541 3
950 498 998 527 ac
1015 498 1091 542 per
1105 483 1188 527 hoc
1204 496 1342 525 unum
1356 494 1526 538 corpus.
1550 481 1634 521 lste
1652 491 1752 534 ergo

366 555 555 616 populus
581 555 705 613 inops
728 562 771 598 et
802 568 990 613 pauper,
1022 568 1113 597 non
1135 552 1258 596 novit
1278 550 1466 610 gaudere
1489 547 1543 592 de
1560 546 1720 592 saeculo
1740 565 1748 591 :

367 636 411 671 et
428 626 553 670 dolor
574 627 664 685 ejus
686 625 802 669 intus
819 633 904 680 est,
926 633 968 668 et
986 622 1195 682 gaudium
1213 623 1302 682 ejus
1325 622 1442 665 intus
1465 628 1527 663 est
1543 654 1553 675 ,
1569 618 1647 662 ubi
1665 633 1753 661 non

366 695 484 741 videt
502 695 584 739 nisi
611 695 684 739 ille
710 694 786 754 qui
813 692 992 738 exaudit
1015 698 1282 752 gementem,
1304 700 1347 735 et
1375 698 1555 735 coronat
1577 703 1754 748 speran-

366 776 469 811 tem.
503 766 672 811 Laetitia
704 764 878 820 saeculi,
915 765 1094 809 vanitas.
1132 765 1244 809 Cum
1274 777 1430 820 magna
1456 761 1753 820 expectatione

366 846 562 897 speratur
585 845 635 880 ut
661 836 808 880 veniat
823 870 834 891 ,
857 844 900 878 et
922 850 1011 879 non
1030 843 1172 893 potest
1189 834 1325 878 teneri
1347 847 1448 876 eum
1466 831 1648 875 venerit.
1668 834 1753 874 Iste

366 908 481 952 enim
499 907 589 951 dies
606 907 681 966 qui
704 905 830 950 laetus
852 914 915 949 est
933 903 1110 964 perditis
1126 905 1255 948 hodie
1278 905 1323 948 in
1339 904 1418 948 ista
1440 903 1614 947 civitate
1628 937 1638 957 ,
1659 917 1752 946 cras

366 978 519 1038 utique
541 993 629 1022 non
648 977 755 1022 erit:
775 991 855 1020 nec
892 974 1025 1020 iidem
1047 976 1127 1036 ipsi
1148 991 1240 1020 cras
1259 975 1343 1019 hoc
1360 983 1489 1018 erunt
1519 972 1636 1033 quod
1672 974 1753 1017 ho-

367 1048 437 1093 die
459 1057 575 1093 sunt.
604 1050 661 1092 Et
693 1053 921 1091 transeunt
951 1046 1097 1092 omnia
1118 1082 1128 1102 ,
1163 1056 1205 1090 et
1237 1045 1410 1091 evolant
1440 1044 1584 1089 omnia
1603 1079 1613 1099 ,
1641 1052 1683 1087 et
1704 1044 1756 1087 si-

367 1129 441 1165 cut
459 1119 608 1163 fumus
624 1127 865 1164 vanescunt
886 1137 894 1163 :
913 1127 955 1162 et
977 1134 1042 1163 vae
1059 1119 1135 1178 qui
1154 1126 1302 1161 amant
1324 1117 1423 1161 talia
1440 1116 1447 1159 l
1465 1116 1616 1160 Omnis
1634 1115 1750 1159 enim

340 1230 343 1232 .
366 1191 509 1236 anima
532 1190 727 1250 sequitur
748 1187 869 1249 quod
891 1198 1022 1233 amat.
1050 1208 1070 1230 «
1094 1188 1246 1232 Omnis
1265 1202 1364 1232 caro
1386 1186 1576 1241 foenum,
1602 1196 1645 1230 et
1661 1201 1755 1229 om-

369 1279 389 1302 »
425 1261 490 1305 nis
513 1261 655 1305 honor
667 1260 807 1304 carnis
828 1259 951 1319 quasi
969 1259 1048 1302 ssos
1070 1258 1204 1315 foeni,
1231 1257 1401 1302 foenum
1424 1258 1552 1311 aruit,
1580 1257 1658 1301 ssos
1674 1257 1753 1300 de-

370 1350 390 1373 »
415 1331 521 1376 cidit
540 1350 547 1375 :
566 1331 750 1376 verbum
767 1339 914 1374 autem
931 1328 1105 1374 Domini
1122 1338 1269 1373 manet
1286 1330 1329 1372 in
1344 1330 1629 1373 aeternum1.»
1643 1330 1756 1371 Ecce

368 1402 489 1462 quod
518 1417 659 1457 ames,
683 1402 716 1445 si
737 1401 800 1446 vis
830 1416 1005 1445 manere
1029 1401 1075 1444 in
1097 1409 1325 1444 aeternum.
1354 1400 1438 1445 Sed
1456 1399 1598 1444 dicere
1621 1399 1757 1442 habe-

367 1473 444 1517 bas
470 1492 479 1517 ε
501 1472 625 1517 Unde
643 1487 818 1532 possum
836 1471 1162 1532 apprehendere
1175 1471 1370 1514 Verbum
1383 1470 1493 1514 Dei?
1518 1489 1538 1512 «
1561 1469 1758 1513 Verbum

371 1560 392 1584 »
426 1556 526 1586 caro
548 1542 714 1586 factum
736 1552 826 1597 est,
851 1551 894 1586 et
913 1542 1127 1587 habitavit
1148 1542 1194 1586 in
1211 1542 1334 1586 nobis
1348 1545 1380 1585 2.
1411 1559 1430 1582 »

430 1616 485 1656 ΙΙ.
507 1615 798 1672 Quapropter,
819 1613 1071 1669 charissimi,
1093 1612 1148 1657 ad
1169 1612 1360 1672 inopiam
1380 1621 1569 1656 nostram
1589 1621 1632 1656 et
1654 1627 1759 1671 pau-

371 1691 584 1743 pertatem
614 1692 805 1727 nostram
828 1683 1068 1742 pertineat,
1103 1691 1147 1726 et
1181 1683 1301 1743 quod
1328 1681 1423 1727 illos
1452 1681 1650 1727 dolemus
1683 1683 1759 1743 qui

371 1754 455 1798 sibi
487 1753 711 1798 abundare
742 1753 961 1798 videntur.
1003 1753 1223 1798 Gaudium
1259 1754 1375 1798 enim
1411 1754 1602 1813 ipsorum
1638 1754 1759 1813 quasi

372 1825 722 1884 phreneticorum
753 1833 830 1868 est.
863 1823 1092 1877 Quomodo
1127 1833 1272 1868 autem
1298 1825 1577 1882 phreneticus
1601 1824 1761 1882 gaudet

374 1895 420 1939 in
443 1895 605 1939 insania
628 1894 908 1954 plerumque,
929 1903 973 1938 et
992 1893 1129 1951 ridet,
1150 1903 1192 1938 et
1208 1893 1375 1953 plangit
1391 1894 1514 1938 illum
1534 1895 1609 1955 qui
1631 1911 1760 1939 sanus

373 1975 438 2010 est
469 1985 478 2010 ε
508 1966 566 2009 sic
596 1974 640 2009 et
662 1980 760 2020 nos,
787 1963 1044 2019 charissimi,
1083 1963 1117 2008 si
1146 1964 1388 2023 recepimus
1411 1963 1672 2009 medicinam
1705 1965 1760 2008 de

374 2036 486 2082 coelo
512 2037 758 2081 venientem
774 2070 785 2091 ,
818 2036 920 2096 quia
949 2033 992 2080 et
1021 2050 1099 2079 nos
1121 2051 1270 2079 omnes
1293 2035 1533 2095 phrenetici
1560 2051 1756 2091 eramus,

374 2116 584 2168 tanquam
607 2106 711 2152 salvi
738 2106 862 2162 facti,
890 2106 992 2166 quia
1014 2122 1061 2150 ea
1081 2122 1179 2167 quae
1197 2106 1485 2165 diligebamus
1507 2122 1598 2151 non
1616 2107 1761 2166 diligi-

376 2194 471 2224 mus
488 2214 499 2235 ,
525 2194 744 2237 gemamus
772 2178 826 2222 ad
849 2181 988 2222 Deum
1008 2177 1062 2222 de
1086 2179 1134 2222 iis
1157 2179 1232 2239 qui
1249 2178 1392 2222 adhuc
1414 2178 1650 2222 insaniunt.
1678 2182 1759 2223 Po-

379 2260 472 2295 tens
500 2260 564 2295 est
585 2251 700 2295 enim
717 2260 765 2295 ut
788 2260 830 2294 et
848 2250 960 2310 ipsos
983 2250 1122 2295 salvos
1145 2250 1288 2294 faciat.
1313 2253 1370 2294 Et
1392 2266 1500 2310 opus
1518 2259 1581 2294 est
1603 2259 1651 2293 ut
1675 2266 1761 2294 res—

376 2322 539 2381 piciant
560 2337 602 2366 se
622 2357 633 2378 ,
651 2330 694 2365 et
708 2320 963 2381 displiceant
980 2320 1077 2365 sibi.
1102 2323 1302 2380 Spectare
1324 2320 1495 2375 volunt,
1514 2330 1556 2364 et
1569 2329 1760 2377 spectare

376 2407 421 2436 se
444 2407 533 2437 non
552 2401 781 2437 noverunt.
804 2394 913 2436 Nam
934 2392 967 2435 si
985 2392 1256 2452 aliquantum
1273 2390 1423 2435 oeulos
1440 2390 1495 2435 ad
1516 2406 1559 2434 se
1575 2405 1761 2434 conver-

376 2472 497 2519 tant,
528 2463 678 2508 vident
710 2462 1011 2508 confusionem
1046 2478 1184 2509 suam,
1222 2461 1351 2516 Quod
1381 2462 1521 2507 donec
1556 2462 1652 2516 siat,
1681 2460 1762 2505 alia

429 2555 436 2572 ¹
463 2550 534 2581 isai.
553 2559 604 2589 u,
618 2548 651 2582 6.
666 2565 708 2571 ·-·
724 2551 844 2582 ²Joan.
863 2561 888 2590 1,
917 2547 967 2583 πά.
