<?xml version="1.0" encoding="UTF-8"?>
<!DOCTYPE html PUBLIC "-//W3C//DTD XHTML 1.0 Transitional//EN"
    "http://www.w3.org/TR/xhtml1/DTD/xhtml1-transitional.dtd">
<html xmlns="http://www.w3.org/1999/xhtml" xml:lang="en" lang="en">
 <head>
  <title>
</title>
<meta http-equiv="Content-Type" content="text/html;charset=utf-8" />
  <meta name='ocr-system' content='tesseract 3.04.00' />
  <meta name='ocr-capabilities' content='ocr_page ocr_carea ocr_par ocr_line ocrx_word'/>
</head>
<body>
  <div class='ocr_page' id='page_1' title='image "./operaomniaaccura15auguuoft_0312.png"; bbox 0 0 1809 3173; ppageno 0'>
   <div class='ocr_carea' id='block_1_1' title="bbox 381 222 1322 262">
    <p class='ocr_par' dir='ltr' id='par_1_1' title="bbox 381 222 1322 262">
     <span class='ocr_line' id='line_1_1' title="bbox 381 222 1322 262; baseline 0 -2"><span class='ocrx_word' id='word_1_1' title='bbox 381 222 463 261; x_wconf 90' lang='lat'>300</span> <span class='ocrx_word' id='word_1_2' title='bbox 811 236 842 261; x_wconf 87' lang='lat' dir='ltr'>s.</span> <span class='ocrx_word' id='word_1_3' title='bbox 879 233 1108 262; x_wconf 76' lang='lat' dir='ltr'>AUGUsTlNl</span> <span class='ocrx_word' id='word_1_4' title='bbox 1144 235 1322 261; x_wconf 76' lang='lat' dir='ltr'>EPISCOPl</span> 
     </span>
    </p>
   </div>
   <div class='ocr_carea' id='block_1_2' title="bbox 356 297 1755 2612">
    <p class='ocr_par' dir='ltr' id='par_1_2' title="bbox 375 297 1755 713">
     <span class='ocr_line' id='line_1_2' title="bbox 379 297 1754 360; baseline -0.001 -17"><span class='ocrx_word' id='word_1_5' title='bbox 379 307 612 353; x_wconf 80' lang='lat' dir='ltr'>amantem,</span> <span class='ocrx_word' id='word_1_6' title='bbox 639 300 825 344; x_wconf 87' lang='lat' dir='ltr'>etsentit</span> <span class='ocrx_word' id='word_1_7' title='bbox 850 300 967 360; x_wconf 85' lang='lat' dir='ltr'>quod</span> <span class='ocrx_word' id='word_1_8' title='bbox 992 301 1104 344; x_wconf 87' lang='lat' dir='ltr'>dico.</span> <span class='ocrx_word' id='word_1_9' title='bbox 1128 304 1187 344; x_wconf 85' lang='lat' dir='ltr'>Da</span> <span class='ocrx_word' id='word_1_10' title='bbox 1215 299 1553 357; x_wconf 74' lang='lat' dir='ltr'>desiderantem,</span> <span class='ocrx_word' id='word_1_11' title='bbox 1579 297 1631 342; x_wconf 88' lang='lat' dir='ltr'>da</span> <span class='ocrx_word' id='word_1_12' title='bbox 1660 314 1754 343; x_wconf 82' lang='lat' dir='ltr'>esu-</span> 
     </span>
     <span class='ocr_line' id='line_1_3' title="bbox 376 369 1754 431; baseline 0 -18"><span class='ocrx_word' id='word_1_13' title='bbox 376 371 574 423; x_wconf 82' lang='lat' dir='ltr'>rientem,</span> <span class='ocrx_word' id='word_1_14' title='bbox 596 369 650 414; x_wconf 84' lang='lat' dir='ltr'>da</span> <span class='ocrx_word' id='word_1_15' title='bbox 673 371 717 414; x_wconf 90' lang='lat' dir='ltr'>in</span> <span class='ocrx_word' id='word_1_16' title='bbox 740 372 817 415; x_wconf 85' lang='lat' dir='ltr'>ista</span> <span class='ocrx_word' id='word_1_17' title='bbox 841 372 1071 416; x_wconf 74' lang='lat' dir='ltr'>solitudine</span> <span class='ocrx_word' id='word_1_18' title='bbox 1087 373 1429 431; x_wconf 75' lang='lat' dir='ltr'>peregrinantem</span> <span class='ocrx_word' id='word_1_19' title='bbox 1450 379 1580 430; x_wconf 83' lang='lat' dir='ltr'>atque</span> <span class='ocrx_word' id='word_1_20' title='bbox 1608 370 1754 414; x_wconf 88' lang='lat' dir='ltr'>sitien-</span> 
     </span>
     <span class='ocr_line' id='line_1_4' title="bbox 378 440 1755 502; baseline 0.001 -19"><span class='ocrx_word' id='word_1_21' title='bbox 378 450 480 494; x_wconf 82' lang='lat' dir='ltr'>tem⁷</span> <span class='ocrx_word' id='word_1_22' title='bbox 499 450 541 484; x_wconf 90' lang='lat' dir='ltr'>et</span> <span class='ocrx_word' id='word_1_23' title='bbox 566 440 728 485; x_wconf 88' lang='lat' dir='ltr'>fontem</span> <span class='ocrx_word' id='word_1_24' title='bbox 751 452 924 486; x_wconf 70' lang='lat' dir='ltr'>aeterna:</span> <span class='ocrx_word' id='word_1_25' title='bbox 948 443 1098 502; x_wconf 76' lang='lat' dir='ltr'>patriae</span> <span class='ocrx_word' id='word_1_26' title='bbox 1118 442 1401 500; x_wconf 85' lang='lat' dir='ltr'>suspirantem</span> <span class='ocrx_word' id='word_1_27' title='bbox 1429 461 1436 485; x_wconf 77' lang='lat' dir='ltr'><strong><em>z</em></strong></span> <span class='ocrx_word' id='word_1_28' title='bbox 1464 440 1517 484; x_wconf 88' lang='lat' dir='ltr'>da</span> <span class='ocrx_word' id='word_1_29' title='bbox 1544 441 1688 494; x_wconf 85' lang='lat' dir='ltr'>talem,</span> <span class='ocrx_word' id='word_1_30' title='bbox 1713 450 1755 484; x_wconf 86' lang='lat' dir='ltr'>et</span> 
     </span>
     <span class='ocr_line' id='line_1_5' title="bbox 375 510 1754 570; baseline -0.001 -16"><span class='ocrx_word' id='word_1_31' title='bbox 375 511 454 554; x_wconf 87' lang='lat' dir='ltr'>scit</span> <span class='ocrx_word' id='word_1_32' title='bbox 474 510 580 570; x_wconf 83' lang='lat' dir='ltr'>quid</span> <span class='ocrx_word' id='word_1_33' title='bbox 602 511 757 555; x_wconf 82' lang='lat' dir='ltr'>dicam.</span> <span class='ocrx_word' id='word_1_34' title='bbox 784 512 825 556; x_wconf 84' lang='lat' dir='ltr'>Si</span> <span class='ocrx_word' id='word_1_35' title='bbox 848 522 992 555; x_wconf 80' lang='lat' dir='ltr'>autem</span> <span class='ocrx_word' id='word_1_36' title='bbox 1017 511 1175 569; x_wconf 84' lang='lat' dir='ltr'>frigido</span> <span class='ocrx_word' id='word_1_37' title='bbox 1206 510 1385 570; x_wconf 83' lang='lat' dir='ltr'>loquor,</span> <span class='ocrx_word' id='word_1_38' title='bbox 1407 511 1542 554; x_wconf 90' lang='lat' dir='ltr'>nescit</span> <span class='ocrx_word' id='word_1_39' title='bbox 1560 510 1665 570; x_wconf 81' lang='lat' dir='ltr'>quid</span> <span class='ocrx_word' id='word_1_40' title='bbox 1687 510 1754 553; x_wconf 85' lang='lat' dir='ltr'>lo-</span> 
     </span>
     <span class='ocr_line' id='line_1_6' title="bbox 375 582 1751 642; baseline -0.001 -16"><span class='ocrx_word' id='word_1_41' title='bbox 375 598 499 642; x_wconf 90' lang='lat' dir='ltr'>quor.</span> <span class='ocrx_word' id='word_1_42' title='bbox 521 582 641 626; x_wconf 85' lang='lat' dir='ltr'>Tales</span> <span class='ocrx_word' id='word_1_43' title='bbox 664 593 785 626; x_wconf 84' lang='lat' dir='ltr'>erant</span> <span class='ocrx_word' id='word_1_44' title='bbox 807 584 874 626; x_wconf 88' lang='lat' dir='ltr'>isti</span> <span class='ocrx_word' id='word_1_45' title='bbox 895 583 969 642; x_wconf 82' lang='lat' dir='ltr'>qui</span> <span class='ocrx_word' id='word_1_46' title='bbox 992 582 1175 626; x_wconf 87' lang='lat' dir='ltr'>invicem</span> <span class='ocrx_word' id='word_1_47' title='bbox 1197 582 1541 625; x_wconf 81' lang='lat' dir='ltr'>murmurabant.</span> <span class='ocrx_word' id='word_1_48' title='bbox 1565 600 1585 623; x_wconf 89' lang='lat'>«</span> <span class='ocrx_word' id='word_1_49' title='bbox 1611 585 1751 635; x_wconf 85' lang='lat' dir='ltr'>Pater,</span> 
     </span>
     <span class='ocr_line' id='line_1_7' title="bbox 377 652 1309 713; baseline -0.002 -19"><span class='ocrx_word' id='word_1_50' title='bbox 377 670 397 694; x_wconf 88' lang='lat'>»</span> <span class='ocrx_word' id='word_1_51' title='bbox 432 653 589 713; x_wconf 82' lang='lat' dir='ltr'>inquit,</span> <span class='ocrx_word' id='word_1_52' title='bbox 614 669 742 712; x_wconf 85' lang='lat' dir='ltr'>quem</span> <span class='ocrx_word' id='word_1_53' title='bbox 767 653 955 706; x_wconf 75' lang='lat' dir='ltr'>traxerit,</span> <span class='ocrx_word' id='word_1_54' title='bbox 977 652 1096 696; x_wconf 87' lang='lat' dir='ltr'>venit</span> <span class='ocrx_word' id='word_1_55' title='bbox 1111 652 1166 695; x_wconf 84' lang='lat' dir='ltr'>ad</span> <span class='ocrx_word' id='word_1_56' title='bbox 1180 667 1263 695; x_wconf 90' lang='lat' dir='ltr'>me.</span> <span class='ocrx_word' id='word_1_57' title='bbox 1290 670 1309 692; x_wconf 88' lang='lat'>»</span> 
     </span>
    </p>

    <p class='ocr_par' dir='ltr' id='par_1_3' title="bbox 356 722 1755 2544">
     <span class='ocr_line' id='line_1_8' title="bbox 433 722 1754 782; baseline 0 -17"><span class='ocrx_word' id='word_1_58' title='bbox 433 725 484 767; x_wconf 90' lang='lat' dir='ltr'>V.</span> <span class='ocrx_word' id='word_1_59' title='bbox 505 723 619 776; x_wconf 83' lang='lat' dir='ltr'>Quid</span> <span class='ocrx_word' id='word_1_60' title='bbox 640 732 702 766; x_wconf 88' lang='lat' dir='ltr'>est</span> <span class='ocrx_word' id='word_1_61' title='bbox 721 732 882 777; x_wconf 82' lang='lat' dir='ltr'>autem,</span> <span class='ocrx_word' id='word_1_62' title='bbox 908 742 926 763; x_wconf 86' lang='lat'>«</span> <span class='ocrx_word' id='word_1_63' title='bbox 946 726 1070 766; x_wconf 84' lang='lat' dir='ltr'>Pater</span> <span class='ocrx_word' id='word_1_64' title='bbox 1092 737 1221 782; x_wconf 89' lang='lat' dir='ltr'>quem</span> <span class='ocrx_word' id='word_1_65' title='bbox 1252 722 1429 765; x_wconf 78' lang='lat' dir='ltr'>traxerit</span> <span class='ocrx_word' id='word_1_66' title='bbox 1453 741 1461 765; x_wconf 75' lang='grc' dir='ltr'>ε</span> <span class='ocrx_word' id='word_1_67' title='bbox 1490 739 1510 761; x_wconf 86' lang='grc'>»</span> <span class='ocrx_word' id='word_1_68' title='bbox 1538 737 1636 765; x_wconf 90' lang='lat' dir='ltr'>cum</span> <span class='ocrx_word' id='word_1_69' title='bbox 1666 722 1754 780; x_wconf 87' lang='lat' dir='ltr'>ipse</span> 
     </span>
     <span class='ocr_line' id='line_1_9' title="bbox 373 793 1753 851; baseline -0.001 -15"><span class='ocrx_word' id='word_1_70' title='bbox 373 793 568 837; x_wconf 87' lang='lat' dir='ltr'>Christus</span> <span class='ocrx_word' id='word_1_71' title='bbox 591 793 733 836; x_wconf 80' lang='lat' dir='ltr'>trahat</span> <span class='ocrx_word' id='word_1_72' title='bbox 749 795 767 836; x_wconf 78' lang='lat' dir='ltr'>P</span> <span class='ocrx_word' id='word_1_73' title='bbox 784 796 923 845; x_wconf 73' lang='lat' dir='ltr'>Quare</span> <span class='ocrx_word' id='word_1_74' title='bbox 941 793 1077 837; x_wconf 90' lang='lat' dir='ltr'>voluit</span> <span class='ocrx_word' id='word_1_75' title='bbox 1110 793 1253 837; x_wconf 81' lang='lat' dir='ltr'>dicere</span> <span class='ocrx_word' id='word_1_76' title='bbox 1269 827 1280 846; x_wconf 85' lang='lat'>,</span> <span class='ocrx_word' id='word_1_77' title='bbox 1310 811 1328 832; x_wconf 89' lang='lat'>«</span> <span class='ocrx_word' id='word_1_78' title='bbox 1357 795 1481 835; x_wconf 84' lang='lat' dir='ltr'>Pater</span> <span class='ocrx_word' id='word_1_79' title='bbox 1512 807 1641 851; x_wconf 89' lang='lat' dir='ltr'>quem</span> <span class='ocrx_word' id='word_1_80' title='bbox 1665 800 1753 835; x_wconf 83' lang='lat' dir='ltr'>tra-</span> 
     </span>
     <span class='ocr_line' id='line_1_10' title="bbox 376 862 1755 918; baseline 0.001 -13"><span class='ocrx_word' id='word_1_81' title='bbox 376 882 396 905; x_wconf 86' lang='lat'>»</span> <span class='ocrx_word' id='word_1_82' title='bbox 430 865 569 907; x_wconf 76' lang='lat' dir='ltr'>xerit?</span> <span class='ocrx_word' id='word_1_83' title='bbox 591 882 609 903; x_wconf 89' lang='lat'>»</span> <span class='ocrx_word' id='word_1_84' title='bbox 639 864 679 907; x_wconf 83' lang='lat' dir='ltr'>Si</span> <span class='ocrx_word' id='word_1_85' title='bbox 702 863 901 907; x_wconf 82' lang='lat' dir='ltr'>trahendi</span> <span class='ocrx_word' id='word_1_86' title='bbox 919 879 1090 918; x_wconf 86' lang='lat' dir='ltr'>sumus,</span> <span class='ocrx_word' id='word_1_87' title='bbox 1126 863 1272 907; x_wconf 83' lang='lat' dir='ltr'>abillo</span> <span class='ocrx_word' id='word_1_88' title='bbox 1306 862 1525 906; x_wconf 81' lang='lat' dir='ltr'>trahamur</span> <span class='ocrx_word' id='word_1_89' title='bbox 1558 863 1627 906; x_wconf 89' lang='lat' dir='ltr'>cui</span> <span class='ocrx_word' id='word_1_90' title='bbox 1650 862 1755 906; x_wconf 89' lang='lat' dir='ltr'>dicit</span> 
     </span>
     <span class='ocr_line' id='line_1_11' title="bbox 371 932 1755 993; baseline -0.001 -16"><span class='ocrx_word' id='word_1_91' title='bbox 371 934 572 993; x_wconf 78' lang='lat' dir='ltr'>quaedam</span> <span class='ocrx_word' id='word_1_92' title='bbox 595 949 693 993; x_wconf 67' lang='lat' dir='ltr'>quse</span> <span class='ocrx_word' id='word_1_93' title='bbox 727 932 893 992; x_wconf 76' lang='lat' dir='ltr'>diligit,</span> <span class='ocrx_word' id='word_1_94' title='bbox 922 953 940 975; x_wconf 77' lang='grc' dir='ltr'>α</span> <span class='ocrx_word' id='word_1_95' title='bbox 969 937 1067 977; x_wconf 84' lang='lat' dir='ltr'>Post</span> <span class='ocrx_word' id='word_1_96' title='bbox 1100 933 1274 977; x_wconf 90' lang='lat' dir='ltr'>odorem</span> <span class='ocrx_word' id='word_1_97' title='bbox 1302 941 1626 991; x_wconf 80' lang='lat' dir='ltr'>unguentorum</span> <span class='ocrx_word' id='word_1_98' title='bbox 1659 942 1755 976; x_wconf 89' lang='lat' dir='ltr'>tuo-</span> 
     </span>
     <span class='ocr_line' id='line_1_12' title="bbox 374 1002 1753 1063; baseline 0.001 -18"><span class='ocrx_word' id='word_1_99' title='bbox 374 1023 394 1046; x_wconf 86' lang='lat'>»</span> <span class='ocrx_word' id='word_1_100' title='bbox 432 1019 525 1047; x_wconf 85' lang='lat' dir='ltr'>rum</span> <span class='ocrx_word' id='word_1_101' title='bbox 549 1007 811 1048; x_wconf 86' lang='lat' dir='ltr'>curremns¹.</span> <span class='ocrx_word' id='word_1_102' title='bbox 843 1022 861 1043; x_wconf 92' lang='lat'>»</span> <span class='ocrx_word' id='word_1_103' title='bbox 890 1003 972 1048; x_wconf 84' lang='lat' dir='ltr'>Sed</span> <span class='ocrx_word' id='word_1_104' title='bbox 1001 1003 1107 1063; x_wconf 80' lang='lat' dir='ltr'>quid</span> <span class='ocrx_word' id='word_1_105' title='bbox 1139 1003 1322 1062; x_wconf 79' lang='lat' dir='ltr'>intelligi</span> <span class='ocrx_word' id='word_1_106' title='bbox 1345 1002 1512 1057; x_wconf 78' lang='lat' dir='ltr'>voluit„</span> <span class='ocrx_word' id='word_1_107' title='bbox 1554 1002 1753 1046; x_wconf 83' lang='lat' dir='ltr'>adverta-</span> 
     </span>
     <span class='ocr_line' id='line_1_13' title="bbox 370 1073 1754 1134; baseline -0.002 -16"><span class='ocrx_word' id='word_1_108' title='bbox 370 1090 488 1129; x_wconf 84' lang='lat' dir='ltr'>mus,</span> <span class='ocrx_word' id='word_1_109' title='bbox 520 1073 692 1129; x_wconf 78' lang='lat' dir='ltr'>fratres,</span> <span class='ocrx_word' id='word_1_110' title='bbox 730 1083 772 1118; x_wconf 87' lang='lat' dir='ltr'>et</span> <span class='ocrx_word' id='word_1_111' title='bbox 809 1083 1023 1134; x_wconf 78' lang='lat' dir='ltr'>quantum</span> <span class='ocrx_word' id='word_1_112' title='bbox 1065 1089 1291 1133; x_wconf 88' lang='lat' dir='ltr'>possumus</span> <span class='ocrx_word' id='word_1_113' title='bbox 1335 1073 1571 1132; x_wconf 85' lang='lat' dir='ltr'>capiamus.</span> <span class='ocrx_word' id='word_1_114' title='bbox 1607 1073 1754 1116; x_wconf 81' lang='lat' dir='ltr'>Trahit</span> 
     </span>
     <span class='ocr_line' id='line_1_14' title="bbox 372 1144 1753 1206; baseline -0.002 -17"><span class='ocrx_word' id='word_1_115' title='bbox 372 1149 496 1190; x_wconf 81' lang='lat' dir='ltr'>Pater</span> <span class='ocrx_word' id='word_1_116' title='bbox 519 1145 572 1189; x_wconf 80' lang='lat' dir='ltr'>ad</span> <span class='ocrx_word' id='word_1_117' title='bbox 590 1146 745 1189; x_wconf 63' lang='lat' dir='ltr'>Filium</span> <span class='ocrx_word' id='word_1_118' title='bbox 769 1161 839 1189; x_wconf 85' lang='lat' dir='ltr'>eos</span> <span class='ocrx_word' id='word_1_119' title='bbox 858 1146 932 1206; x_wconf 91' lang='lat' dir='ltr'>qui</span> <span class='ocrx_word' id='word_1_120' title='bbox 955 1155 1181 1204; x_wconf 85' lang='lat' dir='ltr'>propterea</span> <span class='ocrx_word' id='word_1_121' title='bbox 1197 1144 1440 1188; x_wconf 86' lang='lat' dir='ltr'>creduntin</span> <span class='ocrx_word' id='word_1_122' title='bbox 1462 1144 1636 1197; x_wconf 81' lang='lat' dir='ltr'>Filium,</span> <span class='ocrx_word' id='word_1_123' title='bbox 1652 1145 1753 1203; x_wconf 86' lang='lat' dir='ltr'>quia</span> 
     </span>
     <span class='ocr_line' id='line_1_15' title="bbox 371 1216 1755 1276; baseline -0.003 -15"><span class='ocrx_word' id='word_1_124' title='bbox 371 1233 470 1261; x_wconf 86' lang='lat' dir='ltr'>cum</span> <span class='ocrx_word' id='word_1_125' title='bbox 493 1218 686 1276; x_wconf 78' lang='lat' dir='ltr'>cogitant</span> <span class='ocrx_word' id='word_1_126' title='bbox 721 1221 889 1261; x_wconf 85' lang='lat' dir='ltr'>Patrem</span> <span class='ocrx_word' id='word_1_127' title='bbox 933 1217 1092 1260; x_wconf 84' lang='lat' dir='ltr'>habere</span> <span class='ocrx_word' id='word_1_128' title='bbox 1130 1220 1265 1260; x_wconf 89' lang='lat' dir='ltr'>Deum</span> <span class='ocrx_word' id='word_1_129' title='bbox 1303 1235 1311 1259; x_wconf 92' lang='lat'>:</span> <span class='ocrx_word' id='word_1_130' title='bbox 1340 1218 1452 1259; x_wconf 84' lang='lat' dir='ltr'>Deus</span> <span class='ocrx_word' id='word_1_131' title='bbox 1483 1216 1595 1258; x_wconf 88' lang='lat' dir='ltr'>enim</span> <span class='ocrx_word' id='word_1_132' title='bbox 1630 1218 1755 1258; x_wconf 83' lang='lat' dir='ltr'>Pater</span> 
     </span>
     <span class='ocr_line' id='line_1_16' title="bbox 370 1285 1753 1348; baseline -0.002 -17"><span class='ocrx_word' id='word_1_133' title='bbox 370 1288 580 1348; x_wconf 69' lang='lat' dir='ltr'>:equalem</span> <span class='ocrx_word' id='word_1_134' title='bbox 606 1289 683 1330; x_wconf 81' lang='lat' dir='ltr'>sibi</span> <span class='ocrx_word' id='word_1_135' title='bbox 709 1288 857 1346; x_wconf 74' lang='lat' dir='ltr'>genuit</span> <span class='ocrx_word' id='word_1_136' title='bbox 882 1287 1067 1330; x_wconf 89' lang='lat' dir='ltr'>Filium:</span> <span class='ocrx_word' id='word_1_137' title='bbox 1088 1297 1136 1331; x_wconf 92' lang='lat' dir='ltr'>ut</span> <span class='ocrx_word' id='word_1_138' title='bbox 1158 1287 1233 1346; x_wconf 86' lang='lat' dir='ltr'>qui</span> <span class='ocrx_word' id='word_1_139' title='bbox 1252 1287 1428 1345; x_wconf 79' lang='lat' dir='ltr'>cogitat,</span> <span class='ocrx_word' id='word_1_140' title='bbox 1448 1295 1578 1345; x_wconf 86' lang='lat' dir='ltr'>atque</span> <span class='ocrx_word' id='word_1_141' title='bbox 1601 1286 1645 1328; x_wconf 86' lang='lat' dir='ltr'>in</span> <span class='ocrx_word' id='word_1_142' title='bbox 1670 1285 1753 1329; x_wconf 81' lang='lat' dir='ltr'>fide</span> 
     </span>
     <span class='ocr_line' id='line_1_17' title="bbox 369 1356 1753 1417; baseline -0.003 -15"><span class='ocrx_word' id='word_1_143' title='bbox 369 1374 443 1403; x_wconf 84' lang='lat' dir='ltr'>sua</span> <span class='ocrx_word' id='word_1_144' title='bbox 468 1359 596 1402; x_wconf 88' lang='lat' dir='ltr'>sentit</span> <span class='ocrx_word' id='word_1_145' title='bbox 628 1368 670 1401; x_wconf 83' lang='lat' dir='ltr'>et</span> <span class='ocrx_word' id='word_1_146' title='bbox 704 1359 893 1401; x_wconf 80' lang='lat' dir='ltr'>ruminat</span> <span class='ocrx_word' id='word_1_147' title='bbox 930 1356 1143 1417; x_wconf 69' lang='lat' dir='ltr'>[equalem</span> <span class='ocrx_word' id='word_1_148' title='bbox 1178 1373 1267 1400; x_wconf 88' lang='lat' dir='ltr'>esse</span> <span class='ocrx_word' id='word_1_149' title='bbox 1290 1356 1403 1400; x_wconf 86' lang='lat' dir='ltr'>Patri</span> <span class='ocrx_word' id='word_1_150' title='bbox 1428 1371 1526 1399; x_wconf 86' lang='lat' dir='ltr'>eum</span> <span class='ocrx_word' id='word_1_151' title='bbox 1555 1356 1599 1398; x_wconf 90' lang='lat' dir='ltr'>in</span> <span class='ocrx_word' id='word_1_152' title='bbox 1622 1372 1753 1415; x_wconf 86' lang='lat' dir='ltr'>quem</span> 
     </span>
     <span class='ocr_line' id='line_1_18' title="bbox 369 1425 1755 1487; baseline -0.002 -14"><span class='ocrx_word' id='word_1_153' title='bbox 369 1428 573 1481; x_wconf 86' lang='lat' dir='ltr'>credidit,</span> <span class='ocrx_word' id='word_1_154' title='bbox 609 1428 750 1487; x_wconf 83' lang='lat' dir='ltr'>ipsum</span> <span class='ocrx_word' id='word_1_155' title='bbox 790 1428 921 1471; x_wconf 80' lang='lat' dir='ltr'>trahit</span> <span class='ocrx_word' id='word_1_156' title='bbox 958 1431 1084 1471; x_wconf 74' lang='lat' dir='ltr'>Pater</span> <span class='ocrx_word' id='word_1_157' title='bbox 1121 1426 1175 1471; x_wconf 87' lang='lat' dir='ltr'>ad</span> <span class='ocrx_word' id='word_1_158' title='bbox 1199 1426 1373 1470; x_wconf 83' lang='lat' dir='ltr'>Filium.</span> <span class='ocrx_word' id='word_1_159' title='bbox 1413 1426 1539 1470; x_wconf 88' lang='lat' dir='ltr'>Arius</span> <span class='ocrx_word' id='word_1_160' title='bbox 1572 1425 1755 1470; x_wconf 81' lang='lat' dir='ltr'>credidit</span> 
     </span>
     <span class='ocr_line' id='line_1_19' title="bbox 356 1496 1754 1556; baseline -0.002 -14"><span class='ocrx_word' id='word_1_161' title='bbox 356 1496 634 1552; x_wconf 73' lang='lat' dir='ltr'>creaturam,</span> <span class='ocrx_word' id='word_1_162' title='bbox 673 1514 758 1541; x_wconf 90' lang='lat' dir='ltr'>non</span> <span class='ocrx_word' id='word_1_163' title='bbox 782 1513 880 1541; x_wconf 89' lang='lat' dir='ltr'>eum</span> <span class='ocrx_word' id='word_1_164' title='bbox 916 1499 1040 1541; x_wconf 86' lang='lat' dir='ltr'>traxit</span> <span class='ocrx_word' id='word_1_165' title='bbox 1065 1501 1219 1554; x_wconf 62' lang='lat' dir='ltr'>Pater,</span> <span class='ocrx_word' id='word_1_166' title='bbox 1257 1497 1357 1556; x_wconf 86' lang='lat' dir='ltr'>quia</span> <span class='ocrx_word' id='word_1_167' title='bbox 1391 1512 1480 1540; x_wconf 90' lang='lat' dir='ltr'>non</span> <span class='ocrx_word' id='word_1_168' title='bbox 1513 1496 1754 1540; x_wconf 85' lang='lat' dir='ltr'>considerat</span> 
     </span>
     <span class='ocr_line' id='line_1_20' title="bbox 372 1565 1753 1629; baseline -0.004 -16"><span class='ocrx_word' id='word_1_169' title='bbox 372 1574 557 1620; x_wconf 71' lang='lat' dir='ltr'>Patrem,</span> <span class='ocrx_word' id='word_1_170' title='bbox 575 1569 650 1629; x_wconf 83' lang='lat' dir='ltr'>qui</span> <span class='ocrx_word' id='word_1_171' title='bbox 669 1569 826 1612; x_wconf 86' lang='lat' dir='ltr'>Filium</span> <span class='ocrx_word' id='word_1_172' title='bbox 846 1585 933 1612; x_wconf 85' lang='lat' dir='ltr'>non</span> <span class='ocrx_word' id='word_1_173' title='bbox 956 1569 1093 1612; x_wconf 87' lang='lat' dir='ltr'>credit</span> <span class='ocrx_word' id='word_1_174' title='bbox 1107 1567 1334 1628; x_wconf 76' lang='lat' dir='ltr'>aequalem.</span> <span class='ocrx_word' id='word_1_175' title='bbox 1354 1566 1469 1620; x_wconf 86' lang='lat' dir='ltr'>Quid</span> <span class='ocrx_word' id='word_1_176' title='bbox 1485 1565 1590 1610; x_wconf 87' lang='lat' dir='ltr'>dicis</span> <span class='ocrx_word' id='word_1_177' title='bbox 1609 1582 1634 1610; x_wconf 90' lang='lat' dir='ltr'>o</span> <span class='ocrx_word' id='word_1_178' title='bbox 1649 1567 1753 1610; x_wconf 84' lang='lat' dir='ltr'>Ari?</span> 
     </span>
     <span class='ocr_line' id='line_1_21' title="bbox 369 1637 1748 1699; baseline -0.003 -16"><span class='ocrx_word' id='word_1_179' title='bbox 369 1639 476 1699; x_wconf 80' lang='lat' dir='ltr'>quid</span> <span class='ocrx_word' id='word_1_180' title='bbox 511 1640 711 1683; x_wconf 76' lang='lat' dir='ltr'>haeretice</span> <span class='ocrx_word' id='word_1_181' title='bbox 740 1638 1079 1699; x_wconf 77' lang='lat' dir='ltr'>loc1ue1·is?quid</span> <span class='ocrx_word' id='word_1_182' title='bbox 1109 1648 1170 1681; x_wconf 85' lang='lat' dir='ltr'>est</span> <span class='ocrx_word' id='word_1_183' title='bbox 1188 1638 1554 1691; x_wconf 76' lang='lat' dir='ltr'>Christus?Non,</span> <span class='ocrx_word' id='word_1_184' title='bbox 1583 1637 1748 1696; x_wconf 84' lang='lat' dir='ltr'>inquit,</span> 
     </span>
     <span class='ocr_line' id='line_1_22' title="bbox 370 1707 1748 1769; baseline -0.003 -16"><span class='ocrx_word' id='word_1_185' title='bbox 370 1714 482 1753; x_wconf 72' lang='lat' dir='ltr'>Deus</span> <span class='ocrx_word' id='word_1_186' title='bbox 496 1726 620 1754; x_wconf 80' lang='lat' dir='ltr'>verus</span> <span class='ocrx_word' id='word_1_187' title='bbox 634 1731 644 1766; x_wconf 78' lang='lat'><em>3</em></span> <span class='ocrx_word' id='word_1_188' title='bbox 660 1709 733 1753; x_wconf 90' lang='lat' dir='ltr'>sed</span> <span class='ocrx_word' id='word_1_189' title='bbox 746 1726 876 1769; x_wconf 83' lang='lat' dir='ltr'>quem</span> <span class='ocrx_word' id='word_1_190' title='bbox 894 1708 993 1752; x_wconf 88' lang='lat' dir='ltr'>secit</span> <span class='ocrx_word' id='word_1_191' title='bbox 1010 1712 1122 1752; x_wconf 86' lang='lat' dir='ltr'>Deus</span> <span class='ocrx_word' id='word_1_192' title='bbox 1136 1724 1275 1752; x_wconf 86' lang='lat' dir='ltr'>verus.</span> <span class='ocrx_word' id='word_1_193' title='bbox 1290 1711 1385 1752; x_wconf 91' lang='lat' dir='ltr'>Non</span> <span class='ocrx_word' id='word_1_194' title='bbox 1401 1717 1442 1751; x_wconf 85' lang='lat' dir='ltr'>te</span> <span class='ocrx_word' id='word_1_195' title='bbox 1458 1707 1586 1750; x_wconf 81' lang='lat' dir='ltr'>traxit</span> <span class='ocrx_word' id='word_1_196' title='bbox 1603 1710 1748 1763; x_wconf 65' lang='lat' dir='ltr'>Pater,</span> 
     </span>
     <span class='ocr_line' id='line_1_23' title="bbox 369 1777 1750 1839; baseline -0.001 -15"><span class='ocrx_word' id='word_1_197' title='bbox 369 1797 457 1825; x_wconf 89' lang='lat' dir='ltr'>non</span> <span class='ocrx_word' id='word_1_198' title='bbox 480 1781 594 1824; x_wconf 87' lang='lat' dir='ltr'>enim</span> <span class='ocrx_word' id='word_1_199' title='bbox 615 1780 860 1824; x_wconf 80' lang='lat' dir='ltr'>intellexisti</span> <span class='ocrx_word' id='word_1_200' title='bbox 892 1784 1062 1824; x_wconf 87' lang='lat' dir='ltr'>Patrem</span> <span class='ocrx_word' id='word_1_201' title='bbox 1081 1815 1091 1834; x_wconf 88' lang='lat'>‚</span> <span class='ocrx_word' id='word_1_202' title='bbox 1117 1781 1242 1839; x_wconf 87' lang='lat' dir='ltr'>cujus</span> <span class='ocrx_word' id='word_1_203' title='bbox 1265 1778 1423 1822; x_wconf 85' lang='lat' dir='ltr'>Filium</span> <span class='ocrx_word' id='word_1_204' title='bbox 1447 1794 1576 1837; x_wconf 79' lang='lat' dir='ltr'>negas</span> <span class='ocrx_word' id='word_1_205' title='bbox 1598 1799 1605 1821; x_wconf 87' lang='lat'><strong>:</strong></span> <span class='ocrx_word' id='word_1_206' title='bbox 1632 1777 1750 1822; x_wconf 90' lang='lat' dir='ltr'>aliud</span> 
     </span>
     <span class='ocr_line' id='line_1_24' title="bbox 370 1847 1750 1910; baseline -0.003 -15"><span class='ocrx_word' id='word_1_207' title='bbox 370 1853 546 1910; x_wconf 75' lang='lat' dir='ltr'>eogitaS,</span> <span class='ocrx_word' id='word_1_208' title='bbox 574 1867 662 1895; x_wconf 90' lang='lat' dir='ltr'>non</span> <span class='ocrx_word' id='word_1_209' title='bbox 701 1861 764 1894; x_wconf 89' lang='lat' dir='ltr'>est</span> <span class='ocrx_word' id='word_1_210' title='bbox 784 1852 873 1910; x_wconf 88' lang='lat' dir='ltr'>ipse</span> <span class='ocrx_word' id='word_1_211' title='bbox 896 1849 1054 1905; x_wconf 66' lang='lat' dir='ltr'>Filius,</span> <span class='ocrx_word' id='word_1_212' title='bbox 1077 1866 1155 1893; x_wconf 86' lang='lat' dir='ltr'>nec</span> <span class='ocrx_word' id='word_1_213' title='bbox 1178 1866 1200 1893; x_wconf 83' lang='lat' dir='ltr'>a</span> <span class='ocrx_word' id='word_1_214' title='bbox 1225 1853 1350 1893; x_wconf 85' lang='lat' dir='ltr'>Patre</span> <span class='ocrx_word' id='word_1_215' title='bbox 1373 1849 1571 1903; x_wconf 79' lang='lat' dir='ltr'>traheris,</span> <span class='ocrx_word' id='word_1_216' title='bbox 1594 1863 1672 1892; x_wconf 90' lang='lat' dir='ltr'>nec</span> <span class='ocrx_word' id='word_1_217' title='bbox 1696 1847 1750 1891; x_wconf 88' lang='lat' dir='ltr'>ad</span> 
     </span>
     <span class='ocr_line' id='line_1_25' title="bbox 374 1919 1748 1978; baseline -0.003 -12"><span class='ocrx_word' id='word_1_218' title='bbox 374 1923 549 1976; x_wconf 77' lang='lat' dir='ltr'>Filium,</span> <span class='ocrx_word' id='word_1_219' title='bbox 578 1923 757 1966; x_wconf 88' lang='lat' dir='ltr'>traheris</span> <span class='ocrx_word' id='word_1_220' title='bbox 787 1942 794 1966; x_wconf 75' lang='grc' dir='ltr'>ε</span> <span class='ocrx_word' id='word_1_221' title='bbox 821 1921 939 1965; x_wconf 84' lang='lat' dir='ltr'>aliud</span> <span class='ocrx_word' id='word_1_222' title='bbox 975 1931 1038 1964; x_wconf 87' lang='lat' dir='ltr'>est</span> <span class='ocrx_word' id='word_1_223' title='bbox 1070 1922 1184 1963; x_wconf 90' lang='lat' dir='ltr'>enim</span> <span class='ocrx_word' id='word_1_224' title='bbox 1210 1920 1365 1974; x_wconf 85' lang='lat' dir='ltr'>Filius,</span> <span class='ocrx_word' id='word_1_225' title='bbox 1407 1919 1524 1963; x_wconf 82' lang='lat' dir='ltr'>aliud</span> <span class='ocrx_word' id='word_1_226' title='bbox 1560 1920 1679 1978; x_wconf 88' lang='lat' dir='ltr'>quod</span> <span class='ocrx_word' id='word_1_227' title='bbox 1704 1929 1748 1962; x_wconf 88' lang='lat' dir='ltr'>tu</span> 
     </span>
     <span class='ocr_line' id='line_1_26' title="bbox 369 1990 1750 2045; baseline -0.004 -8"><span class='ocrx_word' id='word_1_228' title='bbox 369 1993 488 2037; x_wconf 85' lang='lat' dir='ltr'>dicis.</span> <span class='ocrx_word' id='word_1_229' title='bbox 516 1993 725 2037; x_wconf 85' lang='lat' dir='ltr'>Photinus</span> <span class='ocrx_word' id='word_1_230' title='bbox 758 1992 881 2045; x_wconf 81' lang='lat' dir='ltr'>dixit,</span> <span class='ocrx_word' id='word_1_231' title='bbox 909 1994 1049 2035; x_wconf 88' lang='lat' dir='ltr'>Homo</span> <span class='ocrx_word' id='word_1_232' title='bbox 1070 1990 1209 2034; x_wconf 90' lang='lat' dir='ltr'>solum</span> <span class='ocrx_word' id='word_1_233' title='bbox 1231 2000 1293 2033; x_wconf 87' lang='lat' dir='ltr'>est</span> <span class='ocrx_word' id='word_1_234' title='bbox 1315 1990 1511 2034; x_wconf 89' lang='lat' dir='ltr'>Christus</span> <span class='ocrx_word' id='word_1_235' title='bbox 1529 2025 1539 2044; x_wconf 81' lang='lat'>,</span> <span class='ocrx_word' id='word_1_236' title='bbox 1572 2005 1660 2032; x_wconf 90' lang='lat' dir='ltr'>non</span> <span class='ocrx_word' id='word_1_237' title='bbox 1687 1999 1750 2032; x_wconf 82' lang='lat' dir='ltr'>est</span> 
     </span>
     <span class='ocr_line' id='line_1_27' title="bbox 369 2060 1748 2116; baseline -0.004 -8"><span class='ocrx_word' id='word_1_238' title='bbox 369 2074 411 2107; x_wconf 75' lang='lat' dir='ltr'>et</span> <span class='ocrx_word' id='word_1_239' title='bbox 435 2068 561 2108; x_wconf 85' lang='lat' dir='ltr'>Deus.</span> <span class='ocrx_word' id='word_1_240' title='bbox 588 2064 672 2116; x_wconf 87' lang='lat' dir='ltr'>Qui</span> <span class='ocrx_word' id='word_1_241' title='bbox 695 2064 752 2107; x_wconf 89' lang='lat' dir='ltr'>sic</span> <span class='ocrx_word' id='word_1_242' title='bbox 774 2062 926 2116; x_wconf 83' lang='lat' dir='ltr'>credit,</span> <span class='ocrx_word' id='word_1_243' title='bbox 954 2077 1041 2105; x_wconf 91' lang='lat' dir='ltr'>non</span> <span class='ocrx_word' id='word_1_244' title='bbox 1071 2065 1194 2104; x_wconf 84' lang='lat' dir='ltr'>Pater</span> <span class='ocrx_word' id='word_1_245' title='bbox 1218 2076 1316 2103; x_wconf 89' lang='lat' dir='ltr'>eum</span> <span class='ocrx_word' id='word_1_246' title='bbox 1341 2060 1482 2103; x_wconf 84' lang='lat' dir='ltr'>traxit.</span> <span class='ocrx_word' id='word_1_247' title='bbox 1504 2062 1641 2113; x_wconf 87' lang='lat' dir='ltr'>Quem</span> <span class='ocrx_word' id='word_1_248' title='bbox 1666 2063 1748 2103; x_wconf 86' lang='lat' dir='ltr'>Pa-</span> 
     </span>
     <span class='ocr_line' id='line_1_28' title="bbox 370 2131 1749 2192; baseline -0.003 -14"><span class='ocrx_word' id='word_1_249' title='bbox 370 2145 434 2179; x_wconf 79' lang='lat' dir='ltr'>ter</span> <span class='ocrx_word' id='word_1_250' title='bbox 456 2135 608 2189; x_wconf 79' lang='lat' dir='ltr'>traxit,</span> <span class='ocrx_word' id='word_1_251' title='bbox 638 2138 701 2178; x_wconf 85' lang='lat' dir='ltr'>Tu</span> <span class='ocrx_word' id='word_1_252' title='bbox 730 2150 798 2188; x_wconf 80' lang='lat' dir='ltr'>es,</span> <span class='ocrx_word' id='word_1_253' title='bbox 834 2132 1002 2192; x_wconf 85' lang='lat' dir='ltr'>inquit,</span> <span class='ocrx_word' id='word_1_254' title='bbox 1032 2133 1228 2177; x_wconf 88' lang='lat' dir='ltr'>Christus</span> <span class='ocrx_word' id='word_1_255' title='bbox 1254 2131 1388 2176; x_wconf 88' lang='lat' dir='ltr'>Filius</span> <span class='ocrx_word' id='word_1_256' title='bbox 1418 2131 1493 2175; x_wconf 87' lang='lat' dir='ltr'>Dei</span> <span class='ocrx_word' id='word_1_257' title='bbox 1525 2131 1624 2174; x_wconf 87' lang='lat' dir='ltr'>vivi.</span> <span class='ocrx_word' id='word_1_258' title='bbox 1652 2132 1749 2175; x_wconf 88' lang='lat' dir='ltr'>Non</span> 
     </span>
     <span class='ocr_line' id='line_1_29' title="bbox 369 2200 1749 2263; baseline -0.004 -15"><span class='ocrx_word' id='word_1_259' title='bbox 369 2206 478 2249; x_wconf 80' lang='lat' dir='ltr'>sient</span> <span class='ocrx_word' id='word_1_260' title='bbox 502 2206 731 2263; x_wconf 77' lang='lat' dir='ltr'>Propheta,</span> <span class='ocrx_word' id='word_1_261' title='bbox 756 2220 843 2247; x_wconf 88' lang='lat' dir='ltr'>non</span> <span class='ocrx_word' id='word_1_262' title='bbox 865 2204 975 2247; x_wconf 86' lang='lat' dir='ltr'>sicut</span> <span class='ocrx_word' id='word_1_263' title='bbox 999 2206 1201 2253; x_wconf 80' lang='lat' dir='ltr'>Joannes,</span> <span class='ocrx_word' id='word_1_264' title='bbox 1220 2217 1307 2245; x_wconf 88' lang='lat' dir='ltr'>non</span> <span class='ocrx_word' id='word_1_265' title='bbox 1331 2202 1440 2245; x_wconf 90' lang='lat' dir='ltr'>sicut</span> <span class='ocrx_word' id='word_1_266' title='bbox 1457 2200 1610 2260; x_wconf 88' lang='lat' dir='ltr'>aliquis</span> <span class='ocrx_word' id='word_1_267' title='bbox 1628 2216 1749 2259; x_wconf 85' lang='lat' dir='ltr'>mag-</span> 
     </span>
     <span class='ocr_line' id='line_1_30' title="bbox 370 2271 1750 2335; baseline -0.004 -16"><span class='ocrx_word' id='word_1_268' title='bbox 370 2292 450 2319; x_wconf 81' lang='lat' dir='ltr'>nus</span> <span class='ocrx_word' id='word_1_269' title='bbox 468 2277 625 2335; x_wconf 82' lang='lat' dir='ltr'>justus,</span> <span class='ocrx_word' id='word_1_270' title='bbox 651 2275 724 2319; x_wconf 89' lang='lat' dir='ltr'>sed</span> <span class='ocrx_word' id='word_1_271' title='bbox 748 2276 857 2319; x_wconf 89' lang='lat' dir='ltr'>sicut</span> <span class='ocrx_word' id='word_1_272' title='bbox 876 2274 1046 2327; x_wconf 87' lang='lat' dir='ltr'>unicus,</span> <span class='ocrx_word' id='word_1_273' title='bbox 1067 2273 1175 2317; x_wconf 86' lang='lat' dir='ltr'>sicut</span> <span class='ocrx_word' id='word_1_274' title='bbox 1199 2271 1393 2332; x_wconf 80' lang='lat' dir='ltr'>aequalis,</span> <span class='ocrx_word' id='word_1_275' title='bbox 1424 2290 1442 2312; x_wconf 85' lang='lat'>«</span> <span class='ocrx_word' id='word_1_276' title='bbox 1469 2273 1532 2314; x_wconf 83' lang='lat' dir='ltr'>Tu</span> <span class='ocrx_word' id='word_1_277' title='bbox 1546 2286 1588 2314; x_wconf 88' lang='lat' dir='ltr'>es</span> <span class='ocrx_word' id='word_1_278' title='bbox 1603 2271 1750 2315; x_wconf 88' lang='lat' dir='ltr'>Chris-</span> 
     </span>
     <span class='ocr_line' id='line_1_31' title="bbox 375 2344 1750 2404; baseline -0.004 -14"><span class='ocrx_word' id='word_1_279' title='bbox 375 2366 393 2388; x_wconf 70' lang='lat'>³)</span> <span class='ocrx_word' id='word_1_280' title='bbox 430 2357 498 2390; x_wconf 87' lang='lat' dir='ltr'>tus</span> <span class='ocrx_word' id='word_1_281' title='bbox 530 2346 663 2390; x_wconf 88' lang='lat' dir='ltr'>Filius</span> <span class='ocrx_word' id='word_1_282' title='bbox 685 2347 760 2390; x_wconf 90' lang='lat' dir='ltr'>Dei</span> <span class='ocrx_word' id='word_1_283' title='bbox 786 2346 869 2390; x_wconf 88' lang='lat' dir='ltr'>vivi</span> <span class='ocrx_word' id='word_1_284' title='bbox 884 2349 915 2389; x_wconf 67' lang='lat'>².</span> <span class='ocrx_word' id='word_1_285' title='bbox 949 2365 967 2385; x_wconf 91' lang='lat'>»</span> <span class='ocrx_word' id='word_1_286' title='bbox 994 2344 1102 2388; x_wconf 90' lang='lat' dir='ltr'>Vide</span> <span class='ocrx_word' id='word_1_287' title='bbox 1131 2344 1232 2404; x_wconf 81' lang='lat' dir='ltr'>quia</span> <span class='ocrx_word' id='word_1_288' title='bbox 1256 2352 1417 2386; x_wconf 86' lang='lat' dir='ltr'>tractus</span> <span class='ocrx_word' id='word_1_289' title='bbox 1445 2351 1529 2397; x_wconf 82' lang='lat' dir='ltr'>est,</span> <span class='ocrx_word' id='word_1_290' title='bbox 1556 2351 1598 2385; x_wconf 88' lang='lat' dir='ltr'>et</span> <span class='ocrx_word' id='word_1_291' title='bbox 1625 2345 1750 2386; x_wconf 85' lang='lat' dir='ltr'>Patre</span> 
     </span>
     <span class='ocr_line' id='line_1_32' title="bbox 372 2413 1748 2473; baseline -0.004 -12"><span class='ocrx_word' id='word_1_292' title='bbox 372 2427 531 2461; x_wconf 82' lang='lat' dir='ltr'>tractus</span> <span class='ocrx_word' id='word_1_293' title='bbox 553 2425 630 2460; x_wconf 90' lang='lat' dir='ltr'>est.</span> <span class='ocrx_word' id='word_1_294' title='bbox 661 2419 859 2460; x_wconf 83' lang='lat' dir='ltr'>«Beatus</span> <span class='ocrx_word' id='word_1_295' title='bbox 898 2432 940 2459; x_wconf 90' lang='lat' dir='ltr'>es</span> <span class='ocrx_word' id='word_1_296' title='bbox 965 2416 1112 2460; x_wconf 91' lang='lat' dir='ltr'>Simon</span> <span class='ocrx_word' id='word_1_297' title='bbox 1135 2416 1372 2468; x_wconf 57' lang='lat' dir='ltr'>Bar-mna,</span> <span class='ocrx_word' id='word_1_298' title='bbox 1412 2413 1512 2473; x_wconf 86' lang='lat' dir='ltr'>quia</span> <span class='ocrx_word' id='word_1_299' title='bbox 1546 2428 1635 2456; x_wconf 88' lang='lat' dir='ltr'>non</span> <span class='ocrx_word' id='word_1_300' title='bbox 1670 2413 1748 2456; x_wconf 87' lang='lat' dir='ltr'>tibi</span> 
     </span>
     <span class='ocr_line' id='line_1_33' title="bbox 375 2482 1747 2544; baseline -0.001 -15"><span class='ocrx_word' id='word_1_301' title='bbox 375 2506 394 2529; x_wconf 86' lang='lat'>»</span> <span class='ocrx_word' id='word_1_302' title='bbox 431 2487 632 2531; x_wconf 85' lang='lat' dir='ltr'>revelavit</span> <span class='ocrx_word' id='word_1_303' title='bbox 660 2502 758 2531; x_wconf 82' lang='lat' dir='ltr'>caro</span> <span class='ocrx_word' id='word_1_304' title='bbox 784 2496 825 2530; x_wconf 91' lang='lat' dir='ltr'>et</span> <span class='ocrx_word' id='word_1_305' title='bbox 858 2487 1045 2544; x_wconf 79' lang='lat' dir='ltr'>sanguis,</span> <span class='ocrx_word' id='word_1_306' title='bbox 1072 2484 1144 2530; x_wconf 87' lang='lat' dir='ltr'>sed</span> <span class='ocrx_word' id='word_1_307' title='bbox 1169 2489 1294 2529; x_wconf 82' lang='lat' dir='ltr'>Pater</span> <span class='ocrx_word' id='word_1_308' title='bbox 1317 2499 1437 2528; x_wconf 91' lang='lat' dir='ltr'>meus</span> <span class='ocrx_word' id='word_1_309' title='bbox 1460 2484 1534 2543; x_wconf 76' lang='lat' dir='ltr'>qui</span> <span class='ocrx_word' id='word_1_310' title='bbox 1556 2483 1599 2527; x_wconf 93' lang='lat' dir='ltr'>in</span> <span class='ocrx_word' id='word_1_311' title='bbox 1627 2482 1747 2527; x_wconf 87' lang='lat' dir='ltr'>coelis</span> 
     </span>
    </p>

    <p class='ocr_par' dir='ltr' id='par_1_4' title="bbox 422 2570 1025 2612">
     <span class='ocr_line' id='line_1_34' title="bbox 422 2570 1025 2612; baseline -0.002 -11"><span class='ocrx_word' id='word_1_312' title='bbox 422 2578 429 2593; x_wconf 92' lang='lat'><em>¹</em></span> <span class='ocrx_word' id='word_1_313' title='bbox 448 2572 537 2602; x_wconf 81' lang='lat' dir='ltr'>Cant.</span> <span class='ocrx_word' id='word_1_314' title='bbox 558 2582 580 2612; x_wconf 81' lang='grc' dir='ltr'>ι,</span> <span class='ocrx_word' id='word_1_315' title='bbox 599 2570 630 2611; x_wconf 89' lang='lat'>4.</span> <span class='ocrx_word' id='word_1_316' title='bbox 658 2588 693 2593; x_wconf 79' lang='lat'><em>-</em></span> <span class='ocrx_word' id='word_1_317' title='bbox 717 2578 729 2594; x_wconf 75' lang='lat'>²</span> <span class='ocrx_word' id='word_1_318' title='bbox 747 2570 867 2601; x_wconf 80' lang='lat' dir='ltr'>Matth.</span> <span class='ocrx_word' id='word_1_319' title='bbox 889 2581 952 2610; x_wconf 75' lang='lat' dir='ltr'>xvi,</span> <span class='ocrx_word' id='word_1_320' title='bbox 976 2570 1025 2600; x_wconf 80' lang='lat'>16.</span> 
     </span>
    </p>
   </div>
  </div>
 </body>
</html>
