1825 3214
328 279 370 304 ιΝ
404 276 577 305 JoANMS
611 275 920 316 eunomium,
955 279 1100 306 ’rme-r.
1139 282 1215 306 xii.
1412 272 1465 307 85

84 346 246 406 pletum
277 355 339 389 cst
370 345 411 388 in
436 345 659 402 gentibus,
686 344 805 405 quod
832 345 1086 403 promissum
1110 357 1172 388 cst
1197 347 1268 390 uui
1297 366 1305 390 τ
1331 354 1373 390 ot
1395 363 1462 390 sc-

83 425 290 476 parantur
308 432 329 459 a
358 415 665 459 communione
688 416 881 473 gentium
897 450 907 469 ‚
933 415 1007 474 qui
1031 424 1073 459 ct
1096 415 1214 475 quod
1237 416 1463 475 impletum

82 497 145 532 est
167 487 312 531 videre
335 486 505 530 nolunt.
535 487 617 531 Scd
647 486 752 547 quid
784 486 864 530 illis
899 487 1072 546 prodest
1094 488 1193 546 quia
1217 487 1361 531 videre
1388 504 1468 533 no·

83 557 208 602 lunt?
228 558 402 613 Vident,
420 557 557 602 velint
578 556 744 603 nolint:
773 566 919 616 aperta
942 557 1096 601 veritas
1119 565 1162 601 et
1178 556 1346 602 clausos
1367 573 1467 603 ocu-

81 626 144 673 los
166 627 278 672 ferit.

142 702 220 743 111.
252 703 519 758 Responsum
541 708 604 744 est
626 697 879 753 Nicodcmo,
905 699 981 758 qui
1003 714 1053 742 ex
1076 698 1134 742 cis
1159 707 1250 742 erat
1271 699 1347 759 qui
1369 715 1465 744 ere-

81 769 282 814 diderunt
304 771 346 813 in
370 772 532 822 Jesum,
550 778 591 813 ct
614 770 703 828 ipse
726 772 848 813 Jesus
870 784 959 814 non
976 784 1020 813 se
1041 768 1245 813 credebat
1262 770 1335 813 cis.
1363 771 1467 823 Qui-

80 841 262 884 busdam
290 841 401 884 enim
426 856 513 884 non
538 856 580 884 se
609 840 828 895 credebat,
869 842 1071 900 cumjam
1106 840 1150 883 in
1177 840 1300 884 illum
1327 840 1467 885 credi-

80 912 255 955 dissent.
275 912 341 955 Sic
354 912 484 954 habes
499 913 704 971 seriptum
724 932 731 956 :
754 931 773 953 «
792 911 919 957 Multi
935 911 1216 957 crediderunt
1231 914 1275 956 in
1288 913 1465 957 nomine

81 1000 101 1023 »
137 984 243 1041 ejus,
281 982 474 1026 videntes
513 983 631 1040 signa
669 999 768 1042 quae
802 983 1002 1028 faciebat.
1044 986 1139 1043 Ipse
1168 993 1311 1028 autem
1343 987 1465 1028 Jesus

81 1071 101 1094 »
137 1069 223 1098 non
239 1053 734 1114 credebatscmetipsum
758 1054 855 1100 illis.
874 1058 970 1100 Non
988 1056 1103 1098 enim
1127 1071 1234 1114 opus
1251 1056 1460 1109 habebat,

79 1142 99 1166 »
135 1134 184 1169 ut
206 1125 433 1185 quisquam
474 1126 767 1170 testimonium
790 1126 1039 1185 perhiberet
1062 1126 1116 1169 de
1141 1127 1342 1183 homine3
1374 1127 1464 1186 ipsc

79 1215 99 1238 »
136 1196 250 1240 enim
273 1197 435 1241 sciebat
458 1196 563 1257 quid
587 1207 696 1242 esset
718 1198 761 1241 in
784 1198 1002 1242 homine¹.
1027 1215 1047 1239 »
1067 1199 1277 1258 Eccejam
1296 1198 1355 1242 illi
1376 1214 1466 1242 crc-

77 1266 239 1311 dcbant
252 1267 295 1311 in
311 1270 475 1322 Jesum,
495 1269 640 1327 etipse
659 1271 782 1312 Jesus
800 1284 890 1313 non
913 1283 956 1312 se
978 1268 1186 1313 credebat
1197 1269 1271 1312 eis.
1289 1271 1433 1322 Quare
1446 1271 1463 1311 ἱ)

77 1338 185 1390 Quia
209 1337 404 1381 nondum
428 1347 551 1382 crant
575 1339 711 1382 renati
729 1354 779 1383 ex
794 1354 905 1399 aqua
920 1348 963 1383 et
987 1340 1164 1398 Spiritu.
1184 1339 1291 1384 Inde
1304 1340 1463 1384 hortati

76 1423 239 1462 sumus,
256 1418 297 1452 et
310 1409 537 1452 hortamur
553 1409 705 1454 fratres
727 1419 895 1454 nostros
914 1411 1264 1455 cathecumenos.
1289 1411 1330 1454 Si
1345 1410 1461 1454 enim

75 1479 312 1537 interroges
332 1494 419 1533 eos,
439 1481 526 1539 jam
555 1479 834 1524 crediderunt
857 1481 900 1524 in
925 1483 1071 1525 Jesum
1094 1499 1102 1525 :
1126 1481 1200 1524 sed
1223 1481 1324 1540 quia
1348 1496 1463 1525 non-

76 1548 180 1593 dum
201 1565 373 1594 carnem
397 1551 485 1610 ojus
509 1560 551 1594 et
566 1552 819 1609 sanguinem
845 1552 1077 1610 accipiunt,
1095 1551 1290 1595 nondum
1315 1567 1358 1594 se
1382 1550 1464 1594 iliis

76 1619 260 1665 credidit
279 1624 415 1665 Jesus.
443 1621 559 1674 Quid
583 1621 760 1677 saciant,
784 1632 833 1667 ut
855 1638 897 1666 se
924 1622 1006 1666 illis
1032 1622 1180 1667 credat
1202 1625 1352 1666 Jesus‘?
1376 1625 1464 1666 Re-

76 1701 308 1736 nascantur
329 1708 378 1734 ex
401 1708 511 1751 aqua
535 1701 576 1735 et
593 1693 770 1751 Spiritu,
792 1691 983 1752 proferat
1009 1692 1199 1737 Ecclesia
1228 1707 1337 1752 quos
1360 1707 1462 1751 par-

78 1762 196 1805 turit.
225 1762 434 1819 Concepti
457 1771 574 1815 sunt,
608 1762 793 1806 edantur
829 1764 873 1806 in
907 1762 1049 1807 lucem
1090 1783 1098 1808 :
1136 1763 1301 1807 habent
1330 1764 1462 1807 ubera

76 1832 235 1891 quibus
269 1833 544 1889 nutriantur3
570 1848 658 1876 non
687 1834 868 1877 timeant
895 1848 950 1877 ne
973 1833 1064 1878 nati
1092 1834 1378 1889 suffocentur,
1406 1834 1460 1877 ab

75 1902 284 1947 uberibus
306 1904 508 1947 maternis
526 1918 615 1947 non
638 1903 856 1949 recedant.

135 1975 208 2017 IV.
235 1972 389 2018 Nullus
413 1982 553 2032 potest
571 1974 703 2019 homo
724 1974 864 2019 redire
884 1974 928 2019 in
944 1975 1090 2019 matris
1108 1975 1284 2030 viscera,
1322 1985 1366 2020 et
1383 1975 1466 2019 ite-

76 2059 172 2087 rum
196 2044 327 2088 nasci.
355 2044 438 2088 Sed
457 2043 510 2087 de
533 2044 687 2089 ancilla
706 2044 849 2090 nescio
867 2045 963 2105 quis
985 2054 1112 2090 natus
1134 2048 1222 2090 est?
1239 2046 1464 2107 Numquid

76 2123 182 2158 tunc
203 2115 276 2174 qui
300 2114 389 2158 nati
412 2123 512 2158 sunt
545 2115 599 2158 de
632 2114 814 2170 ancillis,
840 2115 1064 2161 redierunt
1086 2117 1130 2160 in
1154 2126 1327 2162 uterum
1349 2117 1464 2161 libe-

76 2201 238 2239 rarum,
259 2195 309 2230 ut
343 2185 488 2230 denuo
510 2189 816 2231 nascerentur?
841 2190 996 2233 Semen
1014 2188 1235 2233 Abraham
1258 2198 1302 2234 et
1324 2190 1368 2232 in
1404 2192 1468 2233 Is-

75 2257 188 2300 ma'e'l
215 2276 223 2300 :
248 2265 290 2300 et
328 2266 377 2301 ut
399 2266 574 2316 possent
612 2257 830 2302 Abraham
853 2258 995 2304 facere
1022 2259 1162 2304 filium
1197 2259 1252 2304 de
1291 2260 1462 2315 ancilla,

76 2342 187 2371 uxor
217 2336 342 2370 autor
370 2327 469 2371 fuit.
494 2329 627 2372 Natus
658 2337 721 2373 est
742 2344 793 2372 ex
815 2330 977 2374 semine
1007 2330 1101 2386 viri,
1128 2340 1172 2375 et
1194 2346 1284 2375 non
1313 2340 1463 2383 utero,

76 2396 151 2441 sed
172 2396 263 2441 solo
292 2397 450 2456 placito
481 2398 672 2442 uxoris'2.
698 2400 923 2459 Numquid
946 2401 1047 2460 quia
1080 2400 1134 2445 de
1163 2400 1333 2455 ancilla,
1365 2400 1463 2444 ideo

78 2467 406 2512 exhaeredatus?
436 2469 477 2513 Si
508 2478 732 2527 propterea
770 2470 1068 2516 exhaeredatus
1095 2473 1196 2532 quia
1228 2472 1282 2516 de
1310 2470 1466 2515 ancilla

79 2546 206 2582 natus
221 2547 299 2593 est,
325 2538 435 2582 nulli
450 2537 704 2583 ancillarum
721 2539 798 2583 filii
811 2538 1145 2585 admitterentur
1160 2541 1212 2585 ad
1228 2539 1462 2585 lum-edita-

129 2627 136 2643 ¹
159 2623 248 2653 Jonn.
265 2633 301 2662 n,
324 2622 442 2653 23-25.
465 2640 504 2645 —-
526 2630 537 2644 ⁷
557 2625 623 2653 Gon
664 2634 731 2657 xvi.
750 2632 781 2655 ⁶2.
