<?xml version="1.0" encoding="UTF-8"?>
<!DOCTYPE html PUBLIC "-//W3C//DTD XHTML 1.0 Transitional//EN"
    "http://www.w3.org/TR/xhtml1/DTD/xhtml1-transitional.dtd">
<html xmlns="http://www.w3.org/1999/xhtml" xml:lang="en" lang="en">
 <head>
  <title>
</title>
<meta http-equiv="Content-Type" content="text/html;charset=utf-8" />
  <meta name='ocr-system' content='tesseract 3.04.00' />
  <meta name='ocr-capabilities' content='ocr_page ocr_carea ocr_par ocr_line ocrx_word'/>
</head>
<body>
  <div class='ocr_page' id='page_1' title='image "./operaomniaaccura15auguuoft_0151.png"; bbox 0 0 1825 3214; ppageno 0'>
   <div class='ocr_carea' id='block_1_1' title="bbox 277 233 1421 283">
    <p class='ocr_par' dir='ltr' id='par_1_1' title="bbox 277 233 1421 283">
     <span class='ocr_line' id='line_1_1' title="bbox 277 233 1421 283; baseline -0.002 -9"><span class='ocrx_word' id='word_1_1' title='bbox 277 249 319 274; x_wconf 73' lang='lat' dir='ltr'>m</span> <span class='ocrx_word' id='word_1_2' title='bbox 352 245 527 274; x_wconf 68' lang='lat' dir='ltr'><strong>somma</strong></span> <span class='ocrx_word' id='word_1_3' title='bbox 560 244 839 274; x_wconf 68' lang='grc' dir='ltr'><strong>ΒνΛΝοῐιιιυΜ</strong></span> <span class='ocrx_word' id='word_1_4' title='bbox 863 264 873 283; x_wconf 89' lang='grc'>,</span> <span class='ocrx_word' id='word_1_5' title='bbox 908 245 1054 273; x_wconf 74' lang='grc' dir='ltr'>τιιΛεΤ.</span> <span class='ocrx_word' id='word_1_6' title='bbox 1092 247 1163 272; x_wconf 89' lang='lat' dir='ltr'><strong>xv.</strong></span> <span class='ocrx_word' id='word_1_7' title='bbox 1338 233 1421 272; x_wconf 82' lang='lat'><strong>139</strong></span> 
     </span>
    </p>
   </div>
   <div class='ocr_carea' id='block_1_2' title="bbox 7 309 1425 2544">
    <p class='ocr_par' dir='ltr' id='par_1_2' title="bbox 7 309 1425 2544">
     <span class='ocr_line' id='line_1_2' title="bbox 41 309 1422 370; baseline -0.004 -12"><span class='ocrx_word' id='word_1_8' title='bbox 41 311 144 358; x_wconf 73' lang='lat' dir='ltr'><strong>Ideo</strong></span> <span class='ocrx_word' id='word_1_9' title='bbox 176 311 290 354; x_wconf 78' lang='lat' dir='ltr'><strong>onim</strong></span> <span class='ocrx_word' id='word_1_10' title='bbox 326 312 459 354; x_wconf 72' lang='lat' dir='ltr'><strong>noscis</strong></span> <span class='ocrx_word' id='word_1_11' title='bbox 492 309 610 370; x_wconf 80' lang='lat' dir='ltr'><strong>quod</strong></span> <span class='ocrx_word' id='word_1_12' title='bbox 639 309 762 363; x_wconf 86' lang='lat' dir='ltr'><strong>dico,</strong></span> <span class='ocrx_word' id='word_1_13' title='bbox 789 310 888 369; x_wconf 78' lang='lat' dir='ltr'><strong>quia</strong></span> <span class='ocrx_word' id='word_1_14' title='bbox 925 309 1169 353; x_wconf 71' lang='lat' dir='ltr'><strong>intellectus</strong></span> <span class='ocrx_word' id='word_1_15' title='bbox 1205 318 1304 353; x_wconf 83' lang='lat' dir='ltr'><strong>tuus</strong></span> <span class='ocrx_word' id='word_1_16' title='bbox 1333 324 1422 354; x_wconf 92' lang='lat' dir='ltr'><strong>non</strong></span> 
     </span>
     <span class='ocr_line' id='line_1_3' title="bbox 39 379 1422 440; baseline -0.003 -13"><span class='ocrx_word' id='word_1_17' title='bbox 39 381 158 427; x_wconf 64' lang='lat' dir='ltr'><strong>adest</strong></span> <span class='ocrx_word' id='word_1_18' title='bbox 191 401 198 425; x_wconf 89' lang='lat'>:</span> <span class='ocrx_word' id='word_1_19' title='bbox 231 381 386 440; x_wconf 75' lang='lat' dir='ltr'><strong>loquor</strong></span> <span class='ocrx_word' id='word_1_20' title='bbox 416 395 494 437; x_wconf 74' lang='lat' dir='ltr'><strong>ogo</strong></span> <span class='ocrx_word' id='word_1_21' title='bbox 519 381 758 424; x_wconf 62' lang='lat' dir='ltr'><strong>secundum</strong></span> <span class='ocrx_word' id='word_1_22' title='bbox 783 381 1009 439; x_wconf 80' lang='lat' dir='ltr'><strong>spiritum,</strong></span> <span class='ocrx_word' id='word_1_23' title='bbox 1039 389 1084 423; x_wconf 82' lang='lat' dir='ltr'><strong>tu</strong></span> <span class='ocrx_word' id='word_1_24' title='bbox 1116 379 1238 422; x_wconf 81' lang='lat' dir='ltr'><strong>audis</strong></span> <span class='ocrx_word' id='word_1_25' title='bbox 1266 396 1422 423; x_wconf 77' lang='lat' dir='ltr'><strong>socun-</strong></span> 
     </span>
     <span class='ocr_line' id='line_1_4' title="bbox 37 450 1422 510; baseline -0.001 -14"><span class='ocrx_word' id='word_1_26' title='bbox 37 451 144 496; x_wconf 85' lang='lat' dir='ltr'><strong>dum</strong></span> <span class='ocrx_word' id='word_1_27' title='bbox 180 467 368 494; x_wconf 75' lang='lat' dir='ltr'><strong>cariwni.</strong></span> <span class='ocrx_word' id='word_1_28' title='bbox 407 454 514 503; x_wconf 83' lang='lat' dir='ltr'><strong>Quae</strong></span> <span class='ocrx_word' id='word_1_29' title='bbox 538 450 723 510; x_wconf 80' lang='lat' dir='ltr'><strong>loquor,</strong></span> <span class='ocrx_word' id='word_1_30' title='bbox 756 466 835 495; x_wconf 83' lang='lat' dir='ltr'><strong>nec</strong></span> <span class='ocrx_word' id='word_1_31' title='bbox 871 450 924 494; x_wconf 81' lang='lat' dir='ltr'><strong>ad</strong></span> <span class='ocrx_word' id='word_1_32' title='bbox 953 450 1221 509; x_wconf 81' lang='lat' dir='ltr'><strong>voluptatem</strong></span> <span class='ocrx_word' id='word_1_33' title='bbox 1253 451 1422 494; x_wconf 85' lang='lat' dir='ltr'><strong>aurium</strong></span> 
     </span>
     <span class='ocr_line' id='line_1_5' title="bbox 37 520 1423 583; baseline -0.001 -18"><span class='ocrx_word' id='word_1_34' title='bbox 37 523 280 583; x_wconf 80' lang='lat' dir='ltr'><strong>pertinent,</strong></span> <span class='ocrx_word' id='word_1_35' title='bbox 314 537 393 565; x_wconf 72' lang='lat' dir='ltr'><strong>nec</strong></span> <span class='ocrx_word' id='word_1_36' title='bbox 416 522 469 565; x_wconf 86' lang='lat' dir='ltr'><strong>ad</strong></span> <span class='ocrx_word' id='word_1_37' title='bbox 499 521 669 575; x_wconf 82' lang='lat' dir='ltr'><strong>oculos,</strong></span> <span class='ocrx_word' id='word_1_38' title='bbox 698 536 778 565; x_wconf 80' lang='lat' dir='ltr'><strong>nec</strong></span> <span class='ocrx_word' id='word_1_39' title='bbox 801 520 855 564; x_wconf 86' lang='lat' dir='ltr'><strong>ad</strong></span> <span class='ocrx_word' id='word_1_40' title='bbox 877 520 1111 569; x_wconf 80' lang='lat' dir='ltr'><strong>olfactum,</strong></span> <span class='ocrx_word' id='word_1_41' title='bbox 1136 535 1216 564; x_wconf 82' lang='lat' dir='ltr'><strong>nec</strong></span> <span class='ocrx_word' id='word_1_42' title='bbox 1239 520 1291 563; x_wconf 83' lang='lat' dir='ltr'><strong>ad</strong></span> <span class='ocrx_word' id='word_1_43' title='bbox 1322 535 1423 578; x_wconf 83' lang='lat' dir='ltr'><strong>gus-</strong></span> 
     </span>
     <span class='ocr_line' id='line_1_6' title="bbox 37 589 1422 650; baseline -0.004 -12"><span class='ocrx_word' id='word_1_44' title='bbox 37 601 154 647; x_wconf 82' lang='lat' dir='ltr'><strong>tum,</strong></span> <span class='ocrx_word' id='word_1_45' title='bbox 185 607 264 636; x_wconf 84' lang='lat' dir='ltr'><strong>nec</strong></span> <span class='ocrx_word' id='word_1_46' title='bbox 290 591 343 636; x_wconf 78' lang='lat' dir='ltr'><strong>ad</strong></span> <span class='ocrx_word' id='word_1_47' title='bbox 377 601 539 636; x_wconf 81' lang='lat' dir='ltr'><strong>tactum</strong></span> <span class='ocrx_word' id='word_1_48' title='bbox 573 610 582 637; x_wconf 73' lang='grc' dir='ltr'><strong>ι</strong></span> <span class='ocrx_word' id='word_1_49' title='bbox 610 601 760 636; x_wconf 83' lang='lat' dir='ltr'><strong>mente</strong></span> <span class='ocrx_word' id='word_1_50' title='bbox 786 591 875 635; x_wconf 84' lang='lat' dir='ltr'><strong>sola</strong></span> <span class='ocrx_word' id='word_1_51' title='bbox 909 592 1168 650; x_wconf 79' lang='lat' dir='ltr'><strong>capiuntur,</strong></span> <span class='ocrx_word' id='word_1_52' title='bbox 1199 589 1422 634; x_wconf 78' lang='lat' dir='ltr'><strong>intellectu</strong></span> 
     </span>
     <span class='ocr_line' id='line_1_7' title="bbox 37 660 1424 720; baseline -0.002 -12"><span class='ocrx_word' id='word_1_53' title='bbox 37 662 129 708; x_wconf 86' lang='lat' dir='ltr'><strong>solo</strong></span> <span class='ocrx_word' id='word_1_54' title='bbox 152 663 415 706; x_wconf 84' lang='lat' dir='ltr'><strong>hauriuntur</strong></span> <span class='ocrx_word' id='word_1_55' title='bbox 437 682 445 707; x_wconf 90' lang='lat'>:</span> <span class='ocrx_word' id='word_1_56' title='bbox 470 661 543 705; x_wconf 81' lang='lat' dir='ltr'><strong>ille</strong></span> <span class='ocrx_word' id='word_1_57' title='bbox 564 660 809 708; x_wconf 78' lang='lat' dir='ltr'><strong>intellectus</strong></span> <span class='ocrx_word' id='word_1_58' title='bbox 829 677 914 705; x_wconf 92' lang='lat' dir='ltr'><strong>non</strong></span> <span class='ocrx_word' id='word_1_59' title='bbox 939 661 1018 704; x_wconf 87' lang='lat' dir='ltr'><strong>tibi</strong></span> <span class='ocrx_word' id='word_1_60' title='bbox 1042 660 1177 712; x_wconf 73' lang='lat' dir='ltr'><strong>adest,</strong></span> <span class='ocrx_word' id='word_1_61' title='bbox 1201 661 1424 720; x_wconf 85' lang='lat' dir='ltr'><strong>quomodo</strong></span> 
     </span>
     <span class='ocr_line' id='line_1_8' title="bbox 37 730 1423 792; baseline -0.003 -14"><span class='ocrx_word' id='word_1_62' title='bbox 37 733 152 791; x_wconf 88' lang='lat' dir='ltr'><strong>capis</strong></span> <span class='ocrx_word' id='word_1_63' title='bbox 173 732 293 792; x_wconf 87' lang='lat' dir='ltr'><strong>quod</strong></span> <span class='ocrx_word' id='word_1_64' title='bbox 319 732 450 777; x_wconf 80' lang='lat' dir='ltr'><strong>dico?</strong></span> <span class='ocrx_word' id='word_1_65' title='bbox 477 751 495 773; x_wconf 92' lang='lat'>«</span> <span class='ocrx_word' id='word_1_66' title='bbox 522 735 637 776; x_wconf 82' lang='lat' dir='ltr'>Voca</span> <span class='ocrx_word' id='word_1_67' title='bbox 661 732 801 775; x_wconf 79' lang='lat' dir='ltr'><strong>virum</strong></span> <span class='ocrx_word' id='word_1_68' title='bbox 826 741 949 775; x_wconf 87' lang='lat' dir='ltr'><strong>tuum</strong></span> <span class='ocrx_word' id='word_1_69' title='bbox 971 767 981 785; x_wconf 82' lang='lat'><strong>‚</strong></span> <span class='ocrx_word' id='word_1_70' title='bbox 1010 749 1030 771; x_wconf 88' lang='lat'>»</span> <span class='ocrx_word' id='word_1_71' title='bbox 1056 739 1267 790; x_wconf 73' lang='lat' dir='ltr'><strong>praesenta</strong></span> <span class='ocrx_word' id='word_1_72' title='bbox 1293 730 1423 775; x_wconf 87' lang='lat' dir='ltr'><strong>intel-</strong></span> 
     </span>
     <span class='ocr_line' id='line_1_9' title="bbox 37 801 1423 855; baseline -0.001 -9"><span class='ocrx_word' id='word_1_73' title='bbox 37 802 198 847; x_wconf 85' lang='lat' dir='ltr'><strong>lectum</strong></span> <span class='ocrx_word' id='word_1_74' title='bbox 235 812 376 846; x_wconf 89' lang='lat' dir='ltr'><strong>tuum.</strong></span> <span class='ocrx_word' id='word_1_75' title='bbox 411 803 524 855; x_wconf 82' lang='lat' dir='ltr'><strong>Quid</strong></span> <span class='ocrx_word' id='word_1_76' title='bbox 559 802 636 846; x_wconf 89' lang='lat' dir='ltr'><strong>tibi</strong></span> <span class='ocrx_word' id='word_1_77' title='bbox 659 811 721 845; x_wconf 87' lang='lat' dir='ltr'><strong>est</strong></span> <span class='ocrx_word' id='word_1_78' title='bbox 751 802 865 845; x_wconf 88' lang='lat' dir='ltr'><strong>enim</strong></span> <span class='ocrx_word' id='word_1_79' title='bbox 901 802 1089 844; x_wconf 86' lang='lat' dir='ltr'><strong>animam</strong></span> <span class='ocrx_word' id='word_1_80' title='bbox 1113 801 1306 845; x_wconf 77' lang='lat' dir='ltr'><strong>habere?</strong></span> <span class='ocrx_word' id='word_1_81' title='bbox 1327 804 1423 846; x_wconf 90' lang='lat' dir='ltr'><strong>Non</strong></span> 
     </span>
     <span class='ocr_line' id='line_1_10' title="bbox 37 870 1423 931; baseline -0.001 -15"><span class='ocrx_word' id='word_1_82' title='bbox 37 881 100 917; x_wconf 86' lang='lat' dir='ltr'><strong>est</strong></span> <span class='ocrx_word' id='word_1_83' title='bbox 122 887 343 929; x_wconf 80' lang='lat' dir='ltr'><strong>magnum,</strong></span> <span class='ocrx_word' id='word_1_84' title='bbox 369 887 467 915; x_wconf 83' lang='lat' dir='ltr'><strong>nam</strong></span> <span class='ocrx_word' id='word_1_85' title='bbox 486 881 528 915; x_wconf 87' lang='lat' dir='ltr'><strong>et</strong></span> <span class='ocrx_word' id='word_1_86' title='bbox 550 887 681 931; x_wconf 83' lang='lat' dir='ltr'><strong>pecus</strong></span> <span class='ocrx_word' id='word_1_87' title='bbox 711 871 859 916; x_wconf 84' lang='lat' dir='ltr'><strong>habet.</strong></span> <span class='ocrx_word' id='word_1_88' title='bbox 888 870 1013 916; x_wconf 84' lang='lat' dir='ltr'><strong>Unde</strong></span> <span class='ocrx_word' id='word_1_89' title='bbox 1032 881 1078 915; x_wconf 87' lang='lat' dir='ltr'><strong>tu</strong></span> <span class='ocrx_word' id='word_1_90' title='bbox 1102 871 1284 916; x_wconf 78' lang='lat' dir='ltr'><strong>melior?</strong></span> <span class='ocrx_word' id='word_1_91' title='bbox 1313 872 1423 925; x_wconf 88' lang='lat' dir='ltr'>Quia</span> 
     </span>
     <span class='ocr_line' id='line_1_11' title="bbox 15 941 1420 1002; baseline 0.001 -16"><span class='ocrx_word' id='word_1_92' title='bbox 15 941 308 986; x_wconf 82' lang='lat' dir='ltr'><strong>·intellectum</strong></span> <span class='ocrx_word' id='word_1_93' title='bbox 329 942 477 995; x_wconf 81' lang='lat' dir='ltr'><strong>habes,</strong></span> <span class='ocrx_word' id='word_1_94' title='bbox 499 941 618 1000; x_wconf 88' lang='lat' dir='ltr'><strong>quod</strong></span> <span class='ocrx_word' id='word_1_95' title='bbox 642 956 772 1000; x_wconf 81' lang='lat' dir='ltr'><strong>pecus</strong></span> <span class='ocrx_word' id='word_1_96' title='bbox 795 957 882 986; x_wconf 92' lang='lat' dir='ltr'><strong>non</strong></span> <span class='ocrx_word' id='word_1_97' title='bbox 905 942 1052 986; x_wconf 85' lang='lat' dir='ltr'><strong>habet.</strong></span> <span class='ocrx_word' id='word_1_98' title='bbox 1079 941 1194 995; x_wconf 89' lang='lat' dir='ltr'>Quid</span> <span class='ocrx_word' id='word_1_99' title='bbox 1217 951 1280 986; x_wconf 86' lang='lat' dir='ltr'><strong>est</strong></span> <span class='ocrx_word' id='word_1_100' title='bbox 1301 958 1420 1002; x_wconf 85' lang='lat' dir='ltr'><strong>ergo,</strong></span> 
     </span>
     <span class='ocr_line' id='line_1_12' title="bbox 42 1011 1420 1071; baseline 0.002 -17"><span class='ocrx_word' id='word_1_101' title='bbox 42 1030 61 1054; x_wconf 75' lang='grc' dir='ltr'>α</span> <span class='ocrx_word' id='word_1_102' title='bbox 97 1014 213 1056; x_wconf 88' lang='lat' dir='ltr'>Voca</span> <span class='ocrx_word' id='word_1_103' title='bbox 235 1012 376 1055; x_wconf 89' lang='lat' dir='ltr'><strong>virum</strong></span> <span class='ocrx_word' id='word_1_104' title='bbox 400 1013 558 1056; x_wconf 75' lang='lat' dir='ltr'><strong>tuum?</strong></span> <span class='ocrx_word' id='word_1_105' title='bbox 585 1030 603 1052; x_wconf 92' lang='lat'>»</span> <span class='ocrx_word' id='word_1_106' title='bbox 630 1014 726 1055; x_wconf 90' lang='lat' dir='ltr'><strong>Non</strong></span> <span class='ocrx_word' id='word_1_107' title='bbox 742 1027 810 1055; x_wconf 89' lang='lat' dir='ltr'><strong>me</strong></span> <span class='ocrx_word' id='word_1_108' title='bbox 831 1013 962 1070; x_wconf 85' lang='lat' dir='ltr'><strong>capis,</strong></span> <span class='ocrx_word' id='word_1_109' title='bbox 990 1027 1076 1056; x_wconf 93' lang='lat' dir='ltr'><strong>non</strong></span> <span class='ocrx_word' id='word_1_110' title='bbox 1097 1027 1164 1055; x_wconf 86' lang='lat' dir='ltr'><strong>me</strong></span> <span class='ocrx_word' id='word_1_111' title='bbox 1185 1011 1389 1071; x_wconf 84' lang='lat' dir='ltr'><strong>intelligis</strong></span> <span class='ocrx_word' id='word_1_112' title='bbox 1412 1031 1420 1057; x_wconf 77' lang='grc' dir='ltr'>ε</span> 
     </span>
     <span class='ocr_line' id='line_1_13' title="bbox 37 1081 1423 1142; baseline 0 -15"><span class='ocrx_word' id='word_1_113' title='bbox 37 1082 92 1127; x_wconf 86' lang='lat' dir='ltr'><strong>de</strong></span> <span class='ocrx_word' id='word_1_114' title='bbox 112 1081 229 1127; x_wconf 92' lang='lat' dir='ltr'><strong>dono</strong></span> <span class='ocrx_word' id='word_1_115' title='bbox 259 1083 333 1126; x_wconf 90' lang='lat' dir='ltr'><strong>Dei</strong></span> <span class='ocrx_word' id='word_1_116' title='bbox 357 1082 433 1126; x_wconf 89' lang='lat' dir='ltr'><strong>tibi</strong></span> <span class='ocrx_word' id='word_1_117' title='bbox 468 1082 625 1142; x_wconf 88' lang='lat' dir='ltr'><strong>loquor</strong></span> <span class='ocrx_word' id='word_1_118' title='bbox 642 1118 652 1136; x_wconf 89' lang='lat'>‚</span> <span class='ocrx_word' id='word_1_119' title='bbox 679 1091 727 1126; x_wconf 85' lang='lat' dir='ltr'><strong>tu</strong></span> <span class='ocrx_word' id='word_1_120' title='bbox 758 1091 904 1132; x_wconf 79' lang='lat' dir='ltr'><strong>autem</strong></span> <span class='ocrx_word' id='word_1_121' title='bbox 927 1097 1097 1126; x_wconf 83' lang='lat' dir='ltr'><strong>carnem</strong></span> <span class='ocrx_word' id='word_1_122' title='bbox 1122 1083 1284 1141; x_wconf 79' lang='lat' dir='ltr'>cogitas</span> <span class='ocrx_word' id='word_1_123' title='bbox 1320 1102 1328 1127; x_wconf 91' lang='lat'>:</span> <span class='ocrx_word' id='word_1_124' title='bbox 1355 1097 1423 1127; x_wconf 86' lang='lat' dir='ltr'><strong>se-</strong></span> 
     </span>
     <span class='ocr_line' id='line_1_14' title="bbox 36 1151 1425 1212; baseline -0.001 -15"><span class='ocrx_word' id='word_1_125' title='bbox 36 1152 230 1197; x_wconf 88' lang='lat' dir='ltr'><strong>cundum</strong></span> <span class='ocrx_word' id='word_1_126' title='bbox 248 1167 420 1196; x_wconf 81' lang='lat' dir='ltr'><strong>carnem</strong></span> <span class='ocrx_word' id='word_1_127' title='bbox 440 1153 556 1196; x_wconf 88' lang='lat' dir='ltr'><strong>sitire</strong></span> <span class='ocrx_word' id='word_1_128' title='bbox 574 1167 662 1197; x_wconf 90' lang='lat' dir='ltr'><strong>non</strong></span> <span class='ocrx_word' id='word_1_129' title='bbox 682 1152 761 1206; x_wconf 86' lang='lat' dir='ltr'><strong>vis,</strong></span> <span class='ocrx_word' id='word_1_130' title='bbox 787 1168 869 1211; x_wconf 81' lang='lat' dir='ltr'><strong>ego</strong></span> <span class='ocrx_word' id='word_1_131' title='bbox 886 1152 1083 1209; x_wconf 86' lang='lat' dir='ltr'><strong>spiritum</strong></span> <span class='ocrx_word' id='word_1_132' title='bbox 1101 1151 1301 1212; x_wconf 85' lang='lat' dir='ltr'><strong>alloquor</strong></span> <span class='ocrx_word' id='word_1_133' title='bbox 1319 1171 1327 1197; x_wconf 74' lang='grc' dir='ltr'>ε</span> <span class='ocrx_word' id='word_1_134' title='bbox 1355 1153 1425 1196; x_wconf 86' lang='lat' dir='ltr'><strong>ab·</strong></span> 
     </span>
     <span class='ocr_line' id='line_1_15' title="bbox 38 1222 1423 1286; baseline -0.001 -20"><span class='ocrx_word' id='word_1_135' title='bbox 38 1236 136 1267; x_wconf 84' lang='lat' dir='ltr'><strong>sens</strong></span> <span class='ocrx_word' id='word_1_136' title='bbox 168 1231 232 1266; x_wconf 86' lang='lat' dir='ltr'><strong>est</strong></span> <span class='ocrx_word' id='word_1_137' title='bbox 260 1222 507 1266; x_wconf 81' lang='lat' dir='ltr'><strong>intellectus</strong></span> <span class='ocrx_word' id='word_1_138' title='bbox 535 1231 662 1286; x_wconf 64' lang='lat' dir='ltr'><strong>tuus2</strong></span> <span class='ocrx_word' id='word_1_139' title='bbox 704 1240 724 1264; x_wconf 89' lang='lat'>«</span> <span class='ocrx_word' id='word_1_140' title='bbox 773 1224 889 1266; x_wconf 90' lang='lat' dir='ltr'>Voca</span> <span class='ocrx_word' id='word_1_141' title='bbox 918 1222 1059 1266; x_wconf 82' lang='lat' dir='ltr'><strong>virum</strong></span> <span class='ocrx_word' id='word_1_142' title='bbox 1099 1231 1239 1266; x_wconf 82' lang='lat' dir='ltr'><strong>tuum.</strong></span> <span class='ocrx_word' id='word_1_143' title='bbox 1281 1240 1300 1263; x_wconf 87' lang='lat'>»</span> <span class='ocrx_word' id='word_1_144' title='bbox 1327 1222 1423 1266; x_wconf 91' lang='lat' dir='ltr'><strong>Noli</strong></span> 
     </span>
     <span class='ocr_line' id='line_1_16' title="bbox 36 1292 1420 1352; baseline 0.001 -17"><span class='ocrx_word' id='word_1_145' title='bbox 36 1306 125 1336; x_wconf 85' lang='lat' dir='ltr'><strong>esse</strong></span> <span class='ocrx_word' id='word_1_146' title='bbox 138 1292 247 1335; x_wconf 88' lang='lat' dir='ltr'><strong>sicut</strong></span> <span class='ocrx_word' id='word_1_147' title='bbox 260 1307 397 1352; x_wconf 88' lang='lat' dir='ltr'><strong>equus</strong></span> <span class='ocrx_word' id='word_1_148' title='bbox 411 1302 454 1336; x_wconf 83' lang='lat' dir='ltr'><strong>et</strong></span> <span class='ocrx_word' id='word_1_149' title='bbox 469 1292 628 1346; x_wconf 88' lang='lat' dir='ltr'><strong>mulus,</strong></span> <span class='ocrx_word' id='word_1_150' title='bbox 645 1293 805 1352; x_wconf 86' lang='lat' dir='ltr'><strong>quibus</strong></span> <span class='ocrx_word' id='word_1_151' title='bbox 819 1308 905 1337; x_wconf 93' lang='lat' dir='ltr'><strong>non</strong></span> <span class='ocrx_word' id='word_1_152' title='bbox 916 1292 1233 1336; x_wconf 83' lang='lat' dir='ltr'><strong>estintellectus</strong></span> <span class='ocrx_word' id='word_1_153' title='bbox 1246 1294 1274 1335; x_wconf 92' lang='lat'><strong>¹.</strong></span> <span class='ocrx_word' id='word_1_154' title='bbox 1290 1295 1420 1351; x_wconf 84' lang='lat' dir='ltr'><strong>Ergo,</strong></span> 
     </span>
     <span class='ocr_line' id='line_1_17' title="bbox 35 1360 1419 1418; baseline 0.001 -13"><span class='ocrx_word' id='word_1_155' title='bbox 35 1360 187 1405; x_wconf 75' lang='lat' dir='ltr'><strong>fratres</strong></span> <span class='ocrx_word' id='word_1_156' title='bbox 210 1362 318 1416; x_wconf 82' lang='lat' dir='ltr'><strong>mei,</strong></span> <span class='ocrx_word' id='word_1_157' title='bbox 344 1362 534 1406; x_wconf 86' lang='lat' dir='ltr'><strong>animam</strong></span> <span class='ocrx_word' id='word_1_158' title='bbox 562 1362 723 1406; x_wconf 84' lang='lat' dir='ltr'><strong>habere</strong></span> <span class='ocrx_word' id='word_1_159' title='bbox 738 1397 748 1416; x_wconf 81' lang='lat'>‚</span> <span class='ocrx_word' id='word_1_160' title='bbox 770 1372 814 1406; x_wconf 90' lang='lat' dir='ltr'><strong>et</strong></span> <span class='ocrx_word' id='word_1_161' title='bbox 834 1362 1105 1407; x_wconf 82' lang='lat' dir='ltr'><strong>intellectum</strong></span> <span class='ocrx_word' id='word_1_162' title='bbox 1124 1378 1212 1406; x_wconf 91' lang='lat' dir='ltr'><strong>non</strong></span> <span class='ocrx_word' id='word_1_163' title='bbox 1230 1362 1391 1407; x_wconf 83' lang='lat' dir='ltr'><strong>habere</strong></span> <span class='ocrx_word' id='word_1_164' title='bbox 1409 1398 1419 1418; x_wconf 85' lang='lat'><strong>‚</strong></span> 
     </span>
     <span class='ocr_line' id='line_1_18' title="bbox 35 1425 1423 1487; baseline 0.001 -11"><span class='ocrx_word' id='word_1_165' title='bbox 35 1425 119 1476; x_wconf 78' lang='lat' dir='ltr'>ho&#39;c</span> <span class='ocrx_word' id='word_1_166' title='bbox 148 1440 232 1486; x_wconf 81' lang='lat' dir='ltr'><strong>est,</strong></span> <span class='ocrx_word' id='word_1_167' title='bbox 259 1447 346 1476; x_wconf 91' lang='lat' dir='ltr'><strong>non</strong></span> <span class='ocrx_word' id='word_1_168' title='bbox 370 1432 598 1486; x_wconf 83' lang='lat' dir='ltr'><strong>adhibere,</strong></span> <span class='ocrx_word' id='word_1_169' title='bbox 636 1448 715 1477; x_wconf 87' lang='lat' dir='ltr'><strong>nec</strong></span> <span class='ocrx_word' id='word_1_170' title='bbox 737 1432 978 1477; x_wconf 86' lang='lat' dir='ltr'><strong>secundum</strong></span> <span class='ocrx_word' id='word_1_171' title='bbox 1009 1448 1110 1477; x_wconf 88' lang='lat' dir='ltr'><strong>eum</strong></span> <span class='ocrx_word' id='word_1_172' title='bbox 1138 1433 1305 1487; x_wconf 77' lang='lat' dir='ltr'><strong>vivere,</strong></span> <span class='ocrx_word' id='word_1_173' title='bbox 1329 1433 1423 1477; x_wconf 86' lang='lat' dir='ltr'><strong>bes-</strong></span> 
     </span>
     <span class='ocr_line' id='line_1_19' title="bbox 35 1500 1422 1564; baseline 0.001 -19"><span class='ocrx_word' id='word_1_174' title='bbox 35 1500 147 1545; x_wconf 83' lang='lat' dir='ltr'><strong>tialis</strong></span> <span class='ocrx_word' id='word_1_175' title='bbox 169 1510 232 1546; x_wconf 87' lang='lat' dir='ltr'><strong>est</strong></span> <span class='ocrx_word' id='word_1_176' title='bbox 250 1502 351 1545; x_wconf 85' lang='lat' dir='ltr'><strong>vita.</strong></span> <span class='ocrx_word' id='word_1_177' title='bbox 380 1504 455 1545; x_wconf 85' lang='lat' dir='ltr'><strong>Est</strong></span> <span class='ocrx_word' id='word_1_178' title='bbox 476 1503 590 1546; x_wconf 86' lang='lat' dir='ltr'><strong>enirn</strong></span> <span class='ocrx_word' id='word_1_179' title='bbox 619 1503 662 1546; x_wconf 92' lang='lat' dir='ltr'><strong>in</strong></span> <span class='ocrx_word' id='word_1_180' title='bbox 686 1503 810 1548; x_wconf 84' lang='lat' dir='ltr'><strong>nobis</strong></span> <span class='ocrx_word' id='word_1_181' title='bbox 833 1503 1041 1564; x_wconf 75' lang='lat' dir='ltr'>quiddam</span> <span class='ocrx_word' id='word_1_182' title='bbox 1062 1503 1240 1548; x_wconf 79' lang='lat' dir='ltr'><strong>bestiale</strong></span> <span class='ocrx_word' id='word_1_183' title='bbox 1262 1519 1349 1563; x_wconf 89' lang='lat' dir='ltr'><strong>quo</strong></span> <span class='ocrx_word' id='word_1_184' title='bbox 1378 1504 1422 1547; x_wconf 92' lang='lat' dir='ltr'><strong>in</strong></span> 
     </span>
     <span class='ocr_line' id='line_1_20' title="bbox 36 1572 1421 1630; baseline 0.001 -15"><span class='ocrx_word' id='word_1_185' title='bbox 36 1585 164 1616; x_wconf 89' lang='lat' dir='ltr'><strong>carne</strong></span> <span class='ocrx_word' id='word_1_186' title='bbox 186 1572 392 1626; x_wconf 87' lang='lat' dir='ltr'><strong>vivimus,</strong></span> <span class='ocrx_word' id='word_1_187' title='bbox 417 1572 492 1616; x_wconf 91' lang='lat' dir='ltr'><strong>sed</strong></span> <span class='ocrx_word' id='word_1_188' title='bbox 514 1572 741 1617; x_wconf 84' lang='lat' dir='ltr'><strong>intellectu</strong></span> <span class='ocrx_word' id='word_1_189' title='bbox 771 1573 1006 1630; x_wconf 84' lang='lat' dir='ltr'><strong>regendum</strong></span> <span class='ocrx_word' id='word_1_190' title='bbox 1031 1583 1107 1617; x_wconf 89' lang='lat' dir='ltr'><strong>est.</strong></span> <span class='ocrx_word' id='word_1_191' title='bbox 1134 1577 1278 1618; x_wconf 90' lang='lat' dir='ltr'><strong>Motus</strong></span> <span class='ocrx_word' id='word_1_192' title='bbox 1305 1573 1421 1617; x_wconf 91' lang='lat' dir='ltr'><strong>enim</strong></span> 
     </span>
     <span class='ocr_line' id='line_1_21' title="bbox 37 1632 1423 1699; baseline 0.001 -14"><span class='ocrx_word' id='word_1_193' title='bbox 37 1641 193 1685; x_wconf 84' lang='lat' dir='ltr'><strong>animae</strong></span> <span class='ocrx_word' id='word_1_194' title='bbox 215 1642 457 1686; x_wconf 80' lang='lat' dir='ltr'><strong>secundum</strong></span> <span class='ocrx_word' id='word_1_195' title='bbox 479 1658 650 1686; x_wconf 82' lang='lat' dir='ltr'><strong>carnem</strong></span> <span class='ocrx_word' id='word_1_196' title='bbox 681 1632 724 1686; x_wconf 79' lang='lat' dir='ltr'><strong>se</strong></span> <span class='ocrx_word' id='word_1_197' title='bbox 754 1644 982 1699; x_wconf 82' lang='lat' dir='ltr'><strong>moventis,</strong></span> <span class='ocrx_word' id='word_1_198' title='bbox 1008 1652 1050 1687; x_wconf 86' lang='lat' dir='ltr'><strong>et</strong></span> <span class='ocrx_word' id='word_1_199' title='bbox 1072 1644 1115 1687; x_wconf 93' lang='lat' dir='ltr'><strong>in</strong></span> <span class='ocrx_word' id='word_1_200' title='bbox 1138 1643 1312 1687; x_wconf 80' lang='lat' dir='ltr'>delicias</span> <span class='ocrx_word' id='word_1_201' title='bbox 1334 1659 1423 1688; x_wconf 81' lang='lat' dir='ltr'><strong>car-</strong></span> 
     </span>
     <span class='ocr_line' id='line_1_22' title="bbox 35 1711 1422 1773; baseline 0.001 -17"><span class='ocrx_word' id='word_1_202' title='bbox 35 1711 152 1756; x_wconf 82' lang='lat' dir='ltr'><strong>nales</strong></span> <span class='ocrx_word' id='word_1_203' title='bbox 180 1711 464 1757; x_wconf 80' lang='lat' dir='ltr'>immoderate</span> <span class='ocrx_word' id='word_1_204' title='bbox 505 1712 704 1757; x_wconf 89' lang='lat' dir='ltr'><strong>dissluere</strong></span> <span class='ocrx_word' id='word_1_205' title='bbox 729 1715 972 1773; x_wconf 87' lang='lat' dir='ltr'><strong>cupientis,</strong></span> <span class='ocrx_word' id='word_1_206' title='bbox 1004 1715 1112 1773; x_wconf 84' lang='lat' dir='ltr'><strong>regit</strong></span> <span class='ocrx_word' id='word_1_207' title='bbox 1143 1714 1329 1773; x_wconf 85' lang='lat' dir='ltr'><strong>desuper</strong></span> <span class='ocrx_word' id='word_1_208' title='bbox 1360 1715 1422 1758; x_wconf 89' lang='lat' dir='ltr'><strong>in-</strong></span> 
     </span>
     <span class='ocr_line' id='line_1_23' title="bbox 34 1780 1421 1844; baseline 0.001 -19"><span class='ocrx_word' id='word_1_209' title='bbox 34 1780 247 1826; x_wconf 82' lang='lat' dir='ltr'><strong>tellectus.</strong></span> <span class='ocrx_word' id='word_1_210' title='bbox 282 1782 367 1835; x_wconf 92' lang='lat' dir='ltr'><strong>Qui</strong></span> <span class='ocrx_word' id='word_1_211' title='bbox 389 1782 520 1826; x_wconf 86' lang='lat' dir='ltr'><strong>debet</strong></span> <span class='ocrx_word' id='word_1_212' title='bbox 542 1784 626 1827; x_wconf 90' lang='lat' dir='ltr'><strong>dici</strong></span> <span class='ocrx_word' id='word_1_213' title='bbox 648 1784 738 1828; x_wconf 76' lang='lat' dir='ltr'><strong>vir?</strong></span> <span class='ocrx_word' id='word_1_214' title='bbox 766 1785 840 1843; x_wconf 88' lang='lat' dir='ltr'><strong>qui</strong></span> <span class='ocrx_word' id='word_1_215' title='bbox 863 1785 998 1842; x_wconf 85' lang='lat' dir='ltr'><strong>regit,</strong></span> <span class='ocrx_word' id='word_1_216' title='bbox 1028 1801 1083 1828; x_wconf 84' lang='lat' dir='ltr'><strong>an</strong></span> <span class='ocrx_word' id='word_1_217' title='bbox 1117 1785 1193 1844; x_wconf 91' lang='lat' dir='ltr'><strong>qui</strong></span> <span class='ocrx_word' id='word_1_218' title='bbox 1226 1785 1421 1844; x_wconf 81' lang='lat' dir='ltr'><strong>regitur?</strong></span> 
     </span>
     <span class='ocr_line' id='line_1_24' title="bbox 35 1851 1419 1908; baseline 0.001 -12"><span class='ocrx_word' id='word_1_219' title='bbox 35 1851 193 1896; x_wconf 83' lang='lat' dir='ltr'><strong>Procul</strong></span> <span class='ocrx_word' id='word_1_220' title='bbox 214 1851 348 1896; x_wconf 88' lang='lat' dir='ltr'><strong>dubio</strong></span> <span class='ocrx_word' id='word_1_221' title='bbox 370 1868 471 1897; x_wconf 88' lang='lat' dir='ltr'><strong>curn</strong></span> <span class='ocrx_word' id='word_1_222' title='bbox 496 1852 693 1897; x_wconf 82' lang='lat' dir='ltr'><strong>ordinata</strong></span> <span class='ocrx_word' id='word_1_223' title='bbox 726 1853 813 1898; x_wconf 79' lang='lat' dir='ltr'><strong>vita</strong></span> <span class='ocrx_word' id='word_1_224' title='bbox 843 1864 931 1908; x_wconf 84' lang='lat' dir='ltr'><strong>est,</strong></span> <span class='ocrx_word' id='word_1_225' title='bbox 963 1854 1209 1899; x_wconf 84' lang='lat' dir='ltr'><strong>intellectus</strong></span> <span class='ocrx_word' id='word_1_226' title='bbox 1233 1855 1419 1898; x_wconf 84' lang='lat' dir='ltr'><strong>animam</strong></span> 
     </span>
     <span class='ocr_line' id='line_1_25' title="bbox 33 1921 1420 1986; baseline 0.002 -20"><span class='ocrx_word' id='word_1_227' title='bbox 33 1921 159 1981; x_wconf 75' lang='lat' dir='ltr'><strong>regit,</strong></span> <span class='ocrx_word' id='word_1_228' title='bbox 180 1922 233 1966; x_wconf 86' lang='lat' dir='ltr'><strong>ad</strong></span> <span class='ocrx_word' id='word_1_229' title='bbox 252 1922 388 1982; x_wconf 87' lang='lat' dir='ltr'>ipsam</span> <span class='ocrx_word' id='word_1_230' title='bbox 406 1924 592 1967; x_wconf 87' lang='lat' dir='ltr'><strong>animam</strong></span> <span class='ocrx_word' id='word_1_231' title='bbox 612 1925 847 1983; x_wconf 82' lang='lat' dir='ltr'><strong>pertinens.</strong></span> <span class='ocrx_word' id='word_1_232' title='bbox 869 1927 967 1970; x_wconf 92' lang='lat' dir='ltr'><strong>Non</strong></span> <span class='ocrx_word' id='word_1_233' title='bbox 980 1925 1094 1968; x_wconf 89' lang='lat' dir='ltr'><strong>enim</strong></span> <span class='ocrx_word' id='word_1_234' title='bbox 1115 1925 1283 1986; x_wconf 88' lang='lat' dir='ltr'><strong>aliquid</strong></span> <span class='ocrx_word' id='word_1_235' title='bbox 1301 1925 1420 1969; x_wconf 83' lang='lat' dir='ltr'><strong>aliud</strong></span> 
     </span>
     <span class='ocr_line' id='line_1_26' title="bbox 7 1993 1417 2055; baseline 0.003 -19"><span class='ocrx_word' id='word_1_236' title='bbox 7 2025 11 2028; x_wconf 87' lang='lat'><em>-</em></span> <span class='ocrx_word' id='word_1_237' title='bbox 33 2000 98 2036; x_wconf 88' lang='lat' dir='ltr'><strong>est</strong></span> <span class='ocrx_word' id='word_1_238' title='bbox 117 2008 247 2051; x_wconf 87' lang='lat' dir='ltr'><strong>quam</strong></span> <span class='ocrx_word' id='word_1_239' title='bbox 271 1994 431 2049; x_wconf 81' lang='lat' dir='ltr'><strong>anima,</strong></span> <span class='ocrx_word' id='word_1_240' title='bbox 456 1993 532 2038; x_wconf 92' lang='lat' dir='ltr'><strong>sed</strong></span> <span class='ocrx_word' id='word_1_241' title='bbox 555 1994 720 2055; x_wconf 85' lang='lat' dir='ltr'><strong>aliquid</strong></span> <span class='ocrx_word' id='word_1_242' title='bbox 742 1996 894 2039; x_wconf 84' lang='lat' dir='ltr'><strong>animae</strong></span> <span class='ocrx_word' id='word_1_243' title='bbox 917 2004 980 2040; x_wconf 89' lang='lat' dir='ltr'><strong>est</strong></span> <span class='ocrx_word' id='word_1_244' title='bbox 1002 1995 1246 2040; x_wconf 86' lang='lat' dir='ltr'><strong>intellectus</strong></span> <span class='ocrx_word' id='word_1_245' title='bbox 1269 2016 1277 2040; x_wconf 89' lang='lat'><strong>:</strong></span> <span class='ocrx_word' id='word_1_246' title='bbox 1296 2011 1417 2055; x_wconf 66' lang='lat' dir='ltr'><strong>quo-</strong></span> 
     </span>
     <span class='ocr_line' id='line_1_27' title="bbox 33 2061 1419 2127; baseline 0.003 -20"><span class='ocrx_word' id='word_1_247' title='bbox 33 2061 165 2108; x_wconf 91' lang='lat' dir='ltr'><strong>modo</strong></span> <span class='ocrx_word' id='word_1_248' title='bbox 186 2078 274 2107; x_wconf 88' lang='lat' dir='ltr'><strong>non</strong></span> <span class='ocrx_word' id='word_1_249' title='bbox 297 2064 463 2124; x_wconf 85' lang='lat' dir='ltr'><strong>aliquid</strong></span> <span class='ocrx_word' id='word_1_250' title='bbox 484 2065 600 2109; x_wconf 87' lang='lat' dir='ltr'><strong>aliud</strong></span> <span class='ocrx_word' id='word_1_251' title='bbox 619 2081 750 2125; x_wconf 85' lang='lat' dir='ltr'><strong>quam</strong></span> <span class='ocrx_word' id='word_1_252' title='bbox 769 2082 869 2111; x_wconf 81' lang='lat' dir='ltr'><strong>caro</strong></span> <span class='ocrx_word' id='word_1_253' title='bbox 886 2076 950 2111; x_wconf 89' lang='lat' dir='ltr'><strong>est</strong></span> <span class='ocrx_word' id='word_1_254' title='bbox 967 2067 1136 2122; x_wconf 89' lang='lat' dir='ltr'><strong>oculus,</strong></span> <span class='ocrx_word' id='word_1_255' title='bbox 1156 2066 1230 2111; x_wconf 82' lang='lat' dir='ltr'><strong>sed</strong></span> <span class='ocrx_word' id='word_1_256' title='bbox 1253 2067 1419 2127; x_wconf 86' lang='lat' dir='ltr'><strong>aliquid</strong></span> 
     </span>
     <span class='ocr_line' id='line_1_28' title="bbox 33 2133 1417 2198; baseline 0.003 -20"><span class='ocrx_word' id='word_1_257' title='bbox 33 2133 173 2178; x_wconf 86' lang='lat' dir='ltr'><strong>carnis</strong></span> <span class='ocrx_word' id='word_1_258' title='bbox 201 2143 265 2178; x_wconf 89' lang='lat' dir='ltr'><strong>est</strong></span> <span class='ocrx_word' id='word_1_259' title='bbox 290 2134 456 2178; x_wconf 80' lang='lat' dir='ltr'><strong>oculus.</strong></span> <span class='ocrx_word' id='word_1_260' title='bbox 483 2136 596 2180; x_wconf 89' lang='lat' dir='ltr'><strong>Cum</strong></span> <span class='ocrx_word' id='word_1_261' title='bbox 627 2145 771 2180; x_wconf 90' lang='lat' dir='ltr'><strong>autem</strong></span> <span class='ocrx_word' id='word_1_262' title='bbox 796 2139 942 2182; x_wconf 70' lang='lat' dir='ltr'><strong>&#39;carnis</strong></span> <span class='ocrx_word' id='word_1_263' title='bbox 971 2137 1137 2198; x_wconf 81' lang='lat' dir='ltr'><strong>aliquid</strong></span> <span class='ocrx_word' id='word_1_264' title='bbox 1159 2139 1212 2182; x_wconf 90' lang='lat' dir='ltr'><strong>sit</strong></span> <span class='ocrx_word' id='word_1_265' title='bbox 1234 2138 1386 2182; x_wconf 84' lang='lat' dir='ltr'><strong>oculus</strong></span> <span class='ocrx_word' id='word_1_266' title='bbox 1406 2172 1417 2193; x_wconf 90' lang='lat'>,</span> 
     </span>
     <span class='ocr_line' id='line_1_29' title="bbox 33 2202 1418 2265; baseline 0.004 -18"><span class='ocrx_word' id='word_1_267' title='bbox 33 2202 146 2248; x_wconf 87' lang='lat' dir='ltr'><strong>solus</strong></span> <span class='ocrx_word' id='word_1_268' title='bbox 170 2213 316 2248; x_wconf 89' lang='lat' dir='ltr'><strong>tamen</strong></span> <span class='ocrx_word' id='word_1_269' title='bbox 338 2205 436 2250; x_wconf 86' lang='lat' dir='ltr'><strong>luce</strong></span> <span class='ocrx_word' id='word_1_270' title='bbox 458 2205 696 2265; x_wconf 75' lang='lat' dir='ltr'><strong>perfruitur</strong></span> <span class='ocrx_word' id='word_1_271' title='bbox 723 2226 731 2251; x_wconf 75' lang='grc' dir='ltr'>ε</span> <span class='ocrx_word' id='word_1_272' title='bbox 757 2216 913 2252; x_wconf 83' lang='lat' dir='ltr'><strong>caetera</strong></span> <span class='ocrx_word' id='word_1_273' title='bbox 937 2218 1082 2252; x_wconf 82' lang='lat' dir='ltr'><strong>autem</strong></span> <span class='ocrx_word' id='word_1_274' title='bbox 1104 2209 1302 2253; x_wconf 82' lang='lat' dir='ltr'><strong>membra</strong></span> <span class='ocrx_word' id='word_1_275' title='bbox 1321 2225 1418 2253; x_wconf 88' lang='lat' dir='ltr'><strong>car-</strong></span> 
     </span>
     <span class='ocr_line' id='line_1_30' title="bbox 35 2272 1414 2338; baseline 0.005 -22"><span class='ocrx_word' id='word_1_276' title='bbox 35 2272 149 2317; x_wconf 88' lang='lat' dir='ltr'><strong>nalia</strong></span> <span class='ocrx_word' id='word_1_277' title='bbox 169 2273 267 2318; x_wconf 84' lang='lat' dir='ltr'><strong>luce</strong></span> <span class='ocrx_word' id='word_1_278' title='bbox 290 2274 493 2333; x_wconf 71' lang='lat' dir='ltr'><strong>perfundi</strong></span> <span class='ocrx_word' id='word_1_279' title='bbox 528 2285 721 2335; x_wconf 86' lang='lat' dir='ltr'><strong>possunt,</strong></span> <span class='ocrx_word' id='word_1_280' title='bbox 747 2276 889 2321; x_wconf 89' lang='lat' dir='ltr'><strong>lucem</strong></span> <span class='ocrx_word' id='word_1_281' title='bbox 912 2278 1069 2322; x_wconf 91' lang='lat' dir='ltr'><strong>sentire</strong></span> <span class='ocrx_word' id='word_1_282' title='bbox 1098 2294 1188 2322; x_wconf 91' lang='lat' dir='ltr'><strong>non</strong></span> <span class='ocrx_word' id='word_1_283' title='bbox 1209 2289 1414 2338; x_wconf 85' lang='lat' dir='ltr'><strong>possunt,</strong></span> 
     </span>
     <span class='ocr_line' id='line_1_31' title="bbox 35 2341 1417 2406; baseline 0.004 -20"><span class='ocrx_word' id='word_1_284' title='bbox 35 2341 149 2387; x_wconf 88' lang='lat' dir='ltr'><strong>solus</strong></span> <span class='ocrx_word' id='word_1_285' title='bbox 174 2358 221 2387; x_wconf 87' lang='lat' dir='ltr'><strong>ea</strong></span> <span class='ocrx_word' id='word_1_286' title='bbox 240 2344 390 2388; x_wconf 89' lang='lat' dir='ltr'><strong>oculus</strong></span> <span class='ocrx_word' id='word_1_287' title='bbox 409 2354 451 2389; x_wconf 84' lang='lat' dir='ltr'><strong>et</strong></span> <span class='ocrx_word' id='word_1_288' title='bbox 478 2344 756 2405; x_wconf 87' lang='lat' dir='ltr'><strong>perfunditur</strong></span> <span class='ocrx_word' id='word_1_289' title='bbox 770 2356 812 2391; x_wconf 86' lang='lat' dir='ltr'><strong>et</strong></span> <span class='ocrx_word' id='word_1_290' title='bbox 834 2346 1086 2406; x_wconf 84' lang='lat' dir='ltr'><strong>perfruitur.</strong></span> <span class='ocrx_word' id='word_1_291' title='bbox 1117 2350 1184 2393; x_wconf 89' lang='lat' dir='ltr'><strong>Sic</strong></span> <span class='ocrx_word' id='word_1_292' title='bbox 1206 2350 1252 2392; x_wconf 95' lang='lat' dir='ltr'><strong>in</strong></span> <span class='ocrx_word' id='word_1_293' title='bbox 1275 2349 1417 2392; x_wconf 85' lang='lat' dir='ltr'><strong>anima</strong></span> 
     </span>
     <span class='ocr_line' id='line_1_32' title="bbox 12 2414 1415 2482; baseline 0.004 -26"><span class='ocrx_word' id='word_1_294' title='bbox 12 2422 180 2482; x_wconf 49' lang='lat' dir='ltr'><strong>‘nostra</strong></span> <span class='ocrx_word' id='word_1_295' title='bbox 201 2414 411 2473; x_wconf 85' lang='lat' dir='ltr'><strong>quiddam</strong></span> <span class='ocrx_word' id='word_1_296' title='bbox 433 2426 496 2460; x_wconf 87' lang='lat' dir='ltr'><strong>est</strong></span> <span class='ocrx_word' id='word_1_297' title='bbox 517 2415 637 2476; x_wconf 87' lang='lat' dir='ltr'><strong>quod</strong></span> <span class='ocrx_word' id='word_1_298' title='bbox 664 2417 908 2462; x_wconf 86' lang='lat' dir='ltr'><strong>intellectus</strong></span> <span class='ocrx_word' id='word_1_299' title='bbox 936 2428 1130 2463; x_wconf 83' lang='lat' dir='ltr'><strong>vocatur.</strong></span> <span class='ocrx_word' id='word_1_300' title='bbox 1160 2422 1252 2464; x_wconf 88' lang='lat' dir='ltr'><strong>Hoc</strong></span> <span class='ocrx_word' id='word_1_301' title='bbox 1275 2420 1415 2477; x_wconf 87' lang='lat' dir='ltr'><strong>ipsum</strong></span> 
     </span>
     <span class='ocr_line' id='line_1_33' title="bbox 35 2483 1415 2544; baseline 0.004 -19"><span class='ocrx_word' id='word_1_302' title='bbox 35 2483 189 2526; x_wconf 85' lang='lat' dir='ltr'><strong>animae</strong></span> <span class='ocrx_word' id='word_1_303' title='bbox 229 2484 349 2543; x_wconf 90' lang='lat' dir='ltr'><strong>quod</strong></span> <span class='ocrx_word' id='word_1_304' title='bbox 391 2485 634 2531; x_wconf 84' lang='lat' dir='ltr'><strong>intellectus</strong></span> <span class='ocrx_word' id='word_1_305' title='bbox 670 2496 712 2531; x_wconf 88' lang='lat' dir='ltr'><strong>et</strong></span> <span class='ocrx_word' id='word_1_306' title='bbox 745 2503 866 2532; x_wconf 90' lang='lat' dir='ltr'><strong>mens</strong></span> <span class='ocrx_word' id='word_1_307' title='bbox 899 2488 1058 2533; x_wconf 88' lang='lat' dir='ltr'><strong>dicitur</strong></span> <span class='ocrx_word' id='word_1_308' title='bbox 1082 2525 1092 2544; x_wconf 94' lang='lat'>‚</span> <span class='ocrx_word' id='word_1_309' title='bbox 1144 2489 1415 2533; x_wconf 84' lang='lat' dir='ltr'><strong>illuminatur</strong></span> 
     </span>
    </p>
   </div>
   <div class='ocr_carea' id='block_1_3' title="bbox 85 2567 346 2611">
    <p class='ocr_par' dir='ltr' id='par_1_3' title="bbox 85 2567 346 2611">
     <span class='ocr_line' id='line_1_34' title="bbox 85 2567 346 2611; baseline 0.015 -14"><span class='ocrx_word' id='word_1_310' title='bbox 85 2573 94 2588; x_wconf 87' lang='lat'>¹</span> <span class='ocrx_word' id='word_1_311' title='bbox 111 2567 191 2598; x_wconf 68' lang='lat' dir='ltr'>Peal.</span> <span class='ocrx_word' id='word_1_312' title='bbox 215 2580 346 2611; x_wconf 75' lang='lat' dir='ltr'>xxx1‚9.</span> 
     </span>
    </p>
   </div>
  </div>
 </body>
</html>
