1809 3173
369 145 452 185 430
803 157 837 186 s.
873 158 1103 191 Auous‘rlffl
1135 165 1315 194 Ei›1scor1
1793 169 1801 215 5

364 221 409 264 id
424 230 486 264 est
508 220 564 265 ad
584 219 744 267 Filium
761 244 772 281 3
792 233 836 268 et
853 225 987 271 Filius
1024 232 1136 273 Deus
1156 232 1209 274 ad
1235 230 1400 290 aliquid
1418 241 1480 276 est
1515 234 1675 290 Filius⁷
1701 235 1748 280 id

365 300 430 334 est
456 290 511 335 ad
535 295 704 336 Patrem
731 312 740 338 2
765 293 839 338 sed
862 311 951 340 non
973 300 1195 357 quomodo
1215 300 1276 344 illi
1299 301 1387 345 duo
1412 303 1606 348 homines
1627 316 1744 359 sunt,
1794 345 1795 357 ,

364 362 424 406 sio
452 362 522 406 isti
554 362 642 408 duo
673 363 758 420 dii,
785 371 925 420 Quare
947 369 1030 412 hoc
1061 385 1151 413 non
1182 371 1241 416 ita
1275 382 1337 416 est
1366 374 1461 417 ibi?
1494 376 1603 427 Quia
1638 375 1750 420 illud
1794 384 1796 403 ;

365 431 511 488 aliud,
539 434 622 478 hoc
656 444 802 481 autem
826 437 943 481 aliud
979 448 1041 481 est
1074 458 1081 483 z
1107 441 1210 499 quia
1242 441 1314 486 issa
1346 443 1546 489 divinitas
1568 456 1645 489 est.
1674 449 1752 490 Est
1796 450 1797 474 ¹

367 502 428 546 ibi
452 503 617 565 aliquid
653 507 896 562 ineffabile,
931 508 1051 567 quod
1080 511 1221 555 verbis
1253 513 1454 572 explicari
1487 532 1575 560 non
1600 517 1747 575 possit,

369 584 419 618 ut
447 585 488 620 et
523 592 731 621 numerus
763 579 843 632 sit,
878 588 920 623 et
952 595 1159 626 numerus
1187 598 1276 627 non
1293 584 1362 628 sit.
1389 585 1543 630 Videte
1573 589 1689 631 enim
1719 587 1753 631 si

369 661 460 690 non
495 649 617 706 quasi
650 658 828 707 apparet
859 665 1090 708 numerus9
1128 656 1252 698 Pater
1281 664 1324 699 et
1369 655 1504 700 Filius
1540 668 1583 701 et
1617 658 1753 717 Spiri-

371 725 440 760 tus
473 727 646 761 sanctus
680 719 877 763 Trinitas.
909 721 951 765 Si
994 730 1098 780 tres,
1128 724 1236 783 quid
1269 728 1380 769 tres?
1416 728 1566 771 Deficit
1596 744 1755 772 nume-

371 803 458 831 rus.
491 791 555 832 lta
587 792 699 832 Deus
732 805 812 834 nec
846 791 1008 836 recedit
1036 809 1057 836 a
1091 810 1297 849 numero,
1345 812 1425 841 nec
1458 798 1632 858 eapitur
1665 816 1752 843 nu-

371 873 508 902 mero.
533 859 643 912 Quia
662 868 745 903 tres
767 870 869 904 sunt
888 896 898 916 ‚
936 872 1142 922 tanquam
1175 876 1239 910 est
1267 883 1474 913 numerus
1499 888 1508 913 :
1533 870 1567 913 si
1598 871 1755 930 quaeris

370 928 478 988 quid
492 938 596 984 tres,
623 946 711 974 non
734 939 797 974 est
819 947 1024 977 numerus
1047 954 1054 978 :
1079 954 1099 976 «
1125 935 1247 980 Unde
1270 936 1436 982 dietum
1458 949 1542 994 est,
1567 943 1754 999 Magnus
1804 968 1809 987 ι,

332 1043 334 1045 ,
375 1018 394 1041 »
430 1001 640 1045 Dominus
662 1011 807 1046 noster
829 1014 872 1048 θῖ
892 1020 1049 1063 magna
1068 1007 1202 1051 virtus
1226 1010 1338 1069 ejus,
1362 1020 1404 1054 et
1427 1011 1648 1070 sapientiae
1666 1013 1756 1072 ejus

375 1088 395 1112 »
431 1087 521 1114 non
538 1076 872 1132 est-numerus&
903 1094 921 1115 »
947 1076 1031 1120 Ubi
1053 1078 1241 1135 cogitare
1263 1081 1466 1139 coeperis,
1491 1082 1643 1141 incipis
1667 1099 1752 1126 nu-

373 1157 572 1188 merare:
607 1144 679 1187 ubi
714 1147 1027 1202 numeraveris,
1064 1149 1170 1208 quid
1203 1154 1495 1196 numeraveris
1523 1169 1612 1196 non
1633 1164 1756 1213 potes

374 1213 649 1272 respondere.
672 1218 818 1271 Pater,
846 1220 972 1260 Pater
993 1228 1082 1273 est,
1110 1219 1268 1274 Filius,
1298 1222 1431 1266 Filius
1463 1233 1549 1281 est3
1576 1225 1760 1283 Spiritus

372 1294 562 1339 sanctus,
591 1285 773 1344 Spiritus
794 1296 967 1331 sanetus
989 1298 1050 1331 est
1076 1308 1085 1333 :
1110 1290 1219 1349 quid
1237 1301 1337 1336 sunt
1359 1293 1424 1337 isti
1450 1302 1547 1346 tres,
1567 1298 1694 1338 Pater
1715 1304 1759 1340 et

373 1354 508 1399 Filius
531 1365 573 1398 et
599 1356 782 1415 Spiritus
818 1360 1022 1402 sanetus?
1051 1362 1146 1405 Non
1178 1370 1260 1406 tres
1299 1362 1386 1407 dii?
1408 1379 1497 1408 non
1521 1384 1529 1409 :
1555 1368 1651 1410 Non
1675 1376 1759 1411 tres

373 1427 722 1485 omnipotentes?
738 1443 842 1472 non.
860 1431 957 1473 Non
981 1439 1065 1474 tres
1081 1431 1234 1476 mundi
1256 1438 1617 1480 creatores?non.
1640 1440 1756 1496 Ergo

372 1496 647 1555 omnipotens
670 1500 825 1541 Pater?
847 1500 1122 1558 omnipotens
1144 1502 1285 1560 plane.
1315 1506 1429 1562 Ergo
1448 1514 1495 1548 et
1517 1506 1653 1551 Filius
1669 1523 1760 1551 non

373 1567 680 1626 omnipotens?
716 1567 843 1627 plane
866 1578 908 1613 et
931 1570 1065 1615 Filius
1088 1573 1380 1632 omnipotens·
1407 1577 1524 1634 Ergo
1558 1586 1600 1620 et
1624 1579 1760 1637 Spiri-

373 1646 442 1682 tus
471 1647 645 1682 sanetus
680 1655 770 1683 non
807 1641 1118 1700 omnipotens?
1142 1653 1185 1687 et
1214 1644 1302 1703 ipse
1343 1647 1631 1705 omnipotens.
1659 1652 1760 1693 Tres

374 1724 477 1767 ergo
495 1710 815 1768 omnipotentes
835 1712 852 1754 Ρ
872 1726 983 1766 non,
1008 1713 1083 1756 sed
1108 1715 1528 1775 unusomnipotens.
1552 1720 1644 1762 Hoc
1668 1718 1760 1764 solo

373 1795 605 1824 numerum
627 1781 872 1837 insinuant,
893 1783 1015 1842 quod
1036 1783 1091 1827 ad
1113 1785 1296 1829 invicem
1320 1797 1436 1842 sunt,
1457 1803 1544 1832 non
1568 1790 1686 1849 quod
1705 1790 1759 1835 ad

371 1865 416 1894 se
432 1860 548 1894 sunt.
575 1851 686 1904 Quia
708 1852 823 1895 enim
858 1855 970 1896 Deus
994 1857 1120 1898 Pater
1141 1856 1197 1899 ad
1217 1872 1262 1900 se
1291 1872 1355 1901 est
1378 1862 1489 1902 Deus
1509 1860 1639 1903 simul
1659 1876 1759 1904 cum

374 1920 485 1964 Filio
508 1930 551 1964 et
576 1921 737 1980 Spiritu
775 1931 940 1977 sancto,
965 1938 1055 1966 non
1076 1934 1178 1967 sunt
1210 1935 1296 1969 tres
1318 1926 1401 1984 dii3
1426 1928 1528 1987 quia
1549 1929 1605 1972 ad
1633 1945 1678 1974 se
1697 1940 1761 1974 est

372 1993 647 2051 omnipotens
684 1993 813 2036 simul
837 2008 939 2036 cum
962 1994 1074 2038 Filio
1097 2003 1139 2038 et
1164 1997 1325 2055 Spiritu
1345 2008 1517 2051 saneto,
1544 2015 1633 2044 non
1658 2010 1760 2045 sunt

374 2072 456 2106 tres
478 2063 799 2122 omnipotentes
825 2083 834 2107 ι
859 2063 963 2123 quia
980 2080 1082 2108 vero
1098 2082 1187 2109 non
1209 2066 1264 2110 ad
1286 2083 1329 2110 se
1351 2078 1415 2112 est
1440 2072 1585 2125 Pater,
1606 2071 1680 2115 sed
1702 2072 1758 2116 ad

372 2134 558 2191 Filium3
588 2149 668 2178 nec
692 2133 827 2178 Filius
851 2135 905 2177 ad
927 2149 970 2177 se
1001 2144 1085 2190 est,
1111 2136 1187 2180 sed
1208 2137 1263 2180 ad
1288 2141 1486 2197 Patrem3
1520 2156 1599 2185 nec
1622 2143 1758 2201 Spiri—

372 2203 479 2248 ritus
506 2203 561 2248 ad
598 2220 663 2259 se,
689 2202 735 2248 in
770 2220 821 2248 eo
852 2205 973 2264 quod
1003 2206 1164 2249 dicitur
1189 2208 1371 2265 Spiritus
1397 2212 1529 2255 Patris
1557 2221 1601 2255 et
1630 2216 1662 2256 F
1667 2213 1755 2271 ilii3

372 2290 463 2319 non
485 2285 548 2319 est
571 2276 679 2335 quid
710 2275 852 2319 dicam
878 2285 980 2331 treS‚
1008 2277 1088 2321 nisi
1112 2281 1280 2322 Patrem
1311 2289 1354 2323 et
1378 2281 1537 2326 Filium
1556 2286 1599 2327 e‘t
1622 2285 1756 2344 Spiri-

373 2354 469 2390 tum
490 2355 688 2390 sanctum
714 2361 853 2389 unum
887 2349 1046 2402 Deum,
1087 2363 1226 2392 unum
1249 2351 1610 2411 omnipotentem.
1637 2358 1754 2414 Ergo

373 2432 512 2462 unum
535 2415 813 2477 principium.

424 2507 433 2524 ¹
459 2500 540 2534 Psal.
566 2511 635 2543 mu,
652 2499 710 2532 65.
