1809 3173
385 176 466 213 222
822 185 856 213 s.
892 182 1121 213 Aususnm
1154 184 1333 213 EPlscoPI

385 250 439 294 ad
461 263 705 294 sermonem
736 249 868 309 ipsius
890 251 1061 295 Domini
1083 250 1217 295 nostri
1239 252 1342 294 Jesu
1360 246 1519 294 Christi
1540 247 1587 290 in
1616 249 1761 292 Evan-

385 320 512 379 gelio,
538 320 747 381 quoniam
763 329 807 366 et
828 321 1014 367 crastino
1035 320 1106 366 die
1120 335 1259 365 sermo
1275 319 1461 364 debetur
1481 317 1625 373 vobiS‚
1643 315 1762 361 ades-

383 399 473 435 tote
492 399 542 437 ut
563 391 761 436 audiatis.

383 565 1762 586 mmmmmmmwwmmmmmmwummmmwnmmm

770 707 1176 755 TRACTATUS
1208 708 1318 754 XXI
1332 706 1362 752 ¹.

385 860 453 905 Ab
476 875 527 905 eo
553 860 674 919 quod
696 860 903 917 seriptum
935 867 1020 913 est,
1045 857 1202 902 Pater
1230 858 1354 902 enim
1387 855 1545 920 diligit
1565 854 1763 912 Filiam,
1804 843 1809 914 Ξ

445 939 491 974 et
513 930 677 974 omnia
700 928 997 973 demonstrat
1019 928 1065 972 ei
1085 943 1190 986 quce
1223 928 1465 988 ipsesiccit
1501 948 1509 973 :
1544 943 1681 988 usque
1713 926 1767 971 ad

445 1001 516 1057 id,
551 1001 650 1061 Qui
670 1016 765 1044 non
794 998 1078 1059 honorificat
1109 997 1318 1051 Filiam,
1356 1014 1451 1043 non
1481 997 1768 1059 honorificat
1804 1013 1809 1040 Α

445 1072 648 1118 Patrem
665 1073 749 1131 qai
768 1071 893 1115 misit
916 1069 1062 1114 illum.
1775 1078 1780 1081 “
1801 1050 1809 1127 Ξ

446 1221 480 1262 Ι.
504 1221 733 1263 HEsTERNo
755 1218 826 1261 die
843 1226 1056 1277 quantum
1072 1217 1280 1260 Dominus
1298 1216 1459 1260 donare
1475 1214 1676 1273 dignatus
1688 1224 1768 1270 est,

388 1305 473 1348 qua
496 1289 716 1348 potuimus
739 1287 945 1332 facultate
963 1288 1254 1341 tractavimus,
1280 1297 1323 1331 et
1344 1304 1429 1346 qua
1455 1287 1675 1346 potuimus
1700 1301 1769 1330 ca·
1803 1272 1809 1353 Ξ

388 1360 575 1419 pacitate
598 1358 887 1403 intelleximus
909 1393 918 1411 ‚
944 1358 1165 1417 quomodo
1187 1358 1487 1417 inseparabilia
1518 1367 1620 1401 sunt
1642 1372 1773 1416 opera
1807 1360 1809 1416 Ξ

392 1431 531 1474 Patris
552 1440 594 1474 et
617 1430 733 1487 Filii3
759 1445 838 1472 nee
858 1428 938 1472 alia
960 1428 1063 1472 facit
1088 1432 1233 1483 Pater,
1259 1428 1338 1472 alia
1358 1428 1508 1483 Filius,
1530 1427 1606 1471 sed
1628 1427 1772 1472 omnia
1804 1417 1809 1471 Ξ

392 1505 517 1545 Pater
548 1501 650 1544 facit
670 1516 745 1559 per
774 1499 934 1543 Filium
951 1534 961 1553 ‚
994 1508 1201 1558 tanquam
1229 1515 1304 1558 per
1326 1500 1521 1542 Verbum
1544 1514 1692 1553 suum,
1719 1498 1774 1541 de
1806 1496 1809 1567 Ξ

391 1587 479 1631 quo
502 1571 710 1630 seriptum
742 1578 830 1613 est:
861 1569 1017 1613 Omnia
1040 1584 1116 1627 per
1145 1570 1287 1628 ipsum
1310 1570 1423 1613 faeta
1459 1579 1582 1624 sunt,
1613 1578 1657 1613 et
1685 1569 1776 1613 sine
1806 1571 1809 1624 Ξ

391 1643 483 1702 ipso
500 1643 665 1687 factum
688 1650 750 1685 est
781 1641 927 1683 nihit2.
951 1642 1184 1700 Sequentia
1212 1641 1344 1685 verba
1373 1641 1503 1684 hodie
1524 1640 1746 1685 videamus
1761 1675 1773 1696 ‚
1806 1626 1809 1678 3

394 1723 437 1758 et
459 1715 512 1758 ab
534 1713 688 1758 eodem
718 1712 904 1756 Domino
928 1712 1018 1771 ejus
1040 1711 1380 1755 misericordiam
1403 1721 1446 1755 et
1467 1711 1773 1771 deprecemur,
1801 1681 1809 1763 Ξ

395 1794 437 1828 θῖ
455 1798 693 1843 speremus,
717 1791 766 1825 ut
786 1782 973 1841 primum
991 1782 1024 1825 si
1041 1781 1222 1839 dignum
1243 1782 1333 1841 ipse
1351 1780 1536 1841 judicat,
1561 1781 1777 1839 intelliga-
1800 1779 1803 1834 Ξ

396 1869 492 1898 mus
515 1854 634 1914 quod
657 1867 807 1896 verum
828 1861 891 1895 est
918 1870 926 1896 :
950 1851 983 1894 si
1005 1861 1149 1895 autem
1166 1852 1250 1895 hoc
1272 1867 1360 1895 non
1376 1852 1642 1910 potuerimus
1656 1886 1667 1906 ,
1690 1867 1780 1895 non
1800 1835 1802 1902 Ξ

397 1940 545 1969 eamus
564 1925 610 1968 in
632 1922 743 1966 illud
764 1921 885 1982 quod
909 1920 1065 1965 falsum
1084 1930 1162 1964 est.
1186 1921 1343 1966 Melius
1373 1931 1436 1965 est
1457 1922 1570 1965 enim
1591 1923 1778 1977 nescire,

398 2012 531 2056 quam
551 2010 691 2039 errare
719 2013 726 2038 :
763 1993 839 2037 sed
868 1993 975 2036 scire
997 2001 1061 2035 est
1083 1991 1235 2036 melius
1265 2007 1395 2052 quam
1419 1994 1594 2036 nescire.
1628 1996 1802 2060 Itaque}

400 2077 500 2112 ante
521 2067 665 2111 omnia
692 2064 839 2108 conari
865 2063 1076 2106 debemus
1095 2072 1143 2107 ut
1171 2064 1355 2107 sciamus
1382 2082 1389 2107 :
1421 2064 1455 2107 si
1483 2063 1778 2123 potuerimus,

400 2141 490 2182 Deo
513 2137 668 2196 gratias
694 2154 703 2180 :
726 2134 759 2178 si
782 2142 927 2178 autem
958 2148 1047 2177 non
1069 2133 1339 2192 potuerimus
1360 2133 1532 2177 interim
1557 2133 1783 2193 pervenire

402 2211 454 2252 ad
472 2208 716 2261 veritatem,
742 2220 830 2248 non
852 2219 999 2249 eamus
1020 2203 1075 2247 ad
1095 2203 1342 2248 falsitatem.
1363 2205 1478 2258 Quid
1492 2205 1607 2248 enim
1625 2205 1780 2257 simus,

402 2288 446 2323 et
466 2277 574 2339 quid
596 2285 844 2330 tractemus,
865 2272 1378 2319 considerare-debemus.
1406 2276 1611 2319 Homines
1632 2290 1782 2320 sumus

402 2364 577 2395 carnem
604 2355 844 2408 portantes,
872 2345 918 2388 in
948 2346 1028 2389 hac
1055 2345 1142 2389 vita
1161 2344 1434 2389 ambulantes
1467 2364 1475 2390 2
1501 2354 1543 2389 et
1564 2347 1597 2389 si
1614 2345 1704 2405 jam
1729 2343 1784 2389 de

403 2421 565 2465 semine
596 2417 719 2464 verbi
756 2417 831 2461 Dei
856 2415 1015 2471 renati,
1035 2423 1182 2459 tamen
1201 2415 1260 2459 ita
1296 2415 1343 2458 in
1363 2416 1535 2461 Christo
1562 2415 1780 2467 innovati,
1801 2474 1803 2481 y

451 2525 462 2541 ¹
478 2517 612 2552 Habitus
627 2516 680 2550 die
696 2514 843 2559 proximo
858 2517 930 2556 post
946 2512 1141 2555 superiorem
1158 2513 1353 2545 Tractatum.
1375 2528 1416 2535 —
1437 2518 1450 2535 ²
1468 2514 1557 2545 Joan.
1571 2523 1596 2552 1,
1615 2511 1647 2544 3.
