1825 3214
322 277 361 300 {N
396 274 570 300 JoANle
604 274 907 307 mummium,
943 273 1088 298 ἰἰιΛΓκικ
1127 271 1221 296 xrv.
1377 260 1459 296 505

73 340 277 382 cientiam
327 341 397 382 Dei
433 348 473 380 et
509 337 928 396 przedestinationem
953 373 962 388 ,
1003 352 1131 396 «luam
1175 336 1324 379 multa*
1360 351 1460 379 oves

73 409 177 454 foris
193 446 203 458 ,
225 425 355 469 quam
377 408 500 451 multi
525 408 614 466 lupi
637 409 776 463 intus,
796 418 838 450 et
860 424 990 466 quarn
1019 408 1166 450 mulne
1185 423 1284 450 oves
1315 407 1430 449 intus
1448 441 1458 458 ,

74 489 116 523 et
138 495 268 539 quam
294 479 416 522 multi
439 478 528 534 lupi
555 480 669 521 suris.
690 478 804 531 Quid
822 478 1015 537 estquod
1033 479 1140 531 dixi,
1162 493 1291 536 quam
1313 477 1462 520 multae

74 566 174 594 oves
199 550 332 594 soris?
362 555 500 603 Quam
528 550 652 593 multi
679 551 809 593 modo
835 549 1131 601 luxuriantur,
1157 550 1261 591 casti
1296 548 1427 590 futuri
1449 569 1458 603 3

74 637 204 681 quam
242 622 366 664 multi
403 621 705 679 blasphemant
726 623 975 674 Christum,
1011 619 1217 663 credituri
1240 620 1282 662 in
1315 620 1463 663 Chris·-

74 701 167 735 tum
188 712 198 747 3
224 707 356 750 quam
380 690 506 734 multi
529 707 572 734 se
596 691 826 745 inebriant,
850 689 985 734 futuri
1008 690 1162 746 sobrii,
1185 705 1316 748 quam
1338 688 1462 731 multi

75 762 250 821 rapiunt
282 777 346 805 res
385 760 566 816 alienas,
602 762 806 806 donaturi
839 777 934 805 suas
967 781 974 804 :
1002 769 1300 804 verumtamen
1332 759 1463 803 modo

74 848 223 876 vocem
248 832 431 876 alienam
464 832 674 885 audiunt,
715 832 876 876 alienos
905 841 1163 892 sequuntur.
1190 834 1298 874 Item
1332 845 1463 890 quam

77 901 202 945 multi
224 903 341 946 intus
366 901 567 957 laudant,
607 903 948 962 blasphematuri
968 924 978 959 3
999 903 1101 946 casti
1126 911 1248 955 sunt,
1276 900 1463 944 fornica-

76 974 186 1029 turi,
210 973 341 1016 sobrii
361 981 484 1027 sunt,
506 988 549 1015 se
571 974 673 1017 vino
695 983 842 1032 postea
862 973 1074 1031 sepulturi
1093 994 1102 1025 ς
1128 981 1265 1025 stant,
1291 971 1429 1014 casuri
1452 990 1460 1014 :

74 1059 163 1087 non
186 1053 288 1086 sunt
310 1058 424 1086 oves.
451 1045 468 1099 (
493 1046 553 1086 De
571 1043 887 1102 praedestinatis
905 1045 1019 1086 enim
1043 1043 1265 1102 loquimur
1292 1061 1300 1085 ς
1328 1041 1382 1084 de
1400 1042 1464 1084 his

74 1114 297 1173 loquimur
318 1129 427 1173 quos
450 1115 572 1158 novit
595 1115 803 1158 Dominus
818 1150 828 1170 ,
855 1115 931 1173 qui
953 1123 1055 1157 sunt
1077 1115 1183 1173 ejus.
1208 1115 1224 1170 )
1247 1115 1301 1155 Et
1321 1121 1464 1155 tamen

75 1185 153 1243 ipsi
182 1181 380 1242 quandiu
404 1193 519 1227 recte
541 1185 736 1242 sapiunt,
765 1185 925 1228 Christi
949 1199 1100 1240 vocem
1123 1183 1324 1226 audiunt.
1354 1185 1465 1225 Ecce

76 1253 261 1297 audiunt
283 1254 387 1311 ipsi,
414 1268 502 1297 non
520 1252 707 1297 audiunt
725 1253 787 1297 illi
815 1273 823 1297 :
850 1263 893 1296 et
917 1264 1060 1297 tamen
1084 1251 1326 1296 secundum
1350 1266 1464 1309 prae-

76 1323 408 1367 destinationem
433 1338 521 1367 non
545 1339 644 1367 oves
666 1324 760 1377 isti,
787 1339 885 1367 oves
908 1322 985 1366 illi.

79 1408 83 1413 ·
135 1397 263 1437 xlii.
290 1393 446 1437 Adhuc
484 1403 632 1436 manet
654 1395 838 1453 quaestio
855 1429 864 1446 ,
891 1409 990 1452 quae
1012 1392 1118 1435 mihi
1144 1391 1317 1434 interim
1348 1405 1466 1434 nunc

76 1462 251 1508 videtur
273 1463 330 1506 ita
355 1478 477 1522 posse
509 1462 698 1507 dissolvi.
726 1465 802 1507 Est
837 1463 979 1522 aliqua
1002 1477 1108 1516 vox,
1134 1470 1224 1515 est,
1261 1460 1464 1520 inquam,

76 1549 161 1578 vox
184 1533 327 1593 aliqua
350 1534 555 1592 pastoris,
582 1534 626 1577 in
648 1549 735 1593 qua
760 1549 861 1577 oves
889 1549 976 1577 non
1001 1531 1187 1576 audiunt
1210 1531 1371 1575 alienos
1388 1566 1398 1585 ,
1423 1532 1466 1574 in

77 1619 163 1664 qua
183 1619 270 1648 non
295 1619 396 1647 oves
419 1619 508 1646 non
544 1602 727 1646 audiunt
758 1603 994 1648 Christum.
1022 1605 1130 1655 Quae
1156 1611 1221 1644 est
1255 1601 1331 1644 ista
1355 1616 1435 1644 vox
1451 1604 1468 1642 ἱ)

78 1674 162 1727 Qui
187 1674 522 1732 perseveraverit
540 1689 678 1733 usque
713 1674 756 1716 in
781 1673 909 1716 finem
928 1707 939 1726 ‚
970 1673 1041 1716 hic
1064 1670 1206 1714 salvus
1228 1671 1322 1714 erit.
1346 1673 1468 1715 Hane

79 1760 228 1789 vocem
252 1760 341 1788 non
365 1744 545 1802 negligit.
568 1744 790 1803 proprius,
817 1759 904 1786 non
925 1742 1046 1786 audit
1076 1741 1240 1785 alienus
1268 1762 1276 1785 ι
1301 1757 1402 1785 nam
1426 1750 1470 1785 et

77 1813 151 1857 ille
173 1815 255 1857 hoc
278 1815 315 1857 ei
341 1812 566 1872 praedicat,
602 1822 650 1857 ut
675 1822 917 1872 perseveret
939 1812 1057 1871 apud
1082 1812 1223 1870 ipsum
1248 1827 1387 1871 usque
1423 1812 1469 1854 in

79 1885 210 1927 finem
226 1918 236 1935 ‚
261 1882 337 1926 sed
374 1899 460 1926 non
500 1883 614 1940 apud
638 1897 736 1925 eum
763 1881 1077 1940 perseverando
1100 1897 1190 1924 non
1212 1881 1334 1925 audit
1359 1883 1469 1926 hanc

78 1969 245 1997 vocem.
273 1953 402 1996 Venit
423 1953 477 1995 ad
500 1953 721 1996 Christum
741 1987 751 2005 ‚
773 1952 938 1996 audivit
961 1952 1044 1995 alia
1059 1960 1102 1995 et
1124 1951 1205 1994 alia
1223 1952 1370 2005 verba,
1395 1951 1469 1996 illa

79 2033 123 2066 et
145 2023 234 2075 illa,
251 2024 394 2067 omnia
413 2038 530 2075 vera,
545 2038 647 2065 sana
663 2022 805 2065 omnia
827 2041 835 2065 :
857 2022 969 2065 inter
983 2037 1082 2080 quae
1100 2022 1245 2064 omnia
1260 2030 1324 2064 est
1337 2031 1380 2065 et
1395 2021 1470 2066 illa

79 2109 161 2137 vox
178 2128 189 2147 ‚
222 2093 303 2145 Qui
326 2091 662 2151 perseveraverit
699 2107 836 2151 usque
857 2093 902 2134 in
926 2092 1081 2144 finem,
1106 2091 1178 2135 hic
1199 2091 1342 2135 salvus
1368 2091 1464 2135 erit.

81 2167 211 2208 Istam
234 2163 318 2222 qui·
350 2162 557 2216 audierit,
599 2163 687 2205 ovis
718 2171 795 2205 est.
824 2162 908 2206 Sed
931 2161 1136 2204 audiebat
1168 2161 1287 2205 illam
1325 2163 1469 2206 nescio

82 2234 201 2293 quis,
227 2242 270 2276 et
299 2232 516 2291 desipuit,
543 2230 760 2288 refriguit,
787 2231 952 2275 audivit
976 2231 1159 2274 alienam
1188 2251 1197 2276 ;
1221 2232 1254 2275 si
1278 2232 1470 2291 praedes-

84 2306 244 2349 tinatus
267 2313 355 2356 est,
387 2303 441 2347 ad
466 2312 635 2361 tempus
658 2302 840 2355 erravit,
870 2302 913 2344 in
937 2311 1150 2345 aeternum
1184 2317 1273 2345 non
1310 2303 1468 2361 periit,

83 2374 195 2418 redit
210 2382 259 2417 ut
276 2372 423 2428 audiat
436 2372 554 2431 quod
576 2370 785 2429 neglexit,
802 2371 931 2414 faciat
949 2371 1069 2431 quod
1087 2371 1266 2415 audivit.
1292 2373 1333 2416 Si
1351 2373 1468 2415 enim

82 2443 137 2487 de
156 2443 222 2486 his
244 2451 308 2486 est
334 2442 410 2502 qui
433 2441 727 2501 praedestinati
750 2450 879 2494 sunt,
906 2450 949 2484 et
981 2456 1170 2485 errorem
1200 2441 1332 2499 ipsius
1357 2445 1469 2486 Deus

82 2514 321 2574 praescivit,
347 2522 390 2556 et
410 2512 736 2556 conversionem
776 2510 994 2568 futuram,
1016 2512 1051 2560 si
1085 2512 1322 2565 aberravit,
1356 2513 1468 2557 redit

83 2593 134 2628 ut
155 2583 303 2628 audiat
339 2582 457 2627 illam
494 2597 644 2626 vocem
672 2581 876 2640 pastoris,
913 2591 956 2624 et
991 2590 1199 2640 sequatur
1231 2581 1465 2637 dicentem,
