1809 3173
367 188 446 228 443
797 205 829 227 s.
867 199 1094 230 AUGUoTINI
1129 206 1307 231 eviscovi

363 267 530 318 minus,
561 284 579 306 «
610 265 752 308 Liberi
785 266 899 309 eritis
922 287 932 321 ς
958 286 976 306 »
1004 269 1077 310 sed
1095 303 1105 322 ,
1137 287 1154 308 «
1185 270 1349 312 Veritas
1376 270 1582 314 liberabit
1603 288 1692 316 vos.
1723 292 1742 315 n

367 339 412 378 ln
436 351 524 395 quo
550 345 693 378 tamen
715 337 850 379 verbo
871 336 948 388 illi,
970 338 1087 396 quia,
1110 339 1219 382 sieut
1241 339 1344 393 dixi,
1372 350 1490 398 patet
1511 342 1556 384 in
1587 358 1741 399 grfeeo,

360 421 449 449 non
486 405 794 450 intellexerunt
825 407 903 450 nisi
926 405 1194 462 libertatem,
1220 419 1264 452 et
1292 411 1540 454 extulerunt
1561 427 1604 454 se
1627 412 1747 471 quod

359 492 504 520 semen
530 486 669 520 essent
691 478 877 520 Abrahae
892 512 902 530 ,
924 487 967 520 et
989 474 1194 522 dixerunt
1216 498 1225 523 ;
1250 499 1269 521 «
1293 483 1448 524 Semen
1471 482 1658 525 Abrahae
1679 498 1746 527 su—

363 565 383 588 »
419 563 515 591 mus
535 583 546 602 ,
573 556 615 590 et
637 548 799 590 nemini
829 548 1080 591 servivimus
1113 564 1337 608 unquam,
1363 553 1584 610 quomodo
1607 561 1655 596 tu
1679 552 1746 597 di-

362 636 382 660 »
417 619 496 673 cis,
518 619 663 663 Liberi
686 618 832 661 eritis?
849 637 866 658 »
886 620 923 661 O
941 618 1062 676 pellis
1080 619 1255 663 inflata!
1277 624 1373 665 Non
1395 631 1458 666 est
1479 623 1557 666 ista
1580 624 1746 682 magni-

358 689 484 744 tudo,
509 689 584 733 sed
603 698 763 732 tumor.
782 692 837 732 Et
859 689 940 732 hoe
962 689 1101 747 ipsum
1126 691 1367 735 secundum
1386 694 1514 753 hujus
1540 695 1746 753 temporis

357 761 601 804 libertatem
624 759 847 818 quomodo
869 775 1020 803 verum
1044 761 1206 805 dixistis
1229 781 1236 806 :
1264 782 1281 802 «
1306 764 1475 807 Nemini
1494 765 1746 808 servivimus

361 849 382 872 »
418 832 645 891 unquam?
671 849 690 870 »
717 833 739 874 J
747 831 877 889 oseph
917 847 1005 874 non
1040 841 1101 874 est
1134 833 1483 878 venumdatusl?
1518 835 1746 893 Prophetae

358 903 493 946 sancti
510 903 555 945 in
568 902 862 961 captivitatem
886 918 971 945 non
992 913 1092 946 sunt
1113 904 1230 947 ducti
1246 907 1263 930 2
1277 907 1293 945 ’ἲ
1309 905 1473 948 Deinde
1492 921 1637 960 nonne
1657 907 1746 965 ipse

357 973 430 1016 ille
457 983 518 1017 est
542 973 729 1032 populus
754 974 829 1032 qui
853 973 895 1016 in
919 976 1112 1032 AEgypto
1141 974 1295 1018 lateres
1328 974 1545 1029 faciebat,
1572 986 1614 1019 et
1640 977 1746 1034 regi-

357 1045 438 1088 bus
461 1044 580 1088 duris
602 1061 692 1089 non
721 1044 871 1088 saltem
894 1045 940 1087 in
959 1061 1063 1088 auro
1089 1055 1131 1088 et
1153 1056 1354 1103 argento,
1381 1046 1456 1090 sed
1477 1047 1523 1090 in
1544 1046 1638 1092 luto
1661 1063 1747 1091 ser-

355 1115 559 1159 viebat³P
583 1116 625 1159 Si
648 1114 813 1158 nemini
836 1114 1020 1158 servistis
1047 1118 1263 1174 unquam,
1290 1132 1316 1160 o
1338 1116 1517 1174 ingrati,
1544 1117 1652 1176 quid
1683 1127 1746 1161 est

356 1186 476 1245 quod
495 1185 663 1229 assidue
685 1185 806 1229 vobis
824 1185 1012 1243 imputat
1040 1188 1172 1240 Deus,
1191 1186 1311 1245 quod
1329 1202 1403 1229 vos
1426 1186 1480 1229 de
1503 1187 1636 1232 domo
1659 1203 1746 1230 ser-

356 1256 503 1300 vitutis
529 1256 791 1300 liberavit⁴P
814 1259 882 1299 An
915 1254 1025 1298 forte
1054 1265 1195 1314 patres
1218 1257 1348 1299 vestri
1372 1257 1636 1312 servierunt,
1669 1273 1745 1302 vos

357 1337 501 1371 autem
525 1329 600 1386 qui
622 1327 870 1386 loquimini,
888 1327 1051 1369 nemini
1068 1343 1263 1386 unquam
1281 1328 1499 1371 servistis?
1516 1328 1745 1379 Quomodo

285 1420 292 1424 ·
356 1413 457 1456 ergo
475 1397 707 1442 solvebatis
722 1399 809 1457 jam
829 1397 996 1453 ,tributa
1019 1398 1247 1452 Romanis,
1268 1398 1386 1442 unde
1409 1407 1451 1442 et
1473 1399 1554 1457 ipsi
1575 1400 1745 1443 veritati

355 1467 564 1528 laqueum
586 1468 712 1528 quasi
734 1468 945 1526 captionis
967 1469 1248 1526 proposuistis
1263 1504 1272 1521 ‚
1305 1478 1353 1512 ut
1376 1469 1594 1523 diceretis,
1623 1470 1745 1513 Licet

357 1539 540 1582 reddere
568 1539 784 1582 tributum
809 1538 999 1582 Caesari?
1023 1547 1071 1580 ut
1105 1539 1136 1582 si
1166 1538 1361 1592 dixisset,
1387 1539 1516 1596 licet,
1541 1539 1744 1583 teneretis

356 1624 457 1652 eum
480 1598 604 1668 quasi
625 1609 738 1653 male
761 1617 951 1667 optasset
969 1608 1157 1652 libertati
1178 1609 1349 1652 seminis
1373 1609 1558 1652 Abrahae
1583 1629 1591 1654 :
1621 1610 1654 1652 si
1671 1626 1745 1653 au-

359 1688 443 1723 tem
467 1679 644 1733 diceret,
663 1695 751 1724 non
769 1678 897 1735 licet3
922 1678 1295 1722 calumniaremini
1317 1679 1435 1738 apud
1458 1695 1576 1738 reges
1598 1688 1740 1735 terrae,

356 1751 476 1810 quod
504 1751 756 1809 prohiberet
789 1751 961 1808 regibus
984 1750 1146 1793 tributa
1175 1750 1374 1808 persolvi.
1397 1751 1551 1794 Merito
1576 1749 1743 1809 prolato

356 1824 537 1866 nummo
555 1822 655 1866 vieti
677 1822 792 1875 estiS,
811 1831 852 1864 et
872 1821 1063 1880 captioni
1085 1830 1236 1864 vestrae
1258 1836 1332 1864 vos
1350 1821 1429 1879 ipsi
1453 1821 1552 1864 estis
1569 1837 1744 1880 respon-

357 1893 459 1936 dere
477 1891 704 1951 compulsi.
732 1892 797 1934 Ibi
816 1892 930 1934 enim
949 1891 1071 1934 vobis
1093 1891 1257 1934 dictum
1281 1901 1343 1934 est
1370 1911 1379 1936 2
1404 1911 1425 1933 α
1446 1891 1631 1935 Reddite
1653 1894 1745 1936 Cie-

360 1982 379 2005 »
415 1963 498 2008 sari
518 1979 617 2023 quee
640 1962 817 2007 Caesaris
843 1970 971 2014 sunt,
1008 1971 1050 2003 et
1074 1965 1163 2003 Deo
1186 1978 1284 2019 quae
1310 1963 1383 2003 Dei
1408 1965 1533 2003 sunt⁵
1561 1980 1569 2004 2
1597 1980 1616 2002 »
1644 1976 1744 2005 eum

355 2051 431 2079 vos
455 2035 537 2094 ipsi
570 2031 893 2093 respondissetis
922 2030 1044 2091 quod
1074 2046 1280 2074 nummus
1302 2030 1484 2076 haberet
1510 2031 1744 2090 imaginem

357 2106 550 2151 Caesaris.
592 2106 701 2158 Quia
735 2104 846 2148 sicut
873 2103 1029 2163 quaerit
1057 2104 1200 2145 Caesar
1231 2102 1276 2144 in
1309 2103 1743 2161 nummoimaginem

357 2191 500 2231 suam,
537 2177 596 2220 sie
627 2178 741 2219 Deus
764 2173 920 2233 quaerit
957 2173 1002 2215 in
1030 2172 1206 2216 homine
1235 2187 1371 2215 suam.
1400 2175 1502 2215 Haec
1524 2187 1628 2231 ergo
1656 2188 1744 2216 res-

356 2246 512 2306 pondit
533 2244 712 2289 Judaeis.
745 2246 892 2288 Movet
912 2241 1026 2286 enim
1053 2257 1124 2285 me
1145 2276 1155 2295 ,
1181 2240 1355 2295 fratres,
1382 2242 1610 2285 hominum
1631 2257 1742 2286 vana

356 2317 579 2377 superbia,
614 2316 692 2375 qui
723 2315 852 2359 etiam
880 2312 935 2357 de
956 2312 1046 2372 ipsa
1068 2347 1078 2367 ,
1110 2327 1242 2372 quam
1276 2311 1505 2359 carnaliter
1527 2311 1738 2371 intellige-

416 2431 427 2447 ¹
459 2426 538 2457 Gen.
560 2433 685 2461 xxxvn,
713 2422 768 2454 28.
788 2437 830 2443 —-
849 2427 862 2442 ²
885 2419 902 2461 4
930 2423 1005 2461 Rog-
1026 2430 1116 2451 xxiv.
1142 2435 1181 2440 ——
1210 2417 1222 2440 3
1247 2419 1346 2452 Exod.
1377 2431 1401 2460 1,
1425 2419 1473 2461 14.
1501 2435 1543 2443 —-
1560 2418 1575 2449 4
1597 2420 1644 2451 Id.
1668 2430 1738 2461 xm,

359 2482 391 2524 3,
412 2486 494 2523 etc.,
508 2485 542 2513 et
558 2483 652 2513 Deut.
674 2490 705 2519 v,
723 2478 757 2519 6,
777 2482 841 2509 etc.
859 2494 900 2499 —
916 2475 932 2500 5
955 2475 1072 2508 Matth.
1095 2487 1175 2517 xxii,
1196 2484 1250 2507 21.

1794 1831 1809 1873 ἵ
