1825 3214
287 223 329 247 riv
362 219 534 247 somnis
568 215 877 254 iszNGELruu,
911 217 1058 244 τηΑετ.
1094 216 1196 242 xxii.
1351 202 1431 244 247

54 301 138 341 eas,
164 286 242 330 nisi
267 300 343 345 per
364 300 448 329 me.
483 286 608 328 Nunc
631 297 734 340 ergo
756 282 834 325 ista
859 281 966 325 liora
989 282 1153 338 agitur,
1178 282 1261 327 hoc
1283 291 1326 326 et
1348 282 1439 340 agi-

57 367 125 403 tur
146 357 296 417 plane,
322 366 363 401 et
381 355 560 400 omnino
577 368 665 398 non
693 361 899 398 cessatur.
928 354 1125 410 Surgunt
1148 353 1343 398 homines
1364 353 1440 414 qui

53 428 214 473 mortui
230 436 368 481 erant,
398 433 622 469 transeunt
644 423 698 469 ad
722 423 879 481 vitam,
904 421 960 468 ad
981 437 1132 467 vocem
1158 422 1254 468 Filii
1282 424 1358 468 Dei
1377 424 1442 470 vi-

52 507 185 552 vunt,
223 497 278 541 de
308 496 406 552 illo,
432 503 755 555 perseverantes
789 493 833 539 in
856 492 942 537 side
971 492 1119 552 ipsius.
1154 492 1295 538 llabet
1325 496 1441 541 enim

53 567 190 614 Filius
211 568 362 622 vitam,
387 565 505 611 unde
525 565 673 611 vivant
694 562 919 611 credentes
941 562 1091 609 habet.

113 641 190 683 IX.
218 640 273 682 Et
295 636 516 698 quomodo
536 636 693 680 habet?
714 635 826 680 sicut
846 634 980 681 habet
1004 637 1144 681 Pater.
1165 632 1279 681 Audi
1297 634 1439 693 ipsum

52 709 267 755 dicentem
296 728 303 753 :
333 728 353 751 «
382 708 501 754 Sicut
523 707 636 750 enim
661 709 787 750 Pater
808 705 940 750 habet
961 704 1097 751 vitam
1125 704 1169 748 in
1192 706 1438 765 semetipso,

54 797 75 821 υ
109 779 169 823 sic
199 778 320 824 dedit
341 787 384 822 et
414 777 525 822 Filio
547 776 677 820 vitam
703 775 862 822 habere
891 776 936 820 in
958 775 1189 835 semetipso
1210 777 1239 818 ¹.
1270 793 1289 816 »
1328 778 1437 821 Fra-

51 860 162 906 tres,
194 859 242 894 ut
274 858 425 908 potero
449 847 605 893 dicam.
645 849 747 891 llaec
781 856 882 892 sunt
903 846 1019 890 enim
1055 845 1126 891 illa
1159 846 1314 903 verba,
1340 863 1439 908 quae

50 934 232 980 parvum
254 917 524 964 intellectum
546 917 824 976 perturbant.
858 918 1002 970 Quare
1024 914 1194 963 addidit
1220 935 1229 961 :
1253 935 1274 960 α
1298 919 1350 962 In
1372 933 1441 963 se-

53 1009 73 1032 »
108 991 323 1050 metipso?
349 1007 369 1031 n
397 988 625 1035 Sulliceret
657 996 707 1032 ut
728 987 894 1032 diceret
921 1006 931 1034 ς
967 1006 988 1030 α
1015 986 1134 1034 Sicut
1163 986 1279 1031 enim
1312 991 1439 1034 Pater

52 1078 74 1102 »
108 1060 242 1107 habet
263 1059 416 1114 vitam,
443 1058 502 1103 sie
534 1056 655 1108 dedit
677 1066 721 1102 et
743 1056 854 1102 Filio
876 1057 1037 1106 habere
1066 1058 1216 1104 vitam.
1245 1075 1265 1100 »
1295 1056 1437 1103 Addi-

49 1130 114 1176 dit
140 1149 149 1176 :
187 1149 207 1173 ι(
247 1133 298 1177 In
326 1130 555 1188 semetipso
583 1147 592 1176 ς
627 1146 648 1169 »
678 1127 812 1172 habet
839 1128 954 1173 enim
977 1128 1022 1171 in
1046 1128 1278 1187 semetipso
1309 1131 1436 1173 Pater

49 1202 200 1258 vitam,
219 1201 352 1246 habet
373 1210 415 1246 et
433 1199 567 1245 Filius
580 1200 626 1244 in
642 1199 886 1259 semetipso.
908 1198 1087 1260 Aliquid
1103 1198 1344 1258 intelligere
1359 1216 1439 1246 nos

50 1271 206 1326 voluit,
230 1271 275 1315 in
298 1286 349 1315 eo
370 1268 490 1331 quod
508 1269 566 1318 ait
592 1288 602 1316 :
628 1287 648 1312 «
672 1271 724 1316 In
745 1269 989 1328 semetipso.
1018 1287 1038 1310 η
1057 1272 1114 1314 Et
1131 1269 1201 1313 hic
1221 1279 1436 1315 secretum

46 1343 92 1387 in
114 1341 248 1388 verbo
271 1342 354 1386 hoc
383 1341 579 1385 clausum
597 1348 660 1384 est
681 1358 690 1386 :
717 1339 930 1399 pulsetur,
956 1348 1007 1383 ut
1032 1340 1264 1399 aperiatur.
1292 1341 1329 1384 Ο
1347 1344 1436 1387 Do-

46 1412 180 1467 mine,
200 1410 321 1471 quod
343 1419 408 1455 est
427 1410 548 1471 quod
562 1410 737 1455 dixisti?
763 1429 782 1453 «
810 1412 862 1455 In
882 1410 1135 1469 semetipso,
1163 1427 1184 1451 »
1209 1426 1343 1470 quare
1360 1412 1436 1456 ad·

45 1481 221 1529 didisti?
253 1481 428 1526 Etenim
463 1479 622 1525 Paulus
657 1479 877 1539 apostolus
925 1495 1056 1540 quem
1088 1480 1234 1527 vivere
1268 1480 1432 1538 fecisti,

45 1567 135 1598 non
156 1552 345 1597 habebat
361 1552 523 1596 vitam?
538 1551 753 1606 Habebat,
773 1551 916 1611 inquit
932 1553 964 1595 ².
989 1553 1214 1604 Quantum
1238 1553 1434 1598 homines
1505 1587 1507 1590 -

44 1624 207 1668 mortui
225 1631 274 1667 ut
288 1622 560 1676 reviviscant,
586 1630 629 1666 et
646 1620 701 1666 ad
719 1622 902 1666 verbum
923 1629 1045 1665 tuum
1063 1619 1282 1667 credendo
1300 1631 1433 1668 trans·

45 1702 146 1738 eant
171 1712 180 1739 ς
205 1708 306 1738 cum
329 1692 590 1747 transierint,
614 1706 705 1740 non
725 1691 770 1739 in
792 1700 834 1735 te
856 1690 1085 1737 habebunt
1107 1691 1266 1738 vitam?
1285 1693 1430 1737 Habe.

45 1764 158 1809 bunt
190 1782 199 1809 :
229 1778 330 1809 nam
357 1771 401 1806 et
434 1777 514 1820 ego
550 1761 681 1820 paulo
710 1769 810 1810 ante
831 1760 919 1807 dixi
952 1779 961 1806 ε
999 1780 1018 1802 «
1047 1761 1127 1814 Qui
1152 1760 1272 1809 audit
1305 1764 1433 1809 verba

47 1852 69 1876 »
104 1849 217 1890 mea,
237 1843 280 1877 et
296 1833 434 1879 credit
447 1833 486 1876 ei
499 1832 576 1892 qui
590 1847 658 1876 me
675 1831 806 1887 misit,
822 1831 956 1880 habet
969 1832 1101 1880 vitam
1118 1841 1326 1882 aeternam
1350 1835 1382 1880 ³.
1406 1852 1427 1876 »

45 1907 162 1963 Ergo
184 1903 247 1948 illi
265 1904 339 1964 qui
361 1903 406 1947 in
427 1912 465 1947 te
484 1901 686 1958 credunt,
712 1901 877 1949 habent
898 1902 1030 1950 vitam
1055 1920 1064 1950 ι
1091 1910 1134 1945 et
1156 1918 1246 1948 non
1267 1903 1428 1960 dixisti,

45 1974 90 2021 in
115 1974 368 2033 semetipsis.
401 1975 514 2018 Cum
550 1981 696 2017 autem
718 1971 773 2016 de
795 1975 922 2021 Patre
948 1971 1187 2031 loquereris
1225 1991 1234 2021 2
1263 1991 1284 2017 ι(
1312 1974 1432 2020 Sicut

48 2061 70 2091 »
105 2047 231 2090 Pater
254 2043 387 2091 hahet
409 2043 544 2088 vitam
574 2043 619 2091 iu
651 2042 881 2101 semetipso
913 2061 921 2086 ε
961 2060 980 2083 »
1017 2057 1164 2088 rursus
1186 2058 1287 2091 cum
1309 2043 1365 2088 de
1387 2053 1432 2091 te

46 2115 283 2175 loquereris
299 2149 310 2170 ,
332 2113 476 2158 dixisti
509 2131 518 2159 :
548 2131 570 2155 «
596 2112 665 2157 Sic
688 2121 731 2156 et
757 2112 868 2157 Filio
896 2112 1019 2158 dedit
1046 2113 1208 2163 habere
1230 2115 1363 2159 vitam
1383 2115 1431 2161 in

48 2203 70 2228 »
90 2185 347 2243 semetipso.
371 2203 390 2225 η
420 2184 538 2228 Sicut
559 2182 713 2237 habet,
738 2183 796 2228 sic
813 2182 937 2228 dedit
959 2184 1134 2229 habere.
1166 2185 1246 2228 Ubi
1270 2184 1431 2231 habet?

46 2255 92 2299 in
112 2254 355 2313 semetipso.
378 2253 462 2298 Ubi
485 2252 606 2297 dedit
625 2251 818 2298 habere?
841 2254 885 2299 in
907 2254 1152 2313 semetipso.
1174 2254 1332 2299 Paulus
1352 2255 1431 2301 ubi

45 2325 209 2372 habet?
231 2339 319 2368 non
346 2323 392 2368 in
418 2322 669 2380 semetipso,
703 2320 778 2365 sed
804 2322 849 2365 in
882 2323 1068 2367 Christo.
1097 2326 1160 2368 Tu
1185 2323 1323 2369 fidelis
1354 2324 1430 2368 ubi

47 2394 207 2441 habes?
228 2409 318 2438 non
339 2394 384 2441 in
407 2392 651 2451 temetipso,
672 2390 745 2435 sed
768 2392 814 2437 in
835 2393 1021 2438 Christo.
1048 2394 1281 2438 Videamus
1296 2395 1327 2438 si
1347 2395 1430 2438 hoc

49 2464 154 2513 dicit
175 2464 407 2524 Apostolus
426 2483 435 2508 :
467 2483 487 2506 «
513 2463 623 2508 Vivo
639 2472 782 2507 autem
800 2464 890 2522 jam
913 2479 1001 2509 non
1020 2480 1113 2522 ego,
1142 2466 1245 2509 vivit
1268 2481 1369 2508 vero
1384 2466 1428 2508 in

97 2555 104 2571 ¹
126 2550 216 2581 Joan.
232 2559 267 2588 v,
285 2548 339 2580 26.
361 2564 403 2570 ——
422 2554 435 2570 ¹
450 2548 556 2579 Forte
574 2547 772 2581 Excitantur.
788 2563 828 2569 —
850 2545 862 2569 3
881 2549 959 2579 Joan
988 2559 1022 2587 v,
1042 2548 1094 2588 ¹24.
