1825 3214
279 198 320 222 IN
354 193 527 222 JOAMMS
559 192 869 230 EVANcELimi,
905 192 1050 220 'rum-,⁷13
1088 195 1226 221 xxvii.
1363 184 1438 221 321

64 259 226 305 ducant
249 270 291 304 et
315 261 472 304 bibunt
497 258 791 318 temporaliter
813 267 1100 312 sacramenta,
1123 259 1196 317 qui
1224 258 1451 303 habebunt

67 332 109 375 in
135 332 218 375 fine
240 341 399 375 :eterna
423 340 652 374 tormenta.
680 329 812 374 Modo
836 329 948 372 enim
975 345 1130 388 corpus
1154 330 1312 372 Christi
1337 330 1448 373 mix·

68 412 158 447 tum
189 412 253 446 cst
289 413 494 462 tauquam
526 402 569 444 iu
596 415 692 444 area
728 419 737 444 :
762 399 837 444 sed
860 400 980 443 novit
1018 400 1223 442 Dominus
1246 400 1321 459 qui
1351 410 1452 443 suut

67 476 158 533 ejus
186 477 212 516 ¹.
236 474 276 516 Si
304 483 350 517 tu
373 473 484 516 nosti
501 472 607 532 quid
629 472 822 524 trituras,
849 470 950 529 quia
974 469 1034 512 ibi
1058 478 1116 513 cst
1142 468 1278 513 latens
1297 486 1448 525 massa,

68 560 146 588 nec
157 545 372 588 consumit
388 543 603 587 trituratio
619 544 738 602 quod
757 552 991 601 purgatura
1007 551 1070 585 est
1083 541 1308 585 ventilatio
1323 561 1330 585 2
1348 542 1454 585 certi

67 630 231 668 sumus,
258 614 424 667 fratres,
442 615 543 674 quia
567 628 712 656 omnes
735 612 810 671 qui
828 627 976 655 sumus
996 612 1040 654 in
1058 626 1239 670 corpore
1262 612 1451 665 Domini,

67 695 110 729 ct
141 701 364 728 manemus
387 685 429 727 in
463 684 537 727 illo
554 719 563 737 ,
593 692 642 726 ut
664 692 706 725 ct
732 683 820 741 ipsc
854 691 1025 725 maneat
1050 682 1093 724 in
1125 681 1277 736 nobis,
1305 682 1349 725 in
1374 683 1455 725 hoc

66 756 225 800 saeeulo
242 772 411 799 neccsse
428 756 477 798 ha
487 755 635 797 bemus
654 768 790 812 usquc
810 753 851 795 in
872 753 1001 795 finem
1018 752 1130 796 inter
1146 752 1279 796 malos
1294 752 1451 796 vivcrc.

68 829 166 872 Non
195 827 306 870 inter
336 825 430 869 illos
451 824 550 868 dico
574 822 709 867 malos
726 858 736 877 ,
761 823 837 882 qui
870 821 1172 881 blasphemant
1195 823 1417 867 Christum
1445 842 1452 866 ε

71 899 151 942 rari
177 899 292 942 enim
317 899 407 958 jam
436 897 720 940 inveniuntur
744 896 819 955 qui
848 894 995 953 lingua
1030 893 1356 952 blasphemant,
1382 895 1457 937 scd

69 969 196 1013 multi
231 969 306 1028 qui
330 969 433 1012 vita.
466 970 643 1013 Necesse
674 976 736 1011 est
763 981 864 1024 ergo
898 974 946 1009 ut
981 966 1094 1010 inter
1123 965 1217 1009 illos
1248 980 1385 1024 usque
1414 965 1459 1008 in

71 1040 201 1083 finem
226 1040 434 1084 vivamus.

130 1112 230 1152 xll.
257 1108 340 1153 Sed
358 1107 464 1168 quid
487 1117 549 1151 est
570 1108 690 1167 quod
709 1107 767 1150 ait
789 1125 797 1150 ;
825 1125 842 1147 «
865 1106 949 1159 Qui
968 1115 1114 1150 manet
1136 1107 1182 1149 in
1204 1121 1288 1160 me,
1314 1115 1358 1149 et
1378 1121 1458 1164 ego

75 1199 92 1221 u
131 1181 173 1223 in
190 1179 313 1224 illo'2?
334 1198 352 1220 »
379 1179 484 1238 quid
508 1179 587 1222 nisi
606 1178 726 1238 quod
744 1181 955 1235 Martyres
978 1176 1238 1231 audiebant,
1255 1177 1340 1229 Qui
1357 1192 1459 1235 per-

70 1252 328 1295 severaverit
361 1250 569 1309 usquein
602 1250 759 1303 finem,
799 1249 867 1292 hic
904 1248 1045 1293 salvus
1086 1248 1197 1292 erit?
1226 1249 1459 1301 Quomodo

71 1322 227 1366 mansit
250 1321 294 1366 in
315 1321 390 1365 illo
413 1329 586 1365 sanctus
610 1319 868 1364 Laurentius
885 1354 895 1374 ,
919 1320 1041 1379 cujus
1059 1318 1191 1363 hodie
1213 1319 1323 1362 festa
1345 1318 1459 1362 celc-

72 1392 276 1436 bramus‘?
296 1393 454 1436 Mansit
476 1406 614 1450 usque
637 1390 692 1434 ad
717 1389 1025 1443 tentationem,
1052 1389 1209 1433 mansit
1231 1404 1370 1448 usque
1405 1390 1459 1433 ad

71 1462 344 1520 tyrannicam
361 1461 743 1519 interrogationem
763 1494 774 1514 ‚
796 1459 954 1502 mansit
977 1474 1116 1518 usque
1139 1458 1194 1502 ad
1210 1459 1460 1502 acerrimam

71 1532 470 1585 comminationem,
497 1530 655 1574 mansit
673 1546 810 1589 usque
835 1529 888 1573 ad
912 1530 1279 1588 peremptionem:
1304 1544 1461 1588 parum

71 1613 150 1657 est,
168 1619 305 1663 usque
327 1602 382 1646 ad
403 1603 637 1645 immanem
656 1601 1017 1645 excruciationem
1036 1600 1207 1644 mansit.
1225 1602 1320 1645 Non
1345 1600 1461 1644 enim

72 1674 236 1718 occisus
258 1682 320 1716 est
342 1673 452 1727 cito,
477 1671 551 1714 sed
574 1672 792 1714 cruciatus
815 1680 877 1714 est
899 1670 943 1713 in
965 1670 1063 1727 igne
1087 1689 1095 1714 :
1117 1669 1194 1714 diu
1207 1670 1350 1713 vivere
1366 1686 1460 1729 per-

73 1743 223 1787 missus
245 1751 335 1799 est,
359 1743 447 1786 imo
478 1758 565 1785 non
590 1741 665 1784 diu
687 1741 832 1784 vivere
864 1741 1092 1799 permissus
1122 1749 1207 1795 est,
1238 1741 1313 1783 sed
1336 1740 1459 1784 tarde

73 1815 182 1858 mori
203 1811 454 1872 compulsus
476 1821 553 1855 est.
583 1814 632 1854 In
651 1810 722 1853 illa
747 1826 847 1868 ergo
870 1810 998 1868 longa
1020 1820 1176 1864 morte,
1196 1811 1242 1854 in
1261 1810 1345 1854 illis
1368 1819 1460 1855 tor-

73 1884 228 1928 mentis
246 1919 255 1936 ,
282 1883 382 1943 quia
417 1883 527 1925 bene
556 1881 892 1924 manducaverat
925 1890 967 1924 et
1000 1881 1110 1925 bene
1133 1880 1305 1925 biberat
1323 1916 1333 1934 ,
1359 1891 1458 1926 tan-

73 1970 204 2015 quam
239 1954 310 1998 illa
349 1969 442 1997 esca
475 1953 692 2010 saginatus
724 1960 766 1995 et
788 1951 863 1995 illo
897 1951 1029 1996 calice
1050 1953 1221 2007 ebrius,
1243 1962 1459 1998 tormenta

74 2041 163 2070 non
186 2026 329 2070 sensit.
358 2026 423 2068 lbi
447 2025 561 2068 enim
586 2033 675 2067 erat
698 2024 773 2083 qui
796 2023 901 2067 dixit
924 2043 932 2067 ε
958 2043 976 2064 «
1006 2025 1188 2082 Spiritus
1211 2033 1274 2068 est
1295 2026 1370 2085 qui
1393 2026 1460 2069 vi-

79 2115 98 2136 »
134 2096 320 2140 vificatss.
346 2113 365 2135 »
388 2097 499 2139 Caro
521 2094 637 2137 enim
656 2094 864 2147 ardebat,
889 2094 964 2137 sed
986 2094 1159 2152 spiritus
1181 2095 1371 2138 animam
1391 2111 1459 2140 ve-

77 2167 263 2225 getabat.
288 2169 384 2211 Non
407 2166 547 2220 cessit,
563 2174 604 2208 et
622 2166 667 2208 in
688 2180 870 2223 regnum
893 2167 1108 2209 successit.
1125 2168 1296 2210 Dixerat
1314 2177 1459 2211 autem

76 2237 138 2281 illi
176 2240 340 2294 Xystus
370 2245 535 2292 martyr
568 2244 740 2278 sanctus
761 2269 771 2289 ,
805 2236 928 2294 cujus
965 2235 1079 2279 diem
1103 2236 1258 2295 quinto
1281 2237 1459 2281 abhinc

79 2317 192 2352 retro
208 2307 277 2351 die
299 2305 628 2359 celebravimus,
651 2304 748 2349 Noli
765 2320 963 2360 moerere,
990 2306 1064 2349 fili.
1084 2307 1323 2366 Episcopus
1344 2309 1460 2352 enim

79 2387 170 2422 erat
187 2376 258 2421 ille
273 2412 283 2432 ,
309 2377 388 2420 iste
405 2376 628 2420 diaconus.
654 2374 750 2419 Noli
769 2390 967 2431 moerere,
993 2376 1066 2434 inq
1076 2376 1159 2432 uit,
1180 2380 1369 2438 sequeris
1391 2396 1461 2424 me

80 2456 178 2508 post
211 2448 421 2491 triduum.
449 2446 660 2490 Triduum
689 2453 834 2489 autem
859 2445 966 2490 dixit
987 2447 1179 2492 medium
1207 2449 1320 2494 inter
1346 2449 1461 2494 diem

129 2541 137 2557 ¹
159 2543 178 2567 2
196 2535 277 2566 Tim.
293 2544 326 2574 n,
349 2545 398 2575 19-
415 2549 444 2555 ἦ
474 2539 486 2555 ²
504 2535 594 2564 Joan.
613 2531 727 2573 vi,57‚
744 2536 777 2564 et
796 2542 851 2572 xv,
871 2531 902 2564 5.
931 2548 969 2556 —
988 2531 1000 2555 3
1026 2533 1073 2565 Id.
1088 2544 1132 2574 vi,
1152 2533 1206 2575 64.

270 2597 406 2627 cxxii.
1253 2589 1300 2627 21
