1825 3214
324 227 365 255 m
399 224 570 253 JOANNIS
602 223 912 262 EVANGELIUM‚
946 223 1092 252 Tuc‘r.
1128 226 1189 252 xi.
1393 213 1449 252 69

76 293 189 338 idem
213 306 339 337 verax
368 290 640 349 Evangelista
664 298 855 334 testatur.
881 292 1024 343 Quare
1051 305 1152 347 ergo
1172 289 1450 334 crediderunt

72 365 132 410 illi
150 366 190 408 in
210 365 385 409 nomine
399 365 505 423 ejus,
517 373 559 407 et
574 365 695 407 Jesus
719 377 806 406 non
823 362 1029 406 credebat
1045 363 1323 421 semetipsum
1337 362 1450 406 illis?

73 436 305 496 Sequentia
327 435 564 479 videamus.

131 510 210 551 111.
238 526 257 548 «
283 509 386 550 Erat
408 515 551 550 autem
577 506 708 549 homo
738 519 787 548 ex
809 504 1031 548 Pharisaeis
1047 538 1058 558 ‚
1085 503 1344 548 Nieodemus
1367 521 1450 549 no-

74 596 94 620 »
129 577 471 637 mine‚princeps
493 575 744 620 Judoeorum
767 593 775 619 :
799 575 869 618 hic
890 576 1009 618 venit
1031 575 1208 622 adeum
1232 583 1359 619 nocte
1374 610 1384 628 ‚
1408 584 1451 619 et

73 666 94 690 »
129 647 237 692 dixit
258 649 293 691 ei
313 682 323 701 ‚
352 646 492 691 Rahhi
513 649 540 689 ¹.
567 664 586 686 n
606 648 700 689 Jam
725 645 807 689 hoc
830 645 963 690 nostis
979 679 990 698 ‚
1016 644 1116 704 quia
1145 645 1282 688 nabbi
1301 646 1452 701 magis-

71 728 135 762 ter
164 717 335 762 dicitur.
373 736 392 758 «
422 717 585 761 Scimus
606 716 708 776 quia
726 730 749 759 a
772 718 862 760 Deo
883 715 1038 759 venisti
1061 715 1261 772 magister
1287 734 1295 760 :
1323 730 1451 760 nemo

72 807 93 831 »
129 790 243 833 enim
266 797 407 848 potest
430 789 522 831 haec
544 788 664 846 signa
690 786 830 831 facere
863 802 964 846 quae
994 795 1042 830 tu
1066 786 1169 830 facis
1189 821 1199 840 ‚
1221 786 1298 829 nisi
1323 785 1452 830 suerit

73 879 93 901 »
131 864 242 904 Deus
262 875 361 903 cum
386 875 451 903 eo.
480 877 499 898 »
527 861 640 916 Ergo
671 859 750 902 iste
774 858 1037 903 Nicodemus
1069 873 1120 902 ex
1149 857 1214 902 his
1252 867 1342 902 erat
1374 858 1446 917 qui

68 930 343 975 crediderant
377 930 419 972 in
445 929 620 973 nornine
640 930 729 988 ejus
750 963 761 982 ‚
803 928 998 972 videntes
1018 928 1138 988 signa
1176 937 1219 972 et
1256 928 1451 987 prodigia

67 1015 166 1064 quac
189 998 390 1043 faciebat.
419 998 622 1057 Superius
640 999 754 1042 enim
771 999 853 1043 hoc
873 998 979 1042 dixit
1000 1017 1008 1043 :
1036 1017 1056 1040 «
1080 1000 1191 1044 Cum
1215 1007 1360 1042 autem
1383 1013 1451 1041 es-

69 1089 90 1112 »
126 1079 189 1115 set
206 1068 484 1126 ierosolymis
500 1069 543 1111 in
563 1069 722 1112 Pascha
738 1068 782 1111 in
800 1068 870 1112 die
884 1069 1011 1124 sesto,
1028 1069 1155 1113 multi
1172 1069 1452 1113 crediderunt

69 1159 90 1182 »
126 1142 169 1185 in
192 1141 368 1185 nomine
389 1141 495 1199 ejus.
512 1157 533 1180 η
551 1141 694 1192 Quare
716 1138 1026 1183 crediderunt?
1041 1140 1236 1199 sequitur
1253 1148 1295 1182 et
1317 1139 1421 1183 dicit
1439 1158 1448 1184 ε

70 1231 90 1254 «
127 1212 331 1255 Videntes
364 1211 483 1269 signa
513 1211 602 1270 ejus
636 1225 736 1270 quae
769 1208 969 1254 faciebat.
1001 1228 1021 1252 »
1055 1214 1110 1255 Et
1131 1210 1186 1255 de
1214 1210 1452 1256 Nicodemo

65 1282 172 1343 quid
195 1281 329 1326 dicit?
357 1301 376 1323 «
411 1284 515 1325 Erat
541 1281 740 1341 princeps
762 1280 1015 1326 Judaeorum
1036 1317 1047 1337 ,
1070 1283 1248 1327 nomine
1270 1281 1452 1327 Nicode-

69 1372 88 1395 »
123 1368 219 1396 mus
242 1372 250 1396 ;
272 1353 340 1396 hic
355 1353 473 1396 venit
496 1351 550 1396 ad
573 1368 673 1396 eum
691 1362 834 1407 nocte,
851 1362 894 1397 et
915 1354 972 1398 ait
993 1352 1055 1397 illi
1079 1373 1087 1398 :
1113 1353 1270 1408 Rabbi,
1295 1354 1452 1398 seimus

68 1441 88 1464 n
124 1423 225 1482 quia
248 1419 270 1466 a
297 1425 383 1466 Deo
416 1422 570 1465 venisti
593 1423 811 1481 magister,
838 1441 859 1464 »
887 1426 944 1467 Et
977 1424 1056 1467 iste
1085 1439 1188 1482 ergo
1210 1423 1452 1467 crediderat

65 1494 108 1538 in
126 1494 302 1538 nomine
324 1494 429 1553 ejus.
454 1496 510 1537 Et
529 1494 618 1552 ipse
639 1493 758 1537 unde
779 1492 1054 1538 crediderat?
1075 1495 1270 1554 sequitur
1289 1513 1297 1538 ;
1323 1513 1343 1535 «
1367 1500 1449 1537 Ne-

66 1581 87 1604 »
123 1579 194 1608 ino
220 1563 334 1607 enim
368 1572 510 1622 potest
546 1564 639 1607 haec
670 1563 789 1620 signa
813 1562 980 1616 facere,
1006 1579 1104 1623 quae
1133 1573 1183 1608 tu
1213 1563 1342 1617 facis,
1368 1564 1449 1607 nisi

67 1651 88 1674 »
123 1632 253 1678 fuerit
277 1637 388 1677 Deus
410 1649 511 1678 eum
525 1648 590 1677 eo.
611 1650 631 1673 »
661 1633 703 1677 Si
725 1647 826 1690 ergo
847 1632 1108 1677 Nicodemus
1126 1633 1180 1677 de
1195 1632 1276 1677 illis
1301 1633 1449 1677 multis

64 1713 179 1758 erat,
208 1704 284 1763 qui
307 1702 581 1747 crediderant
613 1703 658 1745 in
688 1702 866 1746 nomine
888 1703 980 1762 ejus
996 1737 1006 1757 ,
1023 1704 1114 1762 jam
1138 1704 1180 1746 in
1204 1703 1285 1747 isto
1316 1703 1448 1748 Nico-

63 1774 192 1818 demo
215 1773 489 1819 attendamus
508 1788 642 1833 quare
664 1775 787 1817 Jesus
810 1788 900 1817 non
920 1788 965 1817 se
986 1773 1192 1818 credebat
1213 1774 1286 1818 eis.
1303 1792 1321 1815 «
1349 1776 1449 1818 Res-

67 1863 88 1886 »
123 1843 277 1904 pendit
298 1847 420 1888 Jesus
437 1879 448 1899 ,
473 1853 515 1888 et
537 1844 644 1888 dixit
665 1844 704 1887 ei
732 1861 741 1888 ε
767 1846 905 1888 Amen
923 1879 935 1899 ,
960 1859 1088 1889 amen
1120 1843 1217 1890 dico
1238 1845 1344 1899 tibi,
1369 1845 1449 1888 nisi

65 1933 86 1957 »
122 1915 218 1975 quis
235 1923 360 1959 natus
377 1913 510 1958 fuerit
523 1914 687 1968 denuo,
702 1928 792 1957 non
806 1922 949 1973 potest
967 1914 1114 1959 videre
1128 1929 1309 1973 regnum
1324 1915 1445 1959 Dei.»

66 1986 172 2045 Ipsis
204 2000 305 2043 ergo
339 1999 382 2029 se
403 1983 541 2030 credit
562 1986 706 2038 Jesus,
732 1983 810 2044 qui
838 1985 928 2028 nati
957 1985 1121 2029 fuerint
1145 1986 1306 2030 denuo.
1337 1988 1450 2030 Ecce

63 2056 126 2100 illi
147 2056 421 2101 crediderant
441 2056 486 2099 in
504 2070 602 2099 eum
620 2091 631 2110 ‚
655 2064 699 2099 et
716 2057 839 2100 Jesus
862 2071 951 2100 non
972 2071 1016 2100 se
1035 2055 1242 2101 credebat
1263 2057 1335 2100 eis.
1364 2059 1397 2100 T
1400 2071 1448 2100 a-

64 2127 124 2171 les
146 2137 247 2171 sunt
270 2142 418 2171 omnes
438 2126 739 2171 catechumeni
763 2141 772 2167 :
798 2127 878 2185 ipsi
891 2129 983 2188 jam
1000 2127 1185 2172 credunt
1204 2128 1247 2171 in
1272 2128 1449 2172 nomine

63 2198 222 2243 Christi
242 2233 253 2252 ‚
275 2196 350 2241 sed
372 2200 495 2241 Jesus
512 2213 601 2242 non
625 2212 668 2241 se
689 2196 827 2242 credit
853 2198 928 2242 eis.
955 2197 1160 2242 Intendat
1176 2207 1219 2242 et
1239 2197 1450 2257 intelligat

65 2270 261 2314 Charitas
293 2271 459 2312 Vestra.
494 2269 534 2312 Si
572 2268 804 2312 dixerimus
838 2269 1153 2313 catechumeno
1182 2288 1191 2314 ε
1222 2269 1372 2314 Credis
1405 2270 1450 2312 in

65 2339 111 2382 in
133 2339 350 2383 Christum
369 2341 387 2381 ‘?
408 2338 667 2398 respondet,
695 2338 858 2394 Credo,
895 2348 939 2384 et
966 2340 1107 2399 signat
1135 2355 1178 2384 se
1205 2358 1213 2384 :
1233 2341 1323 2399 jam
1346 2355 1448 2384 cru-

65 2423 159 2453 cem
193 2409 353 2454 Christi
377 2418 521 2467 portat
552 2410 597 2453 in
633 2408 800 2464 fronte,
831 2419 875 2454 et
896 2425 985 2455 non
1007 2410 1224 2454 erubescit
1244 2409 1299 2454 de
1322 2423 1449 2453 eruce

64 2479 234 2524 Domini
266 2480 346 2523 sui.
374 2482 485 2524 Ecce
505 2479 688 2524 credidit
715 2480 760 2523 in
783 2481 959 2526 nomine
980 2481 1087 2538 ejus.
1123 2483 1442 2537 Interrogemus

114 2569 122 2584 ¹
143 2564 235 2594 Joan·
260 2573 305 2602 ni,
333 2574 361 2601 i,
378 2573 407 2594 2.
