1825 3214
287 224 330 250 iu
363 220 536 250 somnis
568 218 878 255 ῑνΑΝοΕιιυΜ,
913 215 1059 245 Timor.
1099 219 1189 244 xix.
1342 205 1427 243 197

55 307 76 331 υ
110 290 167 333 sic
191 287 311 332 dedit
334 296 375 331 et
401 286 511 330 Filio
529 285 661 328 vitam
686 283 845 326 babere
867 283 912 324 in
947 283 1176 340 semetipso
1204 301 1249 326 :»
1278 290 1327 325 ut
1348 281 1430 326 hoc

50 359 190 405 solum
218 358 386 402 intersit
416 357 528 399 inter
557 358 727 398 Patrem
758 362 801 396 et
838 352 1021 408 Filium3
1073 353 1174 411 quia
1211 355 1334 396 Pater
1361 352 1433 395 ha-

50 432 124 476 bet
136 432 264 474 vitam
286 431 328 472 iu
342 428 587 486 semetipso,
608 439 741 486 quam
763 439 890 467 nemo
905 425 941 467 ei
962 423 1108 480 dedit,
1130 423 1264 468 Filius
1288 433 1431 468 autem

50 502 182 546 habet
203 500 335 544 vitam
354 498 398 541 in
421 497 670 554 semetipso,
693 509 823 553 quam
849 498 973 537 Pater
990 493 1126 537 dedit.

108 573 212 615 ΧΠ.
241 569 323 613 Sed
347 568 475 611 etiam
506 567 575 610 hic
597 566 734 610 oritur
755 563 933 624 aliquod
968 563 1169 608 nubilum
1199 562 1434 606 discutien-

51 641 172 686 dum.
202 643 298 685 Non
322 638 587 689 deficiamus,
614 635 767 679 intenti
789 636 920 679 simus
941 654 949 679 :
970 650 1127 694 pascua
1143 635 1297 677 mentis
1315 643 1432 688 sunt,

51 727 141 757 non
157 711 436 763 fastidiamus,
453 718 501 752 ut
518 708 728 760 vivamus,
741 709 868 760 Ecce,
887 705 1044 765 inquis,
1059 704 1201 748 fateris
1214 705 1302 763 ipse
1317 703 1435 763 quod

51 783 183 827 vitam
195 782 305 825 Filio
317 785 440 825 Pater
453 778 588 831 dedit,
601 787 650 821 ut
661 777 820 820 habeat
831 791 925 819 eam
939 774 1116 836 quidem
1131 775 1174 818 in
1188 775 1434 834 semetipso,

52 853 163 897 sieut
194 854 324 895 habet
351 855 473 894 Pater
501 850 630 892 vitam
654 847 698 890 in
719 847 970 906 semetipso,
997 861 1084 890 non
1111 845 1309 903 indigens
1340 843 1433 899 ille,

53 938 142 977 non
166 921 356 979 indigeat
384 929 427 963 et
455 920 555 975 iste,
581 926 629 961 ut
651 918 705 961 sit
726 916 798 960 ille
816 918 902 961 vita
918 952 928 972 ,
950 916 1002 960 sit
1025 925 1067 959 et
1089 916 1191 972 iste,
1210 924 1254 959 et
1274 924 1436 959 utrum-

18 1020 32 1033 ·
54 1009 139 1054 que
153 994 438 1052 conjunctum
462 1006 547 1034 una
566 990 667 1043 vita,
694 1004 782 1032 non
805 987 929 1043 duae,
950 987 1051 1046 quia
1064 1002 1177 1030 unus
1196 990 1323 1041 Deus,
1349 1001 1437 1030 non

56 1064 144 1108 duo
167 1063 225 1107 dii
251 1082 258 1107 :
278 1072 320 1106 et
343 1063 423 1105 hoc
446 1062 586 1119 ipsum
609 1060 663 1103 sit
687 1074 776 1103 esse
798 1059 945 1102 vitam.
972 1058 1204 1110 Quomodo
1233 1072 1335 1115 ergo
1358 1055 1437 1100 de-

56 1135 120 1179 dit
155 1133 265 1178 Filio
300 1133 429 1177 vitam
454 1132 605 1175 Pater?
638 1133 734 1175 Non
769 1130 826 1173 sic
855 1128 976 1188 quasi
1004 1138 1104 1172 ante
1137 1126 1268 1170 fuerit
1304 1126 1439 1170 Filius

56 1205 147 1249 sine
168 1204 271 1257 vita,
294 1213 424 1263 atque
446 1211 496 1245 ut
516 1202 679 1245 viveret
701 1215 723 1244 a
750 1203 876 1243 Patre
904 1198 1118 1257 acceperit
1145 1198 1277 1242 vitam
1306 1216 1313 1240 ;
1339 1212 1439 1240 nam

57 1276 91 1320 si
109 1276 192 1319 hoc
207 1283 330 1326 esset,
345 1288 433 1317 non
444 1271 623 1316 haberet
637 1271 769 1315 vitam
783 1270 827 1313 in
841 1270 1084 1327 semetipso.
1104 1271 1216 1312 Eece
1232 1267 1286 1311 de
1300 1267 1442 1310 anima

57 1344 283 1405 loquebar.
319 1346 394 1387 Est
418 1343 559 1386 anima
593 1360 602 1385 ι
628 1341 707 1384 etsi
747 1355 835 1384 non
865 1339 918 1382 sit
940 1339 1122 1397 sapiens,
1149 1338 1228 1381 etsi
1264 1353 1354 1381 non
1391 1337 1444 1380 sit

54 1416 186 1475 justa,
209 1415 350 1458 anima
369 1422 448 1468 est,
466 1412 543 1455 etsi
568 1426 655 1455 non
668 1411 720 1454 sit
736 1410 823 1469 pia,
844 1409 986 1453 anima
1008 1417 1085 1452 est.
1104 1407 1235 1452 Aliud
1257 1407 1319 1451 illi
1343 1421 1443 1463 ergo

59 1494 123 1529 est
137 1500 226 1529 esse
247 1484 451 1537 animam,
477 1481 595 1526 aliud
617 1496 719 1526 vero
747 1494 834 1523 esse
872 1479 1125 1538 sapientem,
1154 1493 1244 1521 esse
1261 1480 1440 1537 justam,

60 1570 148 1600 esse
171 1555 301 1615 piam.
330 1556 403 1597 Est
425 1568 528 1612 ergo
546 1550 714 1612 aliquid
726 1565 815 1611 quo
838 1549 1034 1593 nondum
1053 1557 1116 1591 est
1126 1547 1311 1606 sapiens,
1332 1562 1444 1590 non-

62 1627 168 1671 dum
204 1629 343 1686 justa,
377 1624 574 1670 nondum
596 1624 688 1682 pia,
722 1636 811 1666 non
840 1630 985 1664 tamen
1015 1618 1124 1662 nihil
1147 1627 1230 1672 est,
1256 1633 1345 1662 non
1378 1627 1445 1662 ta-

60 1713 161 1742 men
183 1696 302 1740 nulla
325 1697 412 1740 vita
434 1704 497 1738 est
518 1714 527 1739 ε
555 1708 655 1738 nam
678 1707 729 1736 ex
750 1691 954 1751 operibus
976 1690 1240 1751 quibusdam
1264 1690 1350 1733 suis
1372 1705 1445 1733 os-

61 1768 203 1813 tendit
224 1783 268 1812 se
298 1767 448 1820 vitam,
487 1765 564 1809 etsi
602 1779 692 1808 non
723 1778 768 1807 se
800 1762 990 1807 ostendit
1022 1760 1275 1820 sapientem,
1311 1760 1444 1819 piam,

57 1840 234 1899 justam.
260 1838 349 1883 Nisi
381 1837 496 1881 enim
518 1835 697 1890 viveret,
723 1849 880 1893 corpus
909 1848 999 1877 non
1029 1841 1237 1886 moveret,
1264 1831 1450 1891 pedibus

63 1924 271 1968 gressum,
296 1908 497 1952 manibus
530 1921 654 1966 opus,
686 1904 821 1950 oculis
856 1905 1081 1959 intuitum,
1122 1904 1298 1947 auribus
1320 1903 1447 1948 audi-

64 1989 159 2024 tum
188 1994 276 2024 non
298 1980 544 2038 imperaret,
571 1993 659 2021 non
687 1977 874 2036 aperiret
902 1991 948 2020 os
971 1974 1025 2019 ad
1047 1990 1214 2029 vocem,
1256 1974 1448 2033 linguam

66 2050 121 2095 ad
143 2050 464 2095 distinctionem
481 2064 639 2093 vocum
658 2063 748 2092 non
766 2057 973 2092 moveret.
999 2047 1072 2090 His
1085 2046 1232 2105 itaque
1246 2046 1449 2104 operibus

67 2122 211 2166 vivere
225 2135 269 2164 se
289 2118 493 2173 ostendit,
513 2128 554 2162 et
575 2133 664 2162 esse
677 2116 844 2177 aliquid
863 2117 982 2177 quod
997 2117 1049 2160 sit
1063 2131 1242 2175 corpore
1266 2116 1417 2161 melius
1439 2136 1447 2161 :

68 2192 143 2237 sed
177 2189 392 2250 numquid
419 2190 484 2234 his
516 2189 735 2248 operibus,
771 2188 1024 2247 sapientem,
1056 2189 1187 2246 piam,
1213 2188 1375 2247 justam
1408 2202 1452 2231 se

70 2262 289 2308 ostendit?
308 2264 463 2307 Nonne
493 2259 735 2313 ambulant,
761 2267 1011 2319 operantur,
1039 2258 1206 2312 vident,
1248 2256 1449 2311 audiunt,

70 2334 315 2393 loquuntur
336 2341 378 2376 et
400 2331 538 2385 stulti,
563 2340 604 2374 et
626 2329 762 2389 impii,
781 2338 823 2373 et
840 2329 1015 2389 injusti?
1032 2331 1143 2374 Cum
1172 2344 1274 2373 vero
1296 2344 1340 2373 se
1368 2328 1452 2372 eri—

73 2404 132 2462 git
153 2403 206 2447 ad
237 2401 401 2462 aliquid
440 2400 560 2462 quod
597 2401 687 2460 ipsa
710 2415 799 2444 non
826 2409 904 2455 est,
930 2409 973 2445 et
1002 2399 1122 2460 quod
1156 2415 1284 2459 supra
1317 2400 1453 2458 ipsam

74 2483 152 2528 est,
171 2482 213 2517 et
235 2489 258 2517 a
280 2487 368 2532 quo
388 2473 478 2531 ipsa
500 2480 580 2526 est,
605 2471 786 2530 percipit
810 2470 1079 2529 sapientiam,
1098 2470 1324 2530 justitiam,
1358 2469 1453 2527 pie-

75 2553 208 2588 tatem
236 2563 244 2588 :
271 2544 362 2588 sine
398 2542 558 2601 quibus
593 2556 694 2586 eum
716 2549 841 2596 esset,
864 2550 1036 2587 mortua
1071 2550 1178 2595 erat,
1212 2555 1291 2583 nee
1320 2539 1450 2583 vitam
