1825 3214
285 225 326 249 IN
361 223 533 249 JOANNIS
566 218 870 253 EVANGELIUM‚
903 218 1049 244 TRACT.
1086 216 1228 243 XXXVI.
1365 201 1448 240 ‘¹05

70 289 252 333 Trinitas
277 287 335 330 illi
366 289 407 330 in
437 284 726 337 conscientia,
760 292 890 342 atque
924 282 1156 326 inocculto
1178 279 1451 338 sull'ragaba-

68 370 139 405 tur
161 379 168 404 :
194 359 265 402 illa
284 358 468 402 Trinitas
488 357 542 400 de
565 354 738 400 occulto
760 369 897 397 unum
926 362 1074 396 testem
1095 352 1312 396 Danielem
1337 349 1453 393 exci-

68 431 201 482 tavit,
227 439 270 472 et
292 427 401 472 duos
427 426 627 470 convicit.
653 428 768 482 Ergo
790 423 891 483 quia
920 441 934 460 «
965 424 1006 466 in
1028 427 1137 479 Lege
1160 431 1298 464 vestra
1317 420 1454 478 scrip-

73 521 91 542 »
129 510 219 545 tum
238 509 327 552 est,
348 497 535 542 duorum
555 497 782 540 hominum
809 495 1101 538 testimonium
1122 508 1271 536 verum
1292 507 1380 535 esse
1398 527 1408 545 ,
1433 510 1450 531 »

68 571 250 630 accipite
266 579 460 613 nostrum
478 567 791 618 testimonium,
808 580 862 608 ne
875 562 1307 623 sentiatisjudicium.
1325 582 1339 599 «
1364 563 1455 619 Ego

75 661 92 684 »
127 642 241 686 enim
258 677 268 695 ,
289 641 452 700 inquit,
472 637 722 698 nonjudico
742 649 1006 698 quemquam
1022 669 1032 686 ‚
1061 655 1075 673 n
1099 633 1173 677 sed
1200 651 1215 671 «
1246 632 1458 674 Testimo-

76 732 93 752 »
125 712 245 755 nium
280 710 490 770 perhibeo
519 707 572 752 de
594 723 663 751 me
687 727 695 752 :
719 726 738 748 »
765 705 921 750 differo
939 704 1175 765 judicium,
1197 718 1285 746 non
1302 700 1460 745 differo

72 783 383 827 testimonium.

131 855 208 897 XI.
236 853 458 910 Eligamus
480 850 603 893 nobis
620 885 630 903 ‚
652 848 830 903 fratres,
854 856 1003 891 contra
1026 845 1194 903 linguas
1210 843 1457 897 hominum,

73 934 223 969 contra
263 924 454 967 infirmas
487 921 750 980 suspiciones
773 919 938 977 generis
959 916 1138 962 humani
1174 919 1310 959 Deum
1339 913 1461 974 judi-

73 1010 165 1040 cem
183 1030 193 1048 ‚
227 997 363 1038 Deum
393 1002 560 1036 testem.
588 994 684 1036 Non
714 989 830 1034 enim
853 987 1115 1047 dedignatur
1133 985 1251 1030 testis
1273 1000 1362 1028 esse
1386 983 1462 1043 qui

68 1065 201 1126 judex
225 1073 313 1118 est,
342 1072 415 1106 aut
438 1070 719 1122 promovetur
751 1074 850 1103 eum
884 1058 932 1102 fit
958 1057 1117 1117 judex,
1143 1056 1348 1116 quoniam
1383 1055 1460 1114 qui

75 1137 193 1180 testis
205 1144 283 1189 est,
302 1135 392 1193 ipse
406 1132 541 1192 judex
554 1131 648 1174 erit.
666 1133 808 1183 Quare
829 1129 917 1187 ipse
937 1127 1082 1171 testis?
1101 1127 1211 1179 Quia
1235 1141 1323 1169 non
1347 1139 1463 1185 quae-

76 1207 132 1250 rit
156 1205 287 1249 alium
316 1203 434 1247 unde
456 1210 687 1260 cognoscat
706 1199 781 1260 qui
799 1199 867 1242 sis.
891 1200 1034 1250 Quare
1055 1196 1145 1255 ipse
1163 1195 1327 1255 judex?
1354 1194 1464 1247 Quia

77 1278 165 1337 ipse
187 1275 320 1319 habet
356 1281 612 1332 potestatem
651 1268 942 1314 mortificandi
977 1276 1019 1310 et
1041 1265 1311 1321 vivificandi,
1339 1264 1466 1308 dam-

78 1346 212 1391 nandi
234 1355 277 1388 et
302 1342 553 1387 absolvendi
572 1377 583 1393 ,
609 1342 652 1384 in
683 1341 902 1399 gehennas
922 1336 1221 1397 praecipitandi
1244 1346 1285 1379 et
1308 1335 1354 1378 in
1377 1350 1469 1378 coe-

79 1417 142 1462 los
163 1414 358 1468 levandi,
400 1410 575 1456 diabolo
614 1407 910 1471 conjungendi
940 1417 1100 1451 etcum
1139 1405 1316 1465 Angelis
1339 1419 1466 1449 coro-

80 1486 227 1531 nandi.
250 1488 362 1530 Cum
386 1498 486 1540 ergo
509 1482 599 1541 ipse
619 1481 776 1524 habeat
799 1481 909 1523 hanc
932 1486 1208 1537 potestatem,
1229 1475 1362 1537 judex
1384 1484 1463 1518 est.

81 1557 192 1611 Quia
215 1571 317 1600 vero
348 1563 396 1598 ut
419 1564 460 1597 te
480 1559 710 1610 eognoscat
734 1565 822 1594 non
844 1549 1001 1609 quaerit
1023 1548 1157 1591 alium
1181 1556 1332 1590 testem
1359 1566 1367 1590 ;
1393 1545 1469 1606 qui

83 1639 189 1673 tunc
207 1626 421 1687 judicabit
439 1634 496 1677 te,
523 1622 653 1666 modo
671 1620 790 1665 videt
807 1625 881 1679 '‘03‘2
906 1635 994 1663 non
1019 1628 1082 1662 est
1099 1617 1217 1661 unde
1241 1617 1362 1661 illum
1388 1615 1469 1659 sal-

83 1700 161 1754 las,
187 1714 286 1742 cum
306 1696 487 1756 coeperit
503 1694 714 1755 judicare.
742 1694 837 1737 Non
860 1691 976 1734 enim
1000 1689 1179 1733 adhibes
1201 1688 1279 1731 tibi
1304 1686 1471 1746 aliquos

85 1770 214 1814 falsos
252 1778 408 1820 testes,
440 1767 515 1826 qui
543 1763 738 1824 judicem
773 1761 898 1805 illum
932 1760 1096 1819 possint
1131 1758 1469 1811 circumvenire,

86 1839 264 1901 quando
287 1849 328 1882 te
351 1835 760 1896 coeperitjudicare.
787 1835 900 1876 Deus
920 1831 1003 1874 hoc
1029 1830 1105 1873 tibi
1127 1829 1233 1872 dicit
1255 1848 1262 1872 :
1287 1826 1473 1881 Quando

87 1909 425 1961 contemnebas,
462 1923 542 1965 ego
572 1903 804 1959 videbam3
842 1910 884 1944 et
915 1901 1094 1960 quando
1118 1915 1205 1943 non
1237 1898 1469 1951 credebas,

88 1980 344 2025 sententiam
369 1993 507 2021 meam
528 1991 616 2019 non
638 1972 894 2017 frustrabam
919 1990 926 2015 ;
945 1970 1219 2023 differebam,
1246 1984 1334 2011 non
1353 1968 1474 2011 aufe—

90 2052 252 2096 rebam.
279 2048 464 2094 Noluisti
486 2045 635 2090 audire
664 2042 783 2104 quod
806 2041 1013 2102 praecepi,
1040 2040 1195 2083 senties
1225 2038 1343 2098 quod
1362 2054 1474 2096 prae-

91 2123 193 2166 dixi.
238 2122 279 2165 Si
313 2128 458 2162 autem
495 2116 642 2160 audias
676 2130 775 2174 quae
816 2112 1024 2172 praecepi,
1063 2126 1152 2154 non
1185 2109 1298 2154 mala
1322 2109 1477 2153 senties

92 2209 190 2254 quae
212 2190 390 2250 praedixi
406 2224 416 2242 ‚
442 2188 515 2231 sed
535 2188 649 2230 bona
673 2184 879 2245 percipies
901 2198 999 2243 quae
1017 2182 1208 2241 promisi.

152 2264 252 2305 xil.
280 2263 342 2304 Ne
378 2258 566 2317 aliquem
597 2272 698 2299 sane
726 2263 897 2298 moveat
925 2251 1045 2312 quod
1072 2252 1129 2294 ait
1152 2271 1159 2295 :
1191 2270 1206 2290 «
1231 2253 1391 2293 Verum
1417 2259 1481 2293 est

100 2354 116 2374 »
149 2331 361 2392 judicium
387 2343 529 2371 meum
552 2348 563 2384 3
588 2326 688 2386 quia
719 2324 834 2368 solus
854 2340 941 2367 non
979 2338 1096 2376 sum,
1128 2320 1201 2365 sed
1231 2336 1309 2378 ego
1341 2320 1479 2379 etqui

103 2424 119 2444 »
157 2402 270 2446 misit
299 2416 368 2443 mc
393 2400 543 2442 Paterl
574 2417 581 2441 :
610 2419 624 2437 »
650 2411 749 2440 eum
769 2394 870 2438 alibi
896 2394 1080 2446 dixerit,
1108 2396 1234 2435 Pater
1252 2407 1337 2433 non
1357 2390 1479 2449 judi-

98 2481 166 2517 cat
200 2485 465 2531 quemquam
482 2503 493 2521 ‚
530 2466 603 2510 sed
637 2481 765 2510 omne
782 2464 992 2524 judicium
1017 2462 1137 2506 (ledit
1163 2461 1286 2504 Filio.
1309 2463 1401 2503 Jam
1434 2460 1478 2501 in

148 2563 154 2575 ¹
176 2557 265 2585 Joan.
288 2565 354 2593 vm,
379 2552 427 2583 16.
