1809 3173
354 259 434 295 508
750 269 781 297 s.
821 271 1047 300 Aucus'rnw
1082 275 1258 301 EPISCOPI

354 345 421 377 tus
445 336 486 377 in
510 335 714 379 cordibus
736 339 909 392 nostris,
935 339 1101 397 ingredi
1127 356 1200 397 per
1219 340 1438 384 Christum
1464 354 1553 382 esse
1577 354 1727 383 seeun-

351 404 455 447 dum
482 405 612 464 ipsam
638 406 766 449 fidem
789 408 999 465 eogitare¹
1025 430 1034 464 3
1055 409 1200 465 egredi
1224 418 1365 451 autem
1393 424 1466 467 per
1488 409 1725 461 Christum,

349 475 587 517 seeundum
620 476 753 533 ipsam
778 478 906 519 fidem
932 478 1057 519 etiam
1082 477 1206 530 foris,
1233 477 1276 520 id
1307 487 1390 531 est,
1417 493 1561 520 coram
1586 477 1729 520 homi·

350 544 478 587 nibus
496 545 676 602 operari.
697 546 819 589 Unde
836 555 877 587 et
896 546 937 587 in
954 545 1121 589 Psalmo
1140 546 1323 604 legitur:
1345 566 1363 587 «
1384 547 1505 590 Exiet
1520 548 1651 589 homo
1674 545 1729 589 ad

353 631 372 653 ι)
409 629 517 671 opus
540 618 709 657 suum&
736 634 753 654 »
774 618 829 657 Et
852 616 938 673 ipse
965 616 1169 659 Dominus
1189 616 1294 659 dicit
1316 635 1323 660 ε
1351 618 1582 658 «Luceant
1600 630 1729 673 opera

353 701 372 722 »
409 694 545 727 vestra
570 698 713 726 eoram
738 684 1026 727 hominibus?
1050 703 1067 725 »
1093 685 1176 728 Sed
1198 684 1295 743 plus
1314 700 1381 727 me
1403 684 1589 728 delectat
1611 684 1731 744 quod

350 754 436 811 ipsa
458 754 611 795 veritas
632 762 839 812 tanquam
864 764 1006 812 pastor
1029 755 1170 798 honus
1186 790 1196 809 ‚
1218 765 1261 798 et
1279 754 1377 798 ideo
1401 755 1540 797 bonus
1559 754 1727 807 doctor,

349 822 540 881 quodam
570 824 701 866 modo
725 839 801 867 nos
820 823 1067 874 admonuit,
1091 824 1459 883 quemadmodum
1492 823 1730 880 intelligere

350 892 586 936 debeamus
607 894 726 952 quod
749 895 806 937 ait
823 929 833 948 ‚
864 914 882 935 «
908 894 1197 952 ingredietur,
1215 905 1257 937 et
1279 894 1544 952 egredietur,
1570 904 1612 938 et
1634 910 1731 952 pas-

353 980 371 1001 »
408 977 488 1005 cua
512 962 725 1017 inveniet,
753 982 771 1004 »
800 980 899 1007 eum
923 976 1091 1008 secutus
1115 963 1335 1024 adjunxit,
1357 984 1375 1004 «
1397 967 1486 1007 Fur
1504 979 1592 1007 non
1614 964 1733 1007 venit

352 1049 371 1071 »
408 1032 487 1084 nisi
513 1041 559 1075 ut
578 1032 746 1076 furetur
765 1069 775 1086 ,
801 1043 843 1076 et
870 1044 1055 1089 mactet,
1081 1044 1122 1078 et
1152 1035 1303 1093 perdat
1331 1054 1338 1078 ;
1362 1050 1442 1092 ego
1472 1035 1570 1077 veni
1593 1043 1643 1076 ut
1664 1033 1731 1077 vi-

352 1120 371 1142 »
411 1111 492 1145 tam
518 1104 708 1146 habeant
731 1113 773 1147 et
789 1104 1083 1148 abundantius
1107 1106 1336 1148 habeant4.
1366 1123 1384 1145 ι)
1413 1104 1595 1147 Videtur
1617 1104 1733 1147 enim

349 1174 454 1215 mihi
479 1175 630 1217 dixisse
647 1210 657 1228 ‚
678 1184 726 1218 ut
744 1175 873 1219 vitam
894 1176 1411 1234 haheantingredientes‚
1433 1185 1475 1218 et
1497 1174 1731 1218 abundan—

350 1244 433 1285 tius
462 1244 652 1286 habeant
686 1245 967 1302 egredientes.
995 1248 1091 1289 Non
1116 1255 1259 1288 autem
1290 1253 1431 1302 potest
1452 1245 1635 1303 quisque
1658 1259 1733 1302 per

350 1313 505 1355 ostium
523 1348 533 1363 ‚
559 1313 603 1356 id
623 1323 710 1367 est,
739 1330 815 1371 per
837 1316 1054 1358 Christum
1081 1316 1228 1373 egredi
1252 1314 1306 1357 ad
1340 1315 1467 1358 vitam
1497 1324 1702 1357 aeternam
1718 1348 1729 1368 ‚

288 1399 293 1403 -
350 1398 448 1440 quae
471 1383 550 1424 erit
584 1384 627 1425 in
656 1384 822 1441 speeie,
861 1385 941 1426 nisi
972 1400 1048 1442 per
1070 1385 1211 1442 ipsum
1244 1384 1424 1437 ostium,
1460 1385 1543 1427 hoc
1576 1393 1638 1427 est
1656 1398 1734 1441 per

350 1451 551 1494 eumdem
570 1453 789 1495 Christum
812 1454 854 1496 in
879 1454 1112 1497 Ecclesiam
1132 1455 1244 1513 ejus⁷
1270 1453 1390 1512 quod
1406 1462 1469 1496 est
1490 1452 1601 1496 ovile
1623 1454 1731 1511 ejus,

351 1521 571 1564 intraverit
597 1522 650 1565 ad
679 1523 811 1566 vitam
846 1523 1127 1581 temporalem
1146 1557 1156 1577 ,
1195 1538 1293 1581 quae
1316 1531 1380 1565 est
1405 1523 1448 1564 in
1472 1521 1603 1565 fide⁵.
1631 1521 1734 1566 Ideo

353 1591 434 1644 ait,
466 1610 484 1631 «
505 1594 598 1650 Ego
617 1593 716 1635 veni
741 1602 789 1636 ut
812 1593 946 1637 vitam
968 1593 1159 1636 habeant
1174 1628 1184 1647 ‚
1209 1610 1228 1633 »
1251 1594 1332 1636 hoe
1363 1602 1426 1635 est
1452 1591 1610 1644 fidem,
1635 1607 1734 1651 quae

352 1676 429 1719 per
446 1660 722 1705 dilectionem
747 1672 972 1721 operatur,
1001 1678 1078 1721 per
1100 1677 1231 1722 quam
1247 1662 1377 1705 fidem
1393 1662 1436 1704 in
1455 1661 1567 1705 ovile
1586 1661 1734 1719 ingre-

353 1730 534 1773 diuntur
559 1741 607 1774 ut
625 1733 772 1774 vivant
788 1767 798 1785 ‚
823 1733 922 1791 quia
942 1733 1085 1791 justus
1108 1747 1158 1774 ex
1180 1731 1266 1774 fide
1285 1730 1421 1775 vivit6
1446 1750 1454 1774 ε
1485 1750 1503 1772 «
1528 1740 1571 1774 et
1591 1731 1734 1774 abun-

356 1817 376 1839 »
412 1799 585 1843 dantius
610 1801 819 1855 habeant⁷
850 1820 867 1841 »
903 1802 978 1860 qui
1011 1801 1325 1860 perseverando
1357 1801 1555 1859 usquein
1578 1801 1733 1856 finem,

355 1884 430 1928 per
455 1868 563 1912 illud
586 1871 742 1913 ostium
761 1906 770 1922 ,
802 1870 847 1913 id
869 1880 953 1924 est,
980 1886 1056 1928 per
1090 1870 1220 1913 fidem
1243 1871 1399 1914 Christi
1423 1869 1705 1927 egrediuntur
1721 1905 1732 1924 ,

357 1939 563 1997 quoniam
596 1940 684 1982 veri
720 1938 867 1982 fideles
900 1940 1170 1995 moriuntur3
1211 1949 1253 1982 et
1285 1939 1576 1982 abundantius
1598 1939 1734 1983 habe-

360 2009 470 2050 bunt
485 2009 614 2051 vitam
632 2043 641 2062 ‚
663 2008 877 2051 veniendo
899 2024 987 2068 quo
1004 2018 1148 2067 pastor
1170 2007 1242 2051 ille
1262 2010 1477 2067 praeeessit
1493 2044 1505 2064 ‚
1528 2009 1603 2052 ubi
1626 2026 1736 2053 nun-

358 2094 487 2138 quam
506 2079 664 2122 deinde
682 2079 936 2123 moriantur.
963 2079 1164 2131 Quamvis
1187 2095 1290 2137 ergo
1312 2088 1354 2123 et
1371 2081 1440 2123 hie
1460 2081 1504 2122 in
1524 2081 1616 2138 ipso
1634 2080 1735 2123 ovili

358 2164 445 2191 non
464 2148 621 2192 desunt
652 2164 808 2207 pascua
826 2184 836 2203 ,
862 2149 1066 2208 quoniam
1087 2148 1139 2191 ad
1167 2158 1399 2208 utrumque
1420 2165 1646 2208 possumus
1668 2151 1737 2193 in-

359 2218 548 2275 telligere
561 2220 679 2277 quod
694 2219 859 2263 dietum
880 2228 963 2273 est,
988 2238 1007 2260 «
1030 2229 1073 2262 et
1094 2235 1252 2278 pascua
1273 2220 1480 2274 inveniet,
1499 2241 1515 2261 »
1535 2220 1579 2263 id
1594 2230 1672 2271 est,
1693 2230 1736 2264 et

358 2288 410 2331 ad
434 2289 670 2346 ingressum
705 2298 747 2332 et
777 2289 831 2332 ad
863 2304 1078 2346 egressum
1102 2309 1110 2332 ε
1139 2298 1282 2332 tamen
1310 2299 1416 2332 tunc
1442 2304 1540 2333 vera
1578 2305 1735 2348 pascua

358 2358 595 2412 invenient,
614 2359 688 2401 ubi
703 2368 949 2402 saturentur
962 2360 1036 2418 qui
1053 2359 1248 2402 esuriunt
1261 2368 1303 2401 et
1317 2359 1466 2402 sitiunt
1480 2360 1731 2418 justitiam⁷‚

357 2427 500 2486 qualia
524 2443 680 2486 pascua
704 2428 867 2471 invenit
882 2428 951 2472 eui
973 2429 1138 2471 dictum
1156 2437 1218 2471 est
1240 2447 1249 2472 ε
1270 2447 1290 2469 «
1312 2428 1450 2471 Hodie
1466 2443 1637 2472 mecum
1655 2430 1735 2472 eris

405 2530 414 2543 ¹
432 2522 545 2564 Ephes.
567 2534 614 2562 ιιι,
638 2534 687 2564 ¹7-
707 2539 747 2544 --
771 2529 782 2544 ²
810 2523 889 2554 Psal.
912 2534 976 2563 cin,
994 2524 1046 2554 23.
1068 2539 1109 2546 —-
1126 2521 1138 2545 3
1153 2523 1270 2555 Matth.
1290 2533 1324 2563 v,
1347 2527 1397 2555 16.
1421 2540 1461 2546 —-
1476 2523 1491 2552 4
1509 2526 1600 2556 Joan.
1619 2535 1652 2565 x,
1672 2535 1719 2556 10.

360 2597 400 2601 —
417 2577 431 2601 5
444 2581 502 2611 Gai
536 2592 567 2619 v,
586 2579 618 2610 6.
644 2596 685 2601 —-
703 2577 718 2601 6
738 2579 859 2612 Habac.
877 2590 910 2618 u,
926 2578 960 2620 4,
979 2583 1011 2610 et
1030 2581 1120 2611 Rom.
1139 2590 1166 2620 1,-
1179 2589 1230 2620 17.
1250 2595 1291 2607 -ν-
1306 2586 1319 2611 7
1338 2579 1496 2619 Mattl1.v,
1512 2579 1545 2611 6.
