1825 3214
280 231 324 257 IN
356 227 530 258 somnus
561 223 872 264 nuncianum,
907 226 1052 254 TRACT.
1090 230 1195 255 xcii.
1348 216 1428 256 467

48 294 151 338 liere
171 296 400 338 venenavit
423 304 465 338 ct
486 293 628 338 virum
644 293 674 333 ².
701 293 861 335 Mortui
885 292 1224 336 suntdinholnm
1250 293 1434 337 audien-

47 364 105 410 do
121 400 131 419 ‚
153 380 283 425 quem
303 381 391 409 non
414 364 658 416 audissent,
685 361 718 405 si
745 361 975 405 Dominum
1000 364 1148 406 audire
1174 363 1434 409 volnissent:

51 436 213 495 positus
238 436 352 480 enirn
373 437 505 480 homo
532 435 644 478 inter
664 447 762 476 eum
789 433 861 492 qni
876 435 1054 489 creavit,
1072 444 1226 478 etcum
1248 436 1321 494 qui
1351 436 1441 495 lap-

49 523 120 552 sus
137 517 214 562 est,
233 509 534 567 obtemperare
557 505 710 550 debuit
727 504 937 560 Creatori,
961 520 1050 549 non
1066 505 1302 565 deceptori.
1321 510 1437 567 Ergo

54 598 74 621 «
107 578 180 623 ille
200 579 417 624 homicida
442 588 533 623 erat
560 578 614 622 ab
637 577 776 621 initio.
809 595 828 618 »
854 577 1010 621 Videte
1031 593 1166 637 genus
1188 580 1436 637 homicidii,

51 648 216 695 fratres.
248 649 474 695 Homicida
497 650 659 694 dieitur
681 647 882 693 diabolus
900 684 910 703 ,
936 664 1026 693 non
1057 648 1199 708 gladio
1219 661 1408 696 armatus
1426 689 1437 709 ,

52 736 141 766 non
167 720 280 766 ferro
303 721 519 766 accinctus
537 757 547 775 ,
582 721 637 764 ad
659 720 882 764 hominem
905 719 1052 775 venit,
1070 720 1254 765 verbum
1280 722 1443 766 malum

51 792 299 848 seminavit,
320 802 363 837 et
374 792 547 837 occidit.
570 790 667 836 Noli
688 805 789 849 ergo
815 800 967 849 putare
985 800 1027 835 te
1049 807 1138 835 non
1156 807 1245 836 esse
1268 793 1445 838 homici-

54 863 171 918 dam,
188 862 365 924 quando
385 861 507 907 fratri
532 872 608 907 tuo
627 861 738 906 mala
756 862 988 921 persuades
1007 881 1014 907 :
1040 863 1073 906 si
1090 863 1212 908 fratri
1239 872 1313 909 tuo
1330 863 1445 910 mala

54 934 284 994 persuades
300 971 310 989 ‚
347 935 520 979 occidis.
555 937 611 978 Et
633 943 682 978 ut
716 934 821 978 scias
844 934 945 993 qnia
981 933 1141 980 occidis
1159 971 1170 990 ,
1196 936 1298 980 audi
1322 936 1445 981 Psal-

55 1020 176 1050 mum
205 1025 214 1051 ε
244 1025 264 1048 «
292 1005 391 1049 Filii
410 1006 664 1060 hominum,
690 1004 841 1049 dentes
860 1021 1011 1049 corum
1044 1022 1161 1051 arma
1189 1017 1231 1051 et
1253 1009 1445 1067 sagittae,

58 1095 78 1119 »
114 1087 156 1122 et
174 1077 321 1136 lingua
343 1093 494 1122 eorum
518 1077 732 1121 machaera
752 1079 921 1122 acuta2.
953 1096 972 1119 »
1001 1079 1086 1122 Vos
1109 1094 1211 1137 ergo
1239 1098 1259 1122 «
1282 1079 1446 1124 deside-

59 1168 79 1190 »
117 1150 176 1193 ria
198 1150 329 1209 patris
352 1150 482 1194 vestri
504 1149 635 1192 vultis
655 1147 846 1193 faeci-<2³2
869 1149 1002 1193 »ideo
1020 1150 1176 1194 saevitis
1193 1151 1236 1195 in
1255 1167 1445 1207 carnem,

56 1221 157 1281 quia
176 1236 266 1266 non
288 1221 468 1281 potestis
491 1221 535 1264 in
558 1230 767 1264 mentem.
800 1239 817 1261 «
841 1219 919 1263 Ille
940 1221 1158 1265 homicida
1182 1232 1273 1266 erat
1295 1224 1349 1268 ab
1371 1224 1448 1267 ini-

60 1309 80 1332 »
116 1292 176 1335 tio
204 1311 212 1336 :
241 1309 262 1333 ))
288 1292 440 1352 utique
461 1291 506 1335 in
532 1290 674 1350 primo
697 1290 889 1334 homine.
916 1292 980 1334 Ex
1002 1290 1078 1336 illo
1102 1291 1175 1335 ille
1204 1291 1444 1348 homicida,

57 1379 107 1406 ex
126 1378 214 1423 quo
239 1362 381 1422 potuit
404 1362 496 1405 fieri
515 1360 799 1405 homicidium
826 1380 835 1406 ε
862 1376 911 1404 ex
933 1361 1009 1405 illo
1034 1364 1175 1421 potuit
1192 1364 1286 1408 fieri
1308 1365 1447 1409 homi-

55 1433 218 1478 cidium
238 1469 248 1488 ,
274 1449 326 1477 cx
361 1448 449 1492 quo
472 1432 611 1476 sactus
633 1440 696 1475 est
718 1431 864 1475 homo.
890 1433 987 1476 Non
1011 1432 1125 1476 enim
1144 1447 1287 1493 posset
1309 1436 1447 1482 occidi

57 1505 211 1560 homo,
232 1504 312 1547 nisi
336 1504 452 1563 prius
478 1504 599 1546 fieret
620 1502 768 1546 horno.
786 1521 805 1543 «
824 1502 1052 1547 Homicida
1070 1518 1172 1563 ergo
1190 1504 1262 1550 ille
1284 1506 1339 1551 ab
1362 1508 1448 1552 ini-

59 1594 79 1617 »
114 1576 190 1621 tio.
217 1596 234 1617 »
263 1578 321 1620 Et
342 1574 460 1619 unde
488 1573 738 1618 homicida?
764 1592 784 1615 t(
806 1576 862 1617 Et
883 1573 929 1617 in
945 1574 1125 1619 veritate
1147 1592 1236 1621 non
1258 1579 1392 1623 stetit.
1420 1599 1440 1622 »

55 1651 170 1706 Ergo
185 1648 231 1691 in
245 1647 425 1691 veritate
446 1661 535 1690 non
558 1643 657 1700 fuit,
672 1643 748 1689 sed
769 1649 867 1689 non‘
881 1644 1035 1690 stando
1055 1646 1224 1692 cecidit.
1240 1652 1294 1694 Et
1311 1667 1445 1710 quare

60 1737 80 1760 «
115 1718 160 1761 in
182 1718 366 1763 veritate
388 1732 478 1761 non
500 1716 649 1760 stetit?
669 1716 781 1768 Quia
802 1716 957 1759 veritas
978 1731 1068 1759 non
1090 1726 1153 1760 est
1174 1718 1220 1760 in
1237 1734 1334 1763 eo.»
1347 1723 1446 1767 Non

56 1788 280 1849 quomodo
303 1788 348 1830 in
371 1787 566 1839 Christo,
587 1785 646 1828 sie
685 1793 749 1828 est
785 1784 966 1839 veritaS,
996 1794 1046 1829 ut
1067 1787 1263 1832 Christus
1283 1789 1375 1850 ipse
1394 1793 1448 1837 sit

55 1859 228 1903 veritas.
257 1858 300 1902 Si
321 1871 424 1915 ergo
445 1856 523 1899 iste
548 1856 594 1898 in
615 1854 794 1899 veritate
813 1854 1023 1910 stetisset,
1047 1856 1092 1899 in
1112 1858 1285 1904 Christo
1305 1863 1448 1908 stetis-

56 1938 142 1974 set:
161 1927 236 1973 sed
252 1929 328 1971 «in
343 1927 523 1972 veritate
537 1940 627 1969 non
643 1925 778 1978 stetit,
802 1925 904 1984 quia
917 1925 1074 1970 veritas
1092 1943 1182 1972 non
1200 1939 1262 1974 est
1275 1931 1321 1974 in
1334 1947 1400 1977 eo.
1421 1951 1441 1975 »

113 2003 214 2045 XII.
245 2018 263 2040 «
284 2001 398 2044 Cum
418 1998 614 2058 loquitur
632 1995 926 2050 mendacium,
947 2012 998 2041 ex
1015 1999 1198 2058 propriis
1218 2000 1440 2064 loquitur3

59 2089 80 2112 n
114 2071 218 2126 quia
251 2067 439 2113 mendax
460 2076 524 2111 est
544 2075 588 2111 et
619 2075 740 2125 pater
771 2067 903 2126 eju54.
934 2085 953 2108 »
980 2068 1099 2120 Quid
1122 2079 1185 2114 est
1214 2071 1326 2117 hoc?
1349 2077 1443 2119 Au.-

57 2142 176 2187 distis
197 2140 328 2185 verba
350 2136 602 2197 Evangelii,
627 2137 784 2181 intenti
815 2138 1036 2197 accepistis
1061 2158 1070 2184 z
1096 2155 1195 2185 ecce
1224 2153 1372 2202 repeto
1396 2155 1446 2192 ut

56 2211 291 2271 agnoscatis
314 2208 422 2270 quid
443 2207 634 2266 exigatis.
663 2210 723 2251 De
740 2207 916 2252 diabolo
936 2209 1143 2254 Dominus
1166 2226 1215 2256 ea
1236 2213 1408 2262 dicebat
1427 2253 1438 2274 ,

54 2299 154 2344 quae
176 2281 231 2326 de
253 2279 429 2325 diabolo
447 2278 533 2322 diei
553 2293 577 2321 a
601 2277 785 2322 Domino
806 2276 1071 2324 debuerunt.
1089 2299 1108 2322 «
1128 2281 1207 2326 Ille
1225 2284 1443 2334 homicida

58 2371 78 2396 »
114 2361 206 2397 erat
237 2352 292 2396 ab
324 2350 474 2403 initio,
503 2366 523 2389 »
548 2362 702 2392 verum
730 2356 795 2391 est
819 2366 828 2392 :
855 2363 956 2392 nam
993 2350 1184 2409 primum
1219 2354 1442 2402 hominem

56 2423 234 2468 occidit:
251 2430 326 2465 «et
340 2421 384 2464 in
400 2420 581 2464 veritate
603 2433 692 2462 non
706 2418 850 2473 stetit,
863 2420 998 2479 »quia
1020 2419 1076 2464 de
1097 2423 1277 2468 veritate
1297 2425 1442 2485 lapsus

56 2504 145 2540 est:
176 2513 197 2537 «
216 2495 330 2540 Cum
350 2492 548 2553 loquitur
571 2487 852 2534 mendacium
867 2525 878 2545 ,
906 2508 926 2532 »
948 2491 1099 2552 utique
1114 2493 1205 2552 ipse
1222 2494 1437 2556 diabolus,

108 2586 119 2604 ¹
134 2582 215 2614 Gen.
230 2589 278 2621 m,
300 2589 330 2611 1.
349 2593 392 2602 -
411 2577 514 2610 ²Psal.
533 2587 596 2619 ui,
622 2575 654 2611 5.
672 2592 715 2600 -
738 2574 752 2600 3
767 2577 859 2608 Joan.
878 2585 946 2617 vni,
965 2575 1020 2618 44.
1040 2594 1082 2602 -
1095 2576 1113 2608 4
1136 2579 1218 2611 Ibid.

1216 2634 1281 2675 30.
