1809 3173
373 201 453 239 348
831 208 864 236 S.
901 207 1126 236 AUGUSTIM
1159 211 1339 237 EPISCOPI

375 295 394 317 »
430 282 536 319 cunt
564 293 574 319 ι
605 274 820 334 numquid
847 290 946 319 vere
975 284 1272 332 cognoverunt
1305 274 1519 334 principes
1552 275 1652 335 quia
1679 276 1749 319 hic

372 356 435 391 est
458 346 711 390 Christus¹P
747 365 766 387 »
789 347 873 400 Qui
901 356 1110 391 noverant
1134 362 1218 405 qua
1252 346 1413 390 saevitia
1448 346 1746 404 quaerebatur,

371 417 643 461 mirabantur
681 433 766 476 qua
805 417 998 476 potentia
1039 431 1128 459 non
1168 417 1413 460 tenebatur.
1457 415 1617 459 Deinde
1663 432 1750 460 uon

369 488 497 547 plene
512 488 803 546 intelligentes
822 487 935 530 illius
950 486 1205 545 potentiam,
1222 495 1486 545 putaverunt
1504 486 1750 545 principum

369 575 457 603 esse
475 559 713 612 scientiam,
732 558 849 616 quod
873 557 951 616 ipsi
965 565 1260 615 cognoverant
1282 556 1483 600 eumdem
1505 572 1594 600 esse
1611 557 1752 601 Chris-

368 640 461 674 tum
486 649 493 674 :
519 630 618 673 ideo
640 637 927 689 pepercerunt
949 628 1009 682 ei,
1042 642 1173 687 quem
1204 636 1433 686 tantopere
1461 627 1751 671 occidendum

368 701 649 761 quaesierunt.

428 774 484 815 ΙΙ.
506 769 666 813 Deinde
688 768 750 812 illi
771 768 850 828 ipsi
869 767 985 828 apud
1005 784 1048 812 se
1070 769 1198 828 ipsos,
1224 768 1297 827 qui
1322 767 1538 822 dixerant,
1568 786 1588 809 «
1613 770 1752 811 Num-

370 863 389 885 »
425 841 532 903 quid
560 849 859 900 cognoverunt
886 840 1100 899 principes
1129 840 1229 899 quia
1266 840 1337 884 hic
1377 849 1440 884 est
1468 840 1694 884 Christus?
1728 858 1748 881 η

365 914 564 959 fecerunt
586 913 666 957 sibi
692 912 977 972 qusestionem
1000 928 1083 971 qua
1106 912 1164 955 eis
1187 911 1407 957 videretur
1431 928 1519 956 non
1546 912 1636 971 ipse
1663 927 1752 956 esse

366 986 562 1030 Christus
589 1005 597 1029 :
619 984 902 1044 adjungentes
924 983 1038 1026 enim
1063 982 1282 1036 dixerunt,
1314 1002 1334 1024 «
1361 981 1444 1026 Sed
1468 983 1599 1026 istum
1626 983 1750 1026 novi-

370 1076 389 1099 »
425 1072 520 1100 mus
544 1055 662 1100 unde
686 1056 761 1110 sit,
786 1054 982 1099 Christus
1012 1063 1157 1097 autem
1186 1069 1287 1097 cum
1309 1053 1490 1108 venerit,
1516 1068 1644 1097 nemo
1674 1054 1753 1098 seit

369 1147 389 1172 »
424 1129 543 1172 unde
569 1129 666 1171 sit2.
692 1146 711 1168 »
736 1129 839 1170 Haec
861 1125 1008 1186 opinio
1041 1125 1158 1185 apud
1189 1123 1363 1168 Judaeos
1386 1123 1503 1167 unde
1532 1132 1631 1167 nata
1654 1125 1752 1168 fne-

367 1201 443 1255 rit,
475 1198 594 1260 quod
632 1218 651 1240 «
677 1201 787 1243 Cum
818 1197 1012 1251 venerit,
1043 1211 1172 1240 nemo
1207 1196 1286 1239 scit
1314 1194 1431 1238 unde
1461 1195 1543 1239 sit:
1579 1197 1633 1252 υ(
1663 1210 1748 1239 non

367 1272 482 1315 enim
516 1271 702 1314 inaniter
745 1279 844 1314 nata
883 1271 1001 1326 est.)
1032 1269 1074 1313 Si
1110 1266 1432 1312 consideremus
1480 1267 1746 1325 Scripturas,

367 1341 612 1386 invenimus
652 1340 805 1384 fratres
823 1375 834 1394 ,
882 1339 1090 1399 quoniam
1133 1347 1292 1382 sanctae
1347 1337 1579 1396 Scripturae
1628 1336 1751 1381 dixe-

320 1448 326 1451 -
366 1423 470 1458 runt
510 1413 564 1457 de
600 1412 794 1466 Christo,
838 1430 856 1452 «
898 1411 1114 1464 Quoniam
1150 1412 1378 1454 Nazaraeus
1415 1408 1687 1452 vocabiturss.
1725 1427 1745 1449 »

363 1488 482 1543 Ergo
515 1483 812 1543 praedixerunt
838 1482 956 1525 unde
989 1481 1056 1525 sit.
1089 1483 1255 1523 Rursus
1282 1480 1313 1522 si
1343 1479 1489 1522 locum
1516 1478 1750 1522 nativitatis

366 1557 456 1615 ejus
475 1569 736 1615 quaeramus,
759 1562 967 1612 tanquam
990 1551 1092 1594 inde
1114 1551 1168 1595 sit
1193 1550 1269 1594 ubi
1298 1559 1424 1593 natus
1447 1558 1536 1606 est,
1561 1564 1640 1592 nec
1665 1550 1748 1593 hoc

366 1626 529 1670 latebat
547 1624 737 1679 Judaeos,
763 1633 940 1683 propter
966 1623 1206 1682 Scripturas
1224 1637 1322 1681 quae
1345 1620 1423 1664 ista
1442 1619 1747 1679 praedixerant.

366 1700 474 1742 Nam
498 1712 597 1741 cum
620 1712 721 1740 eum
743 1697 831 1740 visa
857 1694 976 1739 stella
993 1694 1110 1752 Magi
1128 1701 1375 1754 quaererent
1392 1692 1593 1747 adorare,
1617 1706 1748 1736 vene-

368 1776 470 1810 runt
498 1767 552 1811 ad
587 1766 821 1821 Herodem,
847 1774 889 1809 et
924 1763 1128 1808 dixerunt
1154 1764 1261 1823 quid
1293 1771 1539 1823 quaererent
1571 1771 1615 1805 et
1641 1761 1749 1822 quid

365 1837 553 1882 vellent⁴
580 1856 588 1882 :
613 1837 686 1880 ille
710 1845 855 1880 autem
881 1834 1129 1878 convocatis
1150 1834 1208 1877 eis
1234 1835 1309 1893 qui
1339 1837 1499 1892 Legem
1528 1833 1745 1886 sciebant,

367 1909 564 1969 quresivit
581 1907 636 1951 ab
659 1907 718 1950 eis
735 1905 811 1948 ubi
834 1905 1030 1950 Christus
1049 1912 1296 1948 nasceretur
1323 1922 1331 1948 :
1365 1902 1428 1945 illi
1451 1901 1678 1953 dixerunt,
1703 1902 1748 1945 in

367 1978 589 2029 Bethleem
608 1981 631 2021 J
638 1978 733 2021 udae
751 1998 761 2034 3
786 1985 828 2020 et
845 1975 1140 2019 testimonium
1165 1975 1295 2017 etiam
1318 1973 1621 2032 propheticum
1643 1987 1747 2031 pro-

369 2050 576 2094 tulerunt.
605 2049 646 2094 Si
676 2063 778 2106 ergo
802 2046 1028 2106 Prophetae
1054 2043 1344 2104 praedixerant
1376 2053 1419 2087 et
1452 2043 1597 2087 locum
1630 2042 1748 2086 unde

366 2131 457 2165 erat
484 2121 604 2179 origo
636 2119 773 2164 carnis
805 2119 919 2178 ejus,
950 2126 993 2160 et
1014 2116 1159 2160 locum
1181 2116 1257 2159 ubi
1294 2131 1395 2159 eum
1422 2115 1589 2174 peperit
1611 2124 1748 2158 mater

366 2195 515 2253 ejus⁵3
550 2192 668 2236 unde
706 2200 805 2234 nata
835 2199 897 2233 cst
932 2190 1010 2232 ista
1050 2188 1195 2248 opinio
1229 2188 1347 2247 apud
1381 2186 1576 2242 Judaeos,
1615 2201 1746 2246 quam

368 2265 498 2309 modo
522 2263 782 2318 audivimus,
805 2261 1036 2306 «Christus
1053 2276 1153 2305 cum
1175 2261 1360 2313 venerit,
1383 2274 1511 2302 nemo
1529 2258 1608 2302 scit
1629 2257 1747 2301 unde

369 2355 389 2377 ³>
426 2336 479 2380 sit
494 2371 504 2390 ,
520 2354 539 2376 »
568 2335 648 2378 nisi
670 2335 771 2394 quia
800 2342 1036 2393 utrumque
1058 2332 1396 2392 praedicaverant
1418 2339 1460 2373 et
1482 2329 1746 2387 praenuntia-

367 2415 519 2451 verant
534 2406 791 2465 Scripturae?
807 2403 1054 2449 Secundum
1070 2402 1291 2447 hominem
1305 2401 1594 2461 praedixerant
1610 2400 1748 2459 Scrip-

433 2511 441 2527 ¹
467 2507 559 2536 Joan.
581 2515 636 2545 vn,
665 2504 719 2542 25,
740 2502 794 2535 ⁴26.
817 2519 857 2525 -
883 2508 894 2523 ²
918 2501 998 2534 Ibid.
1023 2507 1078 2536 27·
1112 2517 1146 2523 -m
1166 2498 1179 2523 3
1200 2501 1311 2532 Matth.
1332 2509 1366 2539 n,
1385 2499 1439 2531 23.
1460 2515 1498 2521 -—
1521 2496 1684 2529 41bid.2.
1706 2514 1746 2519 -

371 2559 383 2582 5
402 2559 503 2591 Mieh.
520 2571 554 2600 v,
573 2568 604 2591 2.
