1809 3173
357 245 409 285 24
785 254 817 282 s.
855 253 1083 282 Anausmm
1117 255 1295 281 zmscom

354 342 374 365 »
410 322 577 366 audisse
598 319 834 365 ineffabilia
847 319 994 375 verba,
1011 335 1110 380 quae
1125 319 1324 364 nonlicet
1345 318 1512 363 homini
1535 317 1726 378 lo‹{ui¹.»

350 392 666 438 Ascendentem
696 391 898 447 audistis,
931 389 1264 437 descendentem
1295 389 1455 434 audite.
1486 410 1504 432 «
1532 392 1626 434 Non
1656 404 1731 449 po-

352 482 372 506 »
407 464 472 508 tui
493 463 613 524 loqui
634 463 755 508 vobis
773 464 894 523 quasi
916 462 1195 522 spiritalibus,
1217 461 1292 505 sed
1312 462 1435 521 quasi
1460 460 1726 506 carnalibus:

352 553 372 576 »
406 534 529 595 quasi
561 533 750 593 parvulis
783 534 827 577 in
856 533 1030 578 Christo
1061 532 1127 576 lac
1155 532 1277 576 vobis
1299 540 1453 590 potum
1490 530 1615 585 dedi,
1641 546 1730 576 non

349 623 371 647 »
407 620 546 649 escam
563 608 595 648 2.
623 623 643 646 »
664 607 785 648 ,Eece
812 603 1036 648 descendit
1065 603 1140 662 qui
1163 601 1428 646 ascenderat.
1455 603 1610 654 Quaere
1640 617 1729 660 quo

347 676 610 722 ascenderat.
622 694 641 718 «
654 677 797 734 Usque
810 674 855 718 in
870 672 1047 718 tertium
1060 673 1267 718 coelum.»
1283 675 1438 725 Quaere
1453 688 1542 732 quo
1554 671 1729 716 descen-

347 748 473 793 derit.
499 750 641 806 Usque
664 744 718 789 ad.
744 745 810 789 lac
832 744 1022 804 parvulis
1044 742 1255 787 dandum.
1283 741 1399 786 Audi
1421 743 1523 802 quia
1548 742 1729 787 descen-

346 819 424 862 dit.
446 836 464 858 «
486 820 641 860 Factus
656 830 751 858 sum
769 814 991 873 parvulus,
1017 814 1159 873 inquit
1183 813 1227 855 in
1251 812 1394 857 medio
1412 821 1618 867 vestrum,
1637 822 1729 858 tan-

346 907 368 930 »
402 902 534 948 quam
568 887 600 930 si
622 886 769 929 nutrix
800 885 946 930 foveat
970 884 1080 928 filios
1108 886 1246 928 suosss.
1275 902 1294 925 »
1318 883 1526 928 Videmus
1547 885 1662 928 cnim
1685 893 1728 928 ct

344 959 533 1003 nutrices
561 966 604 1000 et
626 965 781 999 matres
809 954 1070 999 descendere
1099 954 1153 998 ad
1178 953 1378 1013 parvulos
1404 973 1412 999 :
1439 963 1481 998 et
1510 955 1543 998 si
1566 963 1728 999 norunt

344 1029 478 1074 latina
499 1027 632 1072 verba
652 1026 821 1082 dicere,
845 1025 1077 1070 decurtant
1099 1024 1171 1068 illa
1188 1060 1198 1079 ‚
1224 1034 1267 1069 et
1290 1034 1495 1084 quassant
1509 1024 1726 1084 quodam-

343 1100 475 1145 modo
506 1099 703 1158 linguam
731 1112 882 1154 suam3
907 1105 956 1140 ut
985 1096 1150 1155 possint
1181 1094 1236 1138 de
1262 1094 1409 1153 lingua
1443 1095 1599 1140 diserta
1635 1097 1727 1140 fieri

343 1170 641 1215 blandimenta
675 1166 856 1227 puerilia
889 1185 898 1212 :
924 1167 1025 1226 quia
1056 1167 1088 1210 si
1112 1166 1171 1210 sic
1204 1164 1377 1220 dicant,
1403 1181 1491 1209 non
1514 1166 1636 1210 audit
1655 1167 1726 1210 in-

345 1242 438 1286 fans
453 1277 464 1296 ,
499 1240 573 1284 sed
598 1255 676 1283 nec
699 1238 869 1298 proficit
887 1237 1043 1281 infans.
1071 1239 1126 1280 Et
1140 1235 1323 1280 disertus
1346 1235 1500 1296 aliquis
1516 1246 1639 1296 pater
1656 1273 1666 1293 ,
1692 1239 1726 1282 si

342 1314 395 1357 sit
425 1320 571 1356 tantus
593 1318 737 1354 orator
760 1317 809 1352 ut
830 1307 978 1366 lingua
1008 1306 1123 1350 illius
1150 1305 1241 1350 fora
1263 1316 1555 1366 concrepent,
1581 1317 1624 1352 et
1648 1308 1724 1352 tri-

342 1382 519 1428 bunalia
545 1381 880 1436 concutiantur3
914 1378 947 1422 si
975 1378 1135 1422 habeat
1159 1377 1391 1437 parvulum
1424 1377 1559 1421 filium
1580 1413 1590 1433 ‚
1623 1393 1723 1423 cum

342 1455 396 1499 ad
423 1454 605 1498 domum
636 1451 836 1505 redierit,
875 1450 1044 1509 seponit
1067 1448 1280 1493 forensem
1313 1448 1608 1509 eloquentiam
1634 1466 1724 1510 quo

341 1523 609 1577 ascenderat,
626 1531 669 1565 et
688 1521 837 1580 lingua
859 1518 1015 1579 puerili
1033 1518 1255 1563 descendit
1270 1519 1323 1563 ad
1343 1518 1588 1578 parvulum.
1608 1521 1724 1565 Audi

340 1610 429 1639 uno
451 1594 547 1638 loco
586 1593 728 1652 ipsum
759 1589 1017 1649 Apostolum
1049 1588 1352 1633 ascendentem
1382 1599 1425 1633 et
1452 1589 1723 1635 descenden-

342 1676 428 1710 tem
444 1699 455 1716 ‚
483 1664 527 1708 in
549 1678 636 1706 una
658 1661 883 1706 sententia.
904 1661 1034 1705 «Sive
1056 1660 1187 1713 enim,
1203 1660 1362 1720 inquit,
1388 1670 1533 1705 mente
1549 1662 1723 1706 excessi-

342 1756 362 1778 »
398 1750 510 1789 mus,
536 1736 625 1778 Deo
645 1753 656 1789 3
675 1733 763 1776 sive
784 1737 1074 1790 temperantes
1095 1745 1258 1784 sumus,
1281 1730 1403 1774 vobis
1418 1731 1449 1773 4.
1471 1749 1490 1772 »
1510 1732 1626 1784 Quid
1640 1741 1718 1788 est,

343 1828 363 1850 «
378 1815 525 1851 mente
537 1803 790 1848 excessimus
805 1806 895 1846 Deo
907 1804 925 1846 Ρ
938 1820 956 1842 »
975 1811 1025 1845 ut
1040 1800 1113 1845 illa
1127 1801 1350 1846 videamus
1368 1821 1387 1844 «
1403 1817 1502 1861 quae
1516 1818 1605 1847 non
1621 1802 1722 1849 licet

343 1898 361 1920 »
387 1876 553 1922 homini
575 1874 712 1935 loqui.
741 1891 761 1915 »
782 1873 896 1926 Quid
919 1880 983 1915 est
1002 1907 1013 1926 ‚
1044 1891 1062 1913 «
1084 1881 1372 1930 temperantes
1402 1888 1551 1916 sumus
1572 1874 1721 1918 vobis?

341 1967 361 1989 »
389 1945 613 2006 Numquid
629 1943 820 2004 judicavi
835 1957 903 1986 me
925 1940 1089 2002 aliquid
1105 1942 1211 1985 scire
1232 1941 1344 1986 inter
1358 1957 1449 1997 vos,
1467 1943 1547 1987 nisi
1569 1945 1719 1989 Jesum

339 2038 359 2060 »
395 2018 617 2063 Christum
643 2024 685 2059 et
715 2015 833 2058 hunc
856 2012 1166 2057 crucifixums’?
1190 2030 1210 2053 »
1239 2012 1281 2056 Si
1305 2013 1394 2071 ipse
1416 2013 1625 2058 Dominus
1648 2030 1718 2059 as-

335 2088 483 2134 cendit
503 2097 547 2132 et
563 2085 787 2131 descendit
804 2105 815 2141 3
833 2081 1107 2127 manifestum
1129 2091 1212 2137 est,
1233 2083 1335 2142 quia
1355 2091 1397 2126 et
1415 2083 1716 2142 praedicatores

333 2161 465 2219 ipsius
488 2156 727 2204 ascendunt
746 2155 986 2199 imitatione
1000 2189 1010 2209 ‚
1032 2152 1305 2197 descendunt
1321 2153 1641 2213 praedicatione.

358 2258 361 2259 ν
390 2232 552 2274 XXIV.
577 2231 634 2273 Et
665 2227 699 2271 si
732 2226 955 2286 aliquanto
977 2240 1053 2269 vos
1074 2220 1238 2268 'diutius
1263 2225 1482 2270 tenuimus
1498 2261 1509 2281 ,
1545 2227 1714 2272 consilii

331 2301 415 2345 suit
438 2309 486 2344 ut
505 2300 767 2358 importunae
788 2297 907 2340 horae
930 2295 1160 2339 transirent
1184 2314 1194 2340 2
1221 2295 1483 2339 arbitramur
1500 2297 1591 2356 jam
1616 2296 1713 2343 illos

327 2371 540 2431 peregisse
563 2368 799 2412 vanitatem
833 2381 969 2410 suam.
998 2368 1083 2410 Nos
1118 2374 1261 2409 autem
1280 2400 1290 2419 ‚
1328 2363 1506 2422 fratres,
1533 2368 1712 2427 quando

326 2441 435 2501 pasti
466 2454 615 2484 sumus
644 2436 782 2497 epulis
814 2435 1096 2489 salutaribus,
1122 2450 1220 2495 quae
1248 2443 1409 2481 restant
1430 2451 1606 2494 agamus
1623 2473 1634 2493 ‚
1660 2448 1710 2484 ut

370 2543 380 2560 ¹
401 2545 420 2568 ‘2
435 2538 505 2568 Cor.
525 2546 583 2575 x11,
598 2542 631 2574 2,
648 2537 712 2565 etc.
729 2547 770 2556 -
788 2538 801 2554 ²
821 2543 833 2564 1
856 2533 928 2564 Cor.
949 2542 994 2572 iu,
1019 2543 1047 2572 ι,
1066 2534 1184 2563 etc.--
1200 2528 1213 2554 3
1234 2541 1246 2563 1
1271 2530 1381 2564 Thess.
1400 2542 1436 2572 u,
1458 2538 1492 2567 7.
1510 2548 1551 2555 -
1569 2531 1615 2565 42
1630 2535 1704 2566 Cor.
1742 2573 1750 2577 =

323 2603 354 2633 v,
377 2592 427 2624 13.
445 2607 486 2617 —-
504 2590 519 2614 5
539 2601 552 2624 1
572 2591 646 2623 Cor.
665 2600 703 2631 ιι,
722 2597 755 2621 2.
