1825 3214
312 241 355 267 m
389 239 562 267 somnus
595 238 902 276 zvmoumu,
925 239 1072 266 rme-r.
1109 240 1262 268 xxxv1.
1394 228 1479 268 395

94 312 272 364 propter
301 320 378 348 nos
395 339 406 359 ‚
430 312 474 347 et
494 303 528 347 si
550 303 780 361 legerunt,
809 317 897 346 non
919 302 1199 348 crediderunt
1216 340 1226 359 ‚
1253 313 1297 349 et
1318 305 1374 350 ab
1396 305 1481 350 ho-

91 375 282 419 minibus
307 375 499 427 inducta,
524 383 655 434 atque
677 373 780 418 falsa
803 389 891 417 esse
911 384 1194 432 putaverunt,
1214 376 1482 421 contenden-

93 454 153 491 tes
179 450 314 491 Deum
347 444 651 490 tantummodo
676 443 805 489 fuisse
838 445 1071 489 Dominum
1110 455 1306 490 nostrum
1331 448 1481 493 Chris-

91 525 184 561 tum
203 551 214 571 ,
252 532 339 560 non
373 517 503 560 etiam
541 516 778 560 hominem.
807 515 892 560 Alii
921 516 1004 570 sic,
1028 515 1098 559 alii
1130 517 1213 570 sic,
1240 518 1416 578 utrique
1435 519 1481 563 in

89 603 250 632 errore..
284 587 510 632 Catholioa
545 597 691 631 autem
728 586 832 631 sides
868 601 919 630 ex
945 595 1132 646 utroque
1156 603 1306 631 verum
1333 598 1480 634 tenens

90 657 211 718 quod
231 667 364 711 tenet,
386 668 429 702 et
453 657 692 717 prmdicans
714 657 833 717 quod
855 656 1009 712 credit,
1035 666 1078 701 et
1102 660 1239 702 Deum
1260 659 1479 703 Christum

89 728 316 781 intellexit,
333 737 375 771 et
394 729 613 772 hominem
632 727 841 773 credidit:
869 737 1106 787 utrumque
1128 728 1246 772 enim
1269 729 1478 788 scriptum

89 808 181 853 est,
217 808 260 843 et
289 809 528 859 utrumque
556 815 707 843 verum
740 808 818 843 est.
854 800 896 844 Si
933 802 1070 843 Deum
1109 809 1279 844 tantum
1321 799 1479 845 dixeris

88 870 311 914 Christum
331 904 342 923 ‚
369 869 630 913 medicinam
650 884 778 927 negas
800 885 886 930 qua
907 879 1080 914 sanatus
1103 886 1147 915 es
1168 889 1178 915 ε
1200 871 1233 915 si
1256 871 1477 915 hominem

88 949 258 985 tantum
277 940 514 994 Christum,
535 941 771 999 potentiam
789 956 918 999 negas
940 957 1024 1000 qua
1049 950 1218 986 creatus
1234 957 1292 986 es.
1307 944 1478 986 Utrum-

87 1026 173 1071 que
192 1011 324 1069 igitur
343 1020 441 1055 tene
464 1012 607 1056 anima
631 1011 768 1055 fidelis
791 1021 834 1055 et
855 1028 928 1056 cor
943 1012 1221 1067 catholicum,
1241 1022 1478 1073 utrumque

88 1089 187 1126 tene
204 1116 216 1134 ‚
251 1090 488 1140 utrumque
510 1082 660 1135 crede,
699 1091 935 1141 utrumque
967 1083 1152 1126 fideliter
1172 1084 1394 1128 confitere.
1420 1087 1477 1128 Et

88 1154 201 1196 Deus
229 1152 426 1196 Christus
448 1161 539 1207 est,
564 1161 607 1196 et
630 1152 761 1196 homo
784 1153 994 1197 Christus.
1021 1152 1168 1206 Qualis
1192 1157 1304 1198 Deus
1326 1155 1475 1200 Chris-

87 1225 186 1267 tus?
207 1222 386 1283 aequalis
409 1223 541 1276 Patri,
561 1239 699 1267 unum
719 1239 819 1267 eum
843 1227 983 1268 Patre.
1006 1224 1152 1277 Qualis
1176 1226 1308 1269 homo
1325 1227 1475 1270 Chris-

86 1295 186 1338 tus?
209 1294 263 1337 de
289 1293 465 1352 Virgine
484 1302 611 1338 natus
627 1329 638 1349 ,
664 1294 838 1338 trahens
859 1294 914 1338 de
936 1296 1114 1340 homine
1136 1296 1442 1342 mortalitatem
1460 1331 1471 1353 ‚

85 1381 174 1410 non
198 1366 372 1409 trahens
394 1365 685 1424 iniquitatem.

144 1439 226 1480 111.
255 1436 328 1480 Isti
358 1451 459 1494 ergo
484 1439 505 1479 J
515 1435 627 1480 udaei
650 1435 859 1481 videbant
879 1436 1101 1481 hominem
1117 1472 1128 1492 ‚
1154 1453 1234 1482 nec
1255 1436 1472 1496 intellige-

85 1508 191 1552 bant
224 1523 303 1552 nec
331 1507 568 1552 credebant
603 1511 739 1552 Deum
773 1527 781 1553 :
816 1518 948 1568 atque
975 1509 1087 1552 inter
1115 1518 1270 1553 caetera
1295 1508 1473 1555 audistis

79 1580 169 1639 jam
189 1577 564 1638 quemadmodum
589 1580 628 1623 ei
650 1578 838 1624 dixerint
858 1596 869 1623 .-
898 1599 919 1622 «
953 1583 1017 1624 Tu
1035 1579 1088 1624 de
1111 1589 1153 1624 te
1176 1581 1472 1626 testimoninm

86 1668 106 1692 η
142 1649 248 1694 dicis
266 1684 277 1704 ,
311 1650 608 1694 testimonium
642 1660 768 1694 tuum
797 1666 886 1695 non
909 1660 971 1695 est
999 1667 1152 1696 verum
1171 1654 1200 1695 ¹.
1235 1671 1255 1693 ν)
1281 1651 1473 1697 Audistis

83 1720 212 1765 etiam
231 1720 338 1781 quid
358 1719 428 1764 ille
451 1720 746 1780 responderit,
771 1737 872 1766 eum
896 1722 1098 1766 hesterno
1121 1723 1190 1767 die
1219 1723 1383 1768 lectum
1403 1739 1471 1767 es-

83 1798 167 1845 set,
193 1799 237 1834 et
259 1805 339 1849 pro
362 1791 516 1834 nostris
541 1791 706 1835 viribus
744 1792 1028 1850 disputatum.
1057 1791 1198 1837 Hodie
1218 1794 1351 1838 verba
1381 1795 1471 1854 ejus

83 1860 178 1905 haec
190 1859 302 1906 lecta
320 1871 421 1905 sunt
439 1896 450 1915 ‚
479 1881 499 1904 «
523 1863 609 1905 Vos
629 1860 871 1906 secundum
891 1877 1066 1906 carnem
1083 1862 1332 1922 judicatis.»
1348 1863 1468 1920 Ideo,

83 1931 228 1991 inquit
245 1967 256 1987 ‚
277 1933 384 1976 mihi
405 1932 545 1977 dicitis
561 1967 571 1986 ,
597 1952 616 1974 «
645 1935 710 1976 Tu
732 1932 787 1976 de
810 1942 852 1976 te
875 1933 1173 1978 testimonium
1195 1934 1301 1979 dicis
1318 1970 1329 1990 ‚
1350 1936 1472 1980 testi-

87 2019 109 2042 »
143 2002 340 2046 monium
363 2012 490 2048 tuum
513 2018 602 2047 non
620 2012 683 2046 est
704 2018 855 2048 verum
871 2039 882 2058 ‚
904 2022 924 2044 »
950 2005 1050 2064 quia
1078 2023 1097 2046 «
1117 2005 1358 2049 secundum
1379 2022 1473 2051 car-

90 2091 108 2114 »
144 2087 243 2116 nem
257 2072 491 2132 judicatis2
511 2107 522 2126 ‚
546 2090 566 2113 »
592 2072 694 2132 quia
713 2075 849 2117 Deum
874 2089 960 2118 non
981 2073 1239 2133 intelligitis,
1269 2084 1312 2119 et
1335 2076 1474 2120 homi-

85 2157 186 2185 nem
209 2141 362 2186 videtis
382 2177 393 2196 ‚
425 2151 468 2186 et
499 2142 720 2187 hominem
745 2144 1047 2204 persequendo
1063 2179 1073 2199 ‚
1100 2147 1240 2189 Deum
1261 2145 1471 2192 latentem

85 2211 322 2256 offenditis.
348 2214 465 2271 Ergo
492 2231 512 2253 «
531 2211 773 2256 secundum
795 2227 966 2258 carnem
988 2214 1205 2274 judicatis.
1234 2234 1254 2257 ν)
1277 2215 1382 2261 Ideo
1398 2232 1473 2262 vo-

86 2282 151 2327 bis
180 2298 384 2342 arrogans
412 2283 562 2328 videor
579 2319 590 2337 ‚
613 2283 715 2343 quia
734 2299 815 2342 ego
833 2284 886 2329 de
909 2301 978 2329 me
1000 2286 1296 2330 testimonium
1324 2287 1472 2346 perhi-

86 2352 184 2396 beo.
209 2353 360 2398 Omnis
378 2354 494 2398 enim
516 2355 648 2398 homo
669 2354 847 2414 quando
869 2354 924 2399 de
945 2371 988 2400 se
1009 2354 1104 2400 vult
1130 2357 1359 2416 perhibere
1382 2366 1470 2402 tes-

85 2422 316 2466 timonium
347 2422 591 2478 laudabile,
627 2438 830 2482 arrogans
853 2434 896 2469 et
916 2426 1129 2486 superbus
1150 2427 1340 2471 videtur.
1366 2427 1470 2472 Ideo

86 2492 294 2551 scriptum
318 2501 381 2537 est
407 2511 415 2537 :
445 2512 464 2535 «
486 2495 582 2538 Non
605 2503 647 2538 te
668 2492 819 2539 laudet
842 2510 888 2539 os
918 2504 1044 2540 tuum
1059 2531 1070 2552 ‚
1100 2495 1175 2541 sed
1195 2496 1346 2541 laudet
1362 2505 1405 2541 te
1421 2512 1469 2541 os

135 2583 143 2599 ¹
162 2579 252 2610 Joan.
270 2588 339 2620 vm,
357 2578 408 2611 13.
429 2595 470 2602 —
493 2578 606 2611 ²1bid.
626 2578 678 2611 15.
