<?xml version="1.0" encoding="UTF-8"?>
<!DOCTYPE html PUBLIC "-//W3C//DTD XHTML 1.0 Transitional//EN"
    "http://www.w3.org/TR/xhtml1/DTD/xhtml1-transitional.dtd">
<html xmlns="http://www.w3.org/1999/xhtml" xml:lang="en" lang="en">
 <head>
  <title>
</title>
<meta http-equiv="Content-Type" content="text/html;charset=utf-8" />
  <meta name='ocr-system' content='tesseract 3.04.00' />
  <meta name='ocr-capabilities' content='ocr_page ocr_carea ocr_par ocr_line ocrx_word'/>
</head>
<body>
  <div class='ocr_page' id='page_1' title='image "./operaomniaaccura15auguuoft_0350.png"; bbox 0 0 1809 3173; ppageno 0'>
   <div class='ocr_carea' id='block_1_1' title="bbox 354 183 1302 221">
    <p class='ocr_par' dir='ltr' id='par_1_1' title="bbox 354 183 1302 221">
     <span class='ocr_line' id='line_1_1' title="bbox 354 183 1302 221; baseline -0.003 0"><span class='ocrx_word' id='word_1_1' title='bbox 354 183 438 221; x_wconf 88' lang='lat'><strong>338</strong></span> <span class='ocrx_word' id='word_1_2' title='bbox 789 193 822 219; x_wconf 83' lang='lat' dir='ltr'><strong>s.</strong></span> <span class='ocrx_word' id='word_1_3' title='bbox 858 189 1088 219; x_wconf 78' lang='lat' dir='ltr'>AUGUSTINI</span> <span class='ocrx_word' id='word_1_4' title='bbox 1121 189 1302 218; x_wconf 77' lang='lat' dir='ltr'><strong>EPISCOPI</strong></span> 
     </span>
    </p>
   </div>
   <div class='ocr_carea' id='block_1_2' title="bbox 296 253 1804 2505">
    <p class='ocr_par' dir='ltr' id='par_1_2' title="bbox 296 253 1739 1583">
     <span class='ocr_line' id='line_1_2' title="bbox 350 253 1732 312; baseline 0.001 -14"><span class='ocrx_word' id='word_1_5' title='bbox 350 275 371 298; x_wconf 89' lang='lat'>»</span> <span class='ocrx_word' id='word_1_6' title='bbox 406 254 477 298; x_wconf 87' lang='lat' dir='ltr'><strong>ille</strong></span> <span class='ocrx_word' id='word_1_7' title='bbox 499 253 616 298; x_wconf 84' lang='lat' dir='ltr'><strong>misit</strong></span> <span class='ocrx_word' id='word_1_8' title='bbox 632 255 662 297; x_wconf 88' lang='lat'><strong>¹.</strong></span> <span class='ocrx_word' id='word_1_9' title='bbox 691 271 712 296; x_wconf 88' lang='lat'>»</span> <span class='ocrx_word' id='word_1_10' title='bbox 745 256 801 299; x_wconf 89' lang='lat' dir='ltr'><strong>Ut</strong></span> <span class='ocrx_word' id='word_1_11' title='bbox 825 253 1009 298; x_wconf 87' lang='lat' dir='ltr'><strong>credatis</strong></span> <span class='ocrx_word' id='word_1_12' title='bbox 1035 254 1080 297; x_wconf 93' lang='lat' dir='ltr'><strong>in</strong></span> <span class='ocrx_word' id='word_1_13' title='bbox 1115 269 1244 312; x_wconf 79' lang='lat' dir='ltr'><strong>eum3</strong></span> <span class='ocrx_word' id='word_1_14' title='bbox 1277 270 1367 299; x_wconf 92' lang='lat' dir='ltr'><strong>non</strong></span> <span class='ocrx_word' id='word_1_15' title='bbox 1394 263 1447 299; x_wconf 87' lang='lat' dir='ltr'><strong>ut</strong></span> <span class='ocrx_word' id='word_1_16' title='bbox 1467 254 1653 300; x_wconf 87' lang='lat' dir='ltr'><strong>credatis</strong></span> <span class='ocrx_word' id='word_1_17' title='bbox 1676 257 1732 300; x_wconf 89' lang='lat' dir='ltr'><strong>ei.</strong></span> 
     </span>
     <span class='ocr_line' id='line_1_3' title="bbox 347 321 1738 386; baseline 0.001 -17"><span class='ocrx_word' id='word_1_18' title='bbox 347 324 430 370; x_wconf 87' lang='lat' dir='ltr'><strong>Sed</strong></span> <span class='ocrx_word' id='word_1_19' title='bbox 448 321 484 367; x_wconf 92' lang='lat' dir='ltr'><strong>si</strong></span> <span class='ocrx_word' id='word_1_20' title='bbox 500 321 674 366; x_wconf 89' lang='lat' dir='ltr'><strong>creditis</strong></span> <span class='ocrx_word' id='word_1_21' title='bbox 694 321 741 366; x_wconf 92' lang='lat' dir='ltr'><strong>in</strong></span> <span class='ocrx_word' id='word_1_22' title='bbox 757 337 880 378; x_wconf 84' lang='lat' dir='ltr'><strong>eum,</strong></span> <span class='ocrx_word' id='word_1_23' title='bbox 896 321 1070 366; x_wconf 88' lang='lat' dir='ltr'><strong>creditis</strong></span> <span class='ocrx_word' id='word_1_24' title='bbox 1085 323 1123 366; x_wconf 89' lang='lat' dir='ltr'><strong>ei</strong></span> <span class='ocrx_word' id='word_1_25' title='bbox 1141 342 1149 367; x_wconf 74' lang='grc' dir='ltr'>ε</span> <span class='ocrx_word' id='word_1_26' title='bbox 1166 339 1256 368; x_wconf 92' lang='lat' dir='ltr'><strong>non</strong></span> <span class='ocrx_word' id='word_1_27' title='bbox 1268 333 1416 369; x_wconf 89' lang='lat' dir='ltr'><strong>autem</strong></span> <span class='ocrx_word' id='word_1_28' title='bbox 1435 325 1647 370; x_wconf 86' lang='lat' dir='ltr'><strong>continuo</strong></span> <span class='ocrx_word' id='word_1_29' title='bbox 1661 326 1738 386; x_wconf 89' lang='lat' dir='ltr'><strong>qui</strong></span> 
     </span>
     <span class='ocr_line' id='line_1_4' title="bbox 345 391 1733 449; baseline 0 -11"><span class='ocrx_word' id='word_1_30' title='bbox 345 393 480 439; x_wconf 85' lang='lat' dir='ltr'><strong>credit</strong></span> <span class='ocrx_word' id='word_1_31' title='bbox 500 393 562 449; x_wconf 92' lang='grc'><strong>61,</strong></span> <span class='ocrx_word' id='word_1_32' title='bbox 589 391 728 437; x_wconf 85' lang='lat' dir='ltr'><strong>credit</strong></span> <span class='ocrx_word' id='word_1_33' title='bbox 752 392 798 437; x_wconf 93' lang='lat' dir='ltr'><strong>in</strong></span> <span class='ocrx_word' id='word_1_34' title='bbox 822 407 939 437; x_wconf 88' lang='lat' dir='ltr'><strong>eum.</strong></span> <span class='ocrx_word' id='word_1_35' title='bbox 971 393 1082 437; x_wconf 86' lang='lat' dir='ltr'><strong>Nam</strong></span> <span class='ocrx_word' id='word_1_36' title='bbox 1103 404 1147 436; x_wconf 90' lang='lat' dir='ltr'><strong>et</strong></span> <span class='ocrx_word' id='word_1_37' title='bbox 1164 391 1385 438; x_wconf 80' lang='lat' dir='ltr'><strong>daemones</strong></span> <span class='ocrx_word' id='word_1_38' title='bbox 1409 393 1647 439; x_wconf 84' lang='lat' dir='ltr'><strong>credebant</strong></span> <span class='ocrx_word' id='word_1_39' title='bbox 1667 395 1733 449; x_wconf 90' lang='lat' dir='ltr'><strong>ei,</strong></span> 
     </span>
     <span class='ocr_line' id='line_1_5' title="bbox 345 462 1737 524; baseline 0 -15"><span class='ocrx_word' id='word_1_40' title='bbox 345 479 435 509; x_wconf 91' lang='lat' dir='ltr'><strong>non</strong></span> <span class='ocrx_word' id='word_1_41' title='bbox 455 462 694 509; x_wconf 84' lang='lat' dir='ltr'><strong>credebant</strong></span> <span class='ocrx_word' id='word_1_42' title='bbox 714 463 762 507; x_wconf 90' lang='lat' dir='ltr'><strong>in</strong></span> <span class='ocrx_word' id='word_1_43' title='bbox 785 478 903 508; x_wconf 89' lang='lat' dir='ltr'><strong>eum.</strong></span> <span class='ocrx_word' id='word_1_44' title='bbox 928 465 1093 506; x_wconf 76' lang='lat' dir='ltr'><strong>Rursus</strong></span> <span class='ocrx_word' id='word_1_45' title='bbox 1115 462 1246 506; x_wconf 88' lang='lat' dir='ltr'><strong>etiam</strong></span> <span class='ocrx_word' id='word_1_46' title='bbox 1281 464 1336 508; x_wconf 91' lang='lat' dir='ltr'><strong>de</strong></span> <span class='ocrx_word' id='word_1_47' title='bbox 1360 463 1578 524; x_wconf 90' lang='lat' dir='ltr'><strong>Apostolis</strong></span> <span class='ocrx_word' id='word_1_48' title='bbox 1605 464 1737 524; x_wconf 89' lang='lat' dir='ltr'><strong>ipsius</strong></span> 
     </span>
     <span class='ocr_line' id='line_1_6' title="bbox 344 530 1734 594; baseline 0 -16"><span class='ocrx_word' id='word_1_49' title='bbox 344 548 572 594; x_wconf 86' lang='lat' dir='ltr'><strong>possumus</strong></span> <span class='ocrx_word' id='word_1_50' title='bbox 594 531 762 578; x_wconf 84' lang='lat' dir='ltr'>dicere:</span> <span class='ocrx_word' id='word_1_51' title='bbox 787 530 1018 577; x_wconf 85' lang='lat' dir='ltr'>Credimus</span> <span class='ocrx_word' id='word_1_52' title='bbox 1042 530 1202 589; x_wconf 70' lang='lat' dir='ltr'><strong>Paulo,</strong></span> <span class='ocrx_word' id='word_1_53' title='bbox 1218 531 1294 575; x_wconf 90' lang='lat' dir='ltr'><strong>sed</strong></span> <span class='ocrx_word' id='word_1_54' title='bbox 1313 547 1420 588; x_wconf 90' lang='lat' dir='ltr'><strong>non,</strong></span> <span class='ocrx_word' id='word_1_55' title='bbox 1440 532 1668 579; x_wconf 82' lang='lat' dir='ltr'><strong>Credimus</strong></span> <span class='ocrx_word' id='word_1_56' title='bbox 1689 534 1734 578; x_wconf 90' lang='lat' dir='ltr'><strong>in</strong></span> 
     </span>
     <span class='ocr_line' id='line_1_7' title="bbox 342 600 1730 658; baseline -0.001 -8"><span class='ocrx_word' id='word_1_57' title='bbox 342 603 553 651; x_wconf 87' lang='lat' dir='ltr'><strong>Paulum:</strong></span> <span class='ocrx_word' id='word_1_58' title='bbox 577 602 806 649; x_wconf 80' lang='lat' dir='ltr'><strong>Credimus</strong></span> <span class='ocrx_word' id='word_1_59' title='bbox 829 604 975 656; x_wconf 89' lang='lat' dir='ltr'><strong>Petro,</strong></span> <span class='ocrx_word' id='word_1_60' title='bbox 992 600 1068 644; x_wconf 87' lang='lat' dir='ltr'><strong>sed</strong></span> <span class='ocrx_word' id='word_1_61' title='bbox 1089 616 1196 658; x_wconf 88' lang='lat' dir='ltr'><strong>non,</strong></span> <span class='ocrx_word' id='word_1_62' title='bbox 1216 602 1446 648; x_wconf 85' lang='lat' dir='ltr'><strong>Credimus</strong></span> <span class='ocrx_word' id='word_1_63' title='bbox 1472 603 1519 648; x_wconf 91' lang='lat' dir='ltr'><strong>in</strong></span> <span class='ocrx_word' id='word_1_64' title='bbox 1537 607 1730 648; x_wconf 87' lang='lat' dir='ltr'><strong>Petrum.</strong></span> 
     </span>
     <span class='ocr_line' id='line_1_8' title="bbox 347 672 1735 734; baseline 0.001 -16"><span class='ocrx_word' id='word_1_65' title='bbox 347 695 369 720; x_wconf 91' lang='lat'>«</span> <span class='ocrx_word' id='word_1_66' title='bbox 401 674 609 721; x_wconf 88' lang='lat' dir='ltr'><strong>Credenti</strong></span> <span class='ocrx_word' id='word_1_67' title='bbox 629 674 748 717; x_wconf 89' lang='lat' dir='ltr'><strong>enim</strong></span> <span class='ocrx_word' id='word_1_68' title='bbox 768 674 816 716; x_wconf 90' lang='lat' dir='ltr'><strong>in</strong></span> <span class='ocrx_word' id='word_1_69' title='bbox 837 686 939 716; x_wconf 90' lang='lat' dir='ltr'><strong>eum</strong></span> <span class='ocrx_word' id='word_1_70' title='bbox 961 672 1038 731; x_wconf 90' lang='lat' dir='ltr'><strong>qui</strong></span> <span class='ocrx_word' id='word_1_71' title='bbox 1049 672 1260 731; x_wconf 89' lang='lat' dir='ltr'><strong>justificat</strong></span> <span class='ocrx_word' id='word_1_72' title='bbox 1281 673 1482 732; x_wconf 90' lang='lat' dir='ltr'><strong>impium,</strong></span> <span class='ocrx_word' id='word_1_73' title='bbox 1497 674 1735 734; x_wconf 88' lang='lat' dir='ltr'><strong>deputatur</strong></span> 
     </span>
     <span class='ocr_line' id='line_1_9' title="bbox 343 741 1735 804; baseline 0 -15"><span class='ocrx_word' id='word_1_74' title='bbox 343 765 364 789; x_wconf 93' lang='lat'>»</span> <span class='ocrx_word' id='word_1_75' title='bbox 399 745 506 789; x_wconf 92' lang='lat' dir='ltr'><strong>fides</strong></span> <span class='ocrx_word' id='word_1_76' title='bbox 523 746 615 804; x_wconf 86' lang='lat' dir='ltr'><strong>ejus</strong></span> <span class='ocrx_word' id='word_1_77' title='bbox 636 743 691 787; x_wconf 91' lang='lat' dir='ltr'><strong>ad</strong></span> <span class='ocrx_word' id='word_1_78' title='bbox 708 743 992 803; x_wconf 75' lang='lat' dir='ltr'><strong>justitiam&#39;2.»</strong></span> <span class='ocrx_word' id='word_1_79' title='bbox 1013 741 1130 795; x_wconf 83' lang='lat' dir='ltr'><strong>Quid</strong></span> <span class='ocrx_word' id='word_1_80' title='bbox 1144 751 1208 787; x_wconf 88' lang='lat' dir='ltr'><strong>est</strong></span> <span class='ocrx_word' id='word_1_81' title='bbox 1222 757 1324 802; x_wconf 87' lang='lat' dir='ltr'><strong>ergo</strong></span> <span class='ocrx_word' id='word_1_82' title='bbox 1341 743 1518 788; x_wconf 90' lang='lat' dir='ltr'><strong>credere</strong></span> <span class='ocrx_word' id='word_1_83' title='bbox 1539 745 1585 788; x_wconf 91' lang='lat' dir='ltr'><strong>in</strong></span> <span class='ocrx_word' id='word_1_84' title='bbox 1607 746 1735 790; x_wconf 79' lang='lat' dir='ltr'><strong>eum?</strong></span> 
     </span>
     <span class='ocr_line' id='line_1_10' title="bbox 338 811 1735 873; baseline -0.002 -11"><span class='ocrx_word' id='word_1_85' title='bbox 338 816 571 864; x_wconf 89' lang='lat' dir='ltr'><strong>Credendo</strong></span> <span class='ocrx_word' id='word_1_86' title='bbox 596 829 768 869; x_wconf 88' lang='lat' dir='ltr'><strong>amare,</strong></span> <span class='ocrx_word' id='word_1_87' title='bbox 808 812 1030 858; x_wconf 89' lang='lat' dir='ltr'><strong>credendo</strong></span> <span class='ocrx_word' id='word_1_88' title='bbox 1063 811 1271 873; x_wconf 81' lang='lat' dir='ltr'><strong>diligere,</strong></span> <span class='ocrx_word' id='word_1_89' title='bbox 1308 813 1528 859; x_wconf 89' lang='lat' dir='ltr'><strong>credendo</strong></span> <span class='ocrx_word' id='word_1_90' title='bbox 1555 814 1602 857; x_wconf 90' lang='lat' dir='ltr'><strong>in</strong></span> <span class='ocrx_word' id='word_1_91' title='bbox 1631 829 1735 859; x_wconf 89' lang='lat' dir='ltr'><strong>eum</strong></span> 
     </span>
     <span class='ocr_line' id='line_1_11' title="bbox 340 883 1735 946; baseline -0.001 -16"><span class='ocrx_word' id='word_1_92' title='bbox 340 887 417 943; x_wconf 88' lang='lat' dir='ltr'><strong>ire,</strong></span> <span class='ocrx_word' id='word_1_93' title='bbox 433 895 476 930; x_wconf 90' lang='lat' dir='ltr'><strong>et</strong></span> <span class='ocrx_word' id='word_1_94' title='bbox 497 888 590 946; x_wconf 85' lang='lat' dir='ltr'><strong>ejus</strong></span> <span class='ocrx_word' id='word_1_95' title='bbox 611 883 820 929; x_wconf 85' lang='lat' dir='ltr'><strong>membris</strong></span> <span class='ocrx_word' id='word_1_96' title='bbox 840 883 1124 943; x_wconf 89' lang='lat' dir='ltr'><strong>incorporari.</strong></span> <span class='ocrx_word' id='word_1_97' title='bbox 1142 886 1241 943; x_wconf 87' lang='lat' dir='ltr'><strong>Ipsa</strong></span> <span class='ocrx_word' id='word_1_98' title='bbox 1261 895 1325 928; x_wconf 87' lang='lat' dir='ltr'><strong>est</strong></span> <span class='ocrx_word' id='word_1_99' title='bbox 1347 899 1450 943; x_wconf 87' lang='lat' dir='ltr'><strong>ergo</strong></span> <span class='ocrx_word' id='word_1_100' title='bbox 1477 884 1584 928; x_wconf 87' lang='lat' dir='ltr'><strong>fides</strong></span> <span class='ocrx_word' id='word_1_101' title='bbox 1600 899 1735 945; x_wconf 86' lang='lat' dir='ltr'><strong>quam</strong></span> 
     </span>
     <span class='ocr_line' id='line_1_12' title="bbox 338 954 1736 1015; baseline 0 -15"><span class='ocrx_word' id='word_1_102' title='bbox 338 956 393 1000; x_wconf 93' lang='lat' dir='ltr'><strong>de</strong></span> <span class='ocrx_word' id='word_1_103' title='bbox 415 957 542 1001; x_wconf 82' lang='lat' dir='ltr'><strong>nohis</strong></span> <span class='ocrx_word' id='word_1_104' title='bbox 574 955 706 1015; x_wconf 84' lang='lat' dir='ltr'><strong>exigit</strong></span> <span class='ocrx_word' id='word_1_105' title='bbox 745 959 892 1000; x_wconf 81' lang='lat' dir='ltr'><strong>Deus:</strong></span> <span class='ocrx_word' id='word_1_106' title='bbox 921 963 964 998; x_wconf 90' lang='lat' dir='ltr'><strong>et</strong></span> <span class='ocrx_word' id='word_1_107' title='bbox 984 969 1075 999; x_wconf 91' lang='lat' dir='ltr'><strong>non</strong></span> <span class='ocrx_word' id='word_1_108' title='bbox 1107 954 1274 998; x_wconf 88' lang='lat' dir='ltr'><strong>invenit</strong></span> <span class='ocrx_word' id='word_1_109' title='bbox 1296 954 1417 1014; x_wconf 89' lang='lat' dir='ltr'><strong>quod</strong></span> <span class='ocrx_word' id='word_1_110' title='bbox 1454 955 1623 1013; x_wconf 82' lang='lat' dir='ltr'><strong>exigat,</strong></span> <span class='ocrx_word' id='word_1_111' title='bbox 1653 955 1736 1001; x_wconf 79' lang='lat' dir='ltr'><strong>nisi</strong></span> 
     </span>
     <span class='ocr_line' id='line_1_13' title="bbox 339 1023 1736 1088; baseline -0.001 -18"><span class='ocrx_word' id='word_1_112' title='bbox 339 1043 474 1088; x_wconf 81' lang='lat' dir='ltr'><strong>quam</strong></span> <span class='ocrx_word' id='word_1_113' title='bbox 487 1026 684 1072; x_wconf 83' lang='lat' dir='ltr'><strong>definivit</strong></span> <span class='ocrx_word' id='word_1_114' title='bbox 701 1025 785 1071; x_wconf 85' lang='lat' dir='ltr'><strong>alio</strong></span> <span class='ocrx_word' id='word_1_115' title='bbox 801 1026 900 1070; x_wconf 90' lang='lat' dir='ltr'><strong>loco</strong></span> <span class='ocrx_word' id='word_1_116' title='bbox 913 1024 1147 1084; x_wconf 86' lang='lat' dir='ltr'><strong>Apostolus</strong></span> <span class='ocrx_word' id='word_1_117' title='bbox 1163 1023 1409 1083; x_wconf 88' lang='lat' dir='ltr'><strong>plenissime</strong></span> <span class='ocrx_word' id='word_1_118' title='bbox 1426 1024 1573 1068; x_wconf 90' lang='lat' dir='ltr'><strong>dicens</strong></span> <span class='ocrx_word' id='word_1_119' title='bbox 1590 1043 1599 1069; x_wconf 89' lang='grc'>;</span> <span class='ocrx_word' id='word_1_120' title='bbox 1620 1043 1641 1066; x_wconf 89' lang='lat'>«</span> <span class='ocrx_word' id='word_1_121' title='bbox 1655 1027 1736 1071; x_wconf 87' lang='lat' dir='ltr'><strong>Ne-</strong></span> 
     </span>
     <span class='ocr_line' id='line_1_14' title="bbox 341 1095 1738 1159; baseline 0 -20"><span class='ocrx_word' id='word_1_122' title='bbox 341 1116 362 1139; x_wconf 90' lang='lat'>»</span> <span class='ocrx_word' id='word_1_123' title='bbox 398 1113 485 1159; x_wconf 85' lang='lat' dir='ltr'><strong>que</strong></span> <span class='ocrx_word' id='word_1_124' title='bbox 508 1097 778 1142; x_wconf 84' lang='lat' dir='ltr'><strong>circumcisio</strong></span> <span class='ocrx_word' id='word_1_125' title='bbox 810 1095 978 1155; x_wconf 81' lang='lat' dir='ltr'><strong>aliquid</strong></span> <span class='ocrx_word' id='word_1_126' title='bbox 1009 1095 1125 1140; x_wconf 90' lang='lat' dir='ltr'><strong>valet</strong></span> <span class='ocrx_word' id='word_1_127' title='bbox 1141 1129 1154 1152; x_wconf 91' lang='lat'><strong>,</strong></span> <span class='ocrx_word' id='word_1_128' title='bbox 1178 1110 1322 1154; x_wconf 85' lang='lat' dir='ltr'><strong>neque</strong></span> <span class='ocrx_word' id='word_1_129' title='bbox 1343 1095 1635 1155; x_wconf 79' lang='lat' dir='ltr'><strong>praeputium,</strong></span> <span class='ocrx_word' id='word_1_130' title='bbox 1660 1095 1738 1139; x_wconf 85' lang='lat' dir='ltr'><strong>sed</strong></span> 
     </span>
     <span class='ocr_line' id='line_1_15' title="bbox 343 1165 1739 1228; baseline -0.003 -16"><span class='ocrx_word' id='word_1_131' title='bbox 343 1187 365 1210; x_wconf 90' lang='lat'>»</span> <span class='ocrx_word' id='word_1_132' title='bbox 400 1169 508 1212; x_wconf 88' lang='lat' dir='ltr'><strong>fides</strong></span> <span class='ocrx_word' id='word_1_133' title='bbox 524 1184 625 1228; x_wconf 77' lang='lat' dir='ltr'><strong>quae</strong></span> <span class='ocrx_word' id='word_1_134' title='bbox 642 1183 719 1228; x_wconf 92' lang='lat' dir='ltr'><strong>per</strong></span> <span class='ocrx_word' id='word_1_135' title='bbox 738 1168 1017 1211; x_wconf 87' lang='lat' dir='ltr'><strong>dilectionem</strong></span> <span class='ocrx_word' id='word_1_136' title='bbox 1033 1176 1238 1226; x_wconf 84' lang='lat' dir='ltr'><strong>operatur</strong></span> <span class='ocrx_word' id='word_1_137' title='bbox 1253 1170 1268 1190; x_wconf 51' lang='grc' dir='ltr'><strong>ὅ</strong></span> <span class='ocrx_word' id='word_1_138' title='bbox 1284 1168 1334 1210; x_wconf 68' lang='grc' dir='ltr'><strong>Ρ»</strong></span> <span class='ocrx_word' id='word_1_139' title='bbox 1352 1169 1451 1212; x_wconf 87' lang='lat' dir='ltr'><strong>Non</strong></span> <span class='ocrx_word' id='word_1_140' title='bbox 1473 1165 1739 1226; x_wconf 85' lang='lat' dir='ltr'><strong>qualiscum-</strong></span> 
     </span>
     <span class='ocr_line' id='line_1_16' title="bbox 338 1235 1737 1299; baseline -0.002 -16"><span class='ocrx_word' id='word_1_141' title='bbox 338 1255 424 1299; x_wconf 85' lang='lat' dir='ltr'><strong>que</strong></span> <span class='ocrx_word' id='word_1_142' title='bbox 446 1239 553 1284; x_wconf 87' lang='lat' dir='ltr'><strong>fides</strong></span> <span class='ocrx_word' id='word_1_143' title='bbox 569 1273 581 1297; x_wconf 95' lang='lat'><strong>,</strong></span> <span class='ocrx_word' id='word_1_144' title='bbox 607 1239 683 1283; x_wconf 89' lang='lat' dir='ltr'><strong>sed</strong></span> <span class='ocrx_word' id='word_1_145' title='bbox 719 1239 825 1282; x_wconf 86' lang='lat' dir='ltr'><strong>fides</strong></span> <span class='ocrx_word' id='word_1_146' title='bbox 847 1253 947 1297; x_wconf 81' lang='lat' dir='ltr'><strong>quae</strong></span> <span class='ocrx_word' id='word_1_147' title='bbox 977 1251 1053 1296; x_wconf 90' lang='lat' dir='ltr'><strong>per</strong></span> <span class='ocrx_word' id='word_1_148' title='bbox 1073 1236 1353 1280; x_wconf 85' lang='lat' dir='ltr'><strong>dilectionem</strong></span> <span class='ocrx_word' id='word_1_149' title='bbox 1379 1245 1584 1295; x_wconf 82' lang='lat' dir='ltr'><strong>operatur</strong></span> <span class='ocrx_word' id='word_1_150' title='bbox 1607 1254 1617 1281; x_wconf 74' lang='lat'>2</span> <span class='ocrx_word' id='word_1_151' title='bbox 1642 1235 1737 1280; x_wconf 83' lang='lat' dir='ltr'><strong>haec</strong></span> 
     </span>
     <span class='ocr_line' id='line_1_17' title="bbox 336 1305 1735 1367; baseline -0.002 -14"><span class='ocrx_word' id='word_1_152' title='bbox 336 1310 381 1355; x_wconf 90' lang='lat' dir='ltr'><strong>in</strong></span> <span class='ocrx_word' id='word_1_153' title='bbox 407 1319 449 1354; x_wconf 88' lang='lat' dir='ltr'><strong>te</strong></span> <span class='ocrx_word' id='word_1_154' title='bbox 471 1311 552 1366; x_wconf 88' lang='lat' dir='ltr'><strong>sit,</strong></span> <span class='ocrx_word' id='word_1_155' title='bbox 578 1321 622 1354; x_wconf 89' lang='lat' dir='ltr'><strong>et</strong></span> <span class='ocrx_word' id='word_1_156' title='bbox 651 1310 866 1367; x_wconf 72' lang='lat' dir='ltr'><strong>intelliges</strong></span> <span class='ocrx_word' id='word_1_157' title='bbox 887 1309 942 1351; x_wconf 89' lang='lat' dir='ltr'><strong>de</strong></span> <span class='ocrx_word' id='word_1_158' title='bbox 964 1308 1177 1351; x_wconf 85' lang='lat' dir='ltr'><strong>doctrina.</strong></span> <span class='ocrx_word' id='word_1_159' title='bbox 1205 1307 1322 1360; x_wconf 84' lang='lat' dir='ltr'><strong>Quid</strong></span> <span class='ocrx_word' id='word_1_160' title='bbox 1344 1308 1463 1351; x_wconf 82' lang='lat' dir='ltr'><strong>enim</strong></span> <span class='ocrx_word' id='word_1_161' title='bbox 1487 1305 1735 1366; x_wconf 77' lang='lat' dir='ltr'><strong>intelliges?</strong></span> 
     </span>
     <span class='ocr_line' id='line_1_18' title="bbox 343 1375 1736 1439; baseline -0.001 -15"><span class='ocrx_word' id='word_1_162' title='bbox 343 1381 454 1434; x_wconf 83' lang='lat' dir='ltr'><strong>Quia</strong></span> <span class='ocrx_word' id='word_1_163' title='bbox 469 1381 669 1425; x_wconf 87' lang='lat' dir='ltr'><strong>doctrina</strong></span> <span class='ocrx_word' id='word_1_164' title='bbox 690 1381 770 1423; x_wconf 86' lang='lat' dir='ltr'><strong>ista</strong></span> <span class='ocrx_word' id='word_1_165' title='bbox 792 1394 883 1422; x_wconf 89' lang='grc'><strong>11011</strong></span> <span class='ocrx_word' id='word_1_166' title='bbox 903 1387 967 1422; x_wconf 84' lang='grc'><strong>631</strong></span> <span class='ocrx_word' id='word_1_167' title='bbox 986 1393 1081 1421; x_wconf 87' lang='lat' dir='ltr'><strong>mea</strong></span> <span class='ocrx_word' id='word_1_168' title='bbox 1097 1412 1108 1433; x_wconf 84' lang='lat'><strong>,</strong></span> <span class='ocrx_word' id='word_1_169' title='bbox 1129 1377 1204 1422; x_wconf 87' lang='lat' dir='ltr'><strong>sed</strong></span> <span class='ocrx_word' id='word_1_170' title='bbox 1222 1394 1315 1439; x_wconf 68' lang='lat' dir='ltr'><strong>ejus</strong></span> <span class='ocrx_word' id='word_1_171' title='bbox 1337 1379 1413 1438; x_wconf 89' lang='lat' dir='ltr'><strong>qui</strong></span> <span class='ocrx_word' id='word_1_172' title='bbox 1430 1378 1545 1421; x_wconf 88' lang='lat' dir='ltr'><strong>misit</strong></span> <span class='ocrx_word' id='word_1_173' title='bbox 1568 1392 1638 1421; x_wconf 87' lang='lat' dir='ltr'><strong>me</strong></span> <span class='ocrx_word' id='word_1_174' title='bbox 1655 1410 1669 1433; x_wconf 94' lang='lat'><strong>,</strong></span> <span class='ocrx_word' id='word_1_175' title='bbox 1690 1375 1736 1423; x_wconf 85' lang='lat' dir='ltr'><strong>id</strong></span> 
     </span>
     <span class='ocr_line' id='line_1_19' title="bbox 296 1448 1736 1512; baseline -0.003 -16"><span class='ocrx_word' id='word_1_176' title='bbox 296 1452 300 1458; x_wconf 88' lang='lat'><em>&#39;</em></span> <span class='ocrx_word' id='word_1_177' title='bbox 342 1461 423 1509; x_wconf 89' lang='lat' dir='ltr'><strong>est,</strong></span> <span class='ocrx_word' id='word_1_178' title='bbox 438 1452 650 1511; x_wconf 82' lang='lat' dir='ltr'><strong>intelliges</strong></span> <span class='ocrx_word' id='word_1_179' title='bbox 669 1453 771 1512; x_wconf 87' lang='lat' dir='ltr'><strong>quia</strong></span> <span class='ocrx_word' id='word_1_180' title='bbox 784 1450 982 1497; x_wconf 85' lang='lat' dir='ltr'><strong>Christus</strong></span> <span class='ocrx_word' id='word_1_181' title='bbox 995 1448 1124 1493; x_wconf 79' lang='lat' dir='ltr'><strong>Filius</strong></span> <span class='ocrx_word' id='word_1_182' title='bbox 1141 1450 1242 1506; x_wconf 88' lang='lat' dir='ltr'><strong>Dei,</strong></span> <span class='ocrx_word' id='word_1_183' title='bbox 1261 1451 1337 1510; x_wconf 88' lang='lat' dir='ltr'><strong>qui</strong></span> <span class='ocrx_word' id='word_1_184' title='bbox 1354 1458 1417 1493; x_wconf 88' lang='lat' dir='ltr'><strong>est</strong></span> <span class='ocrx_word' id='word_1_185' title='bbox 1435 1449 1633 1494; x_wconf 84' lang='lat' dir='ltr'><strong>doctrina</strong></span> <span class='ocrx_word' id='word_1_186' title='bbox 1652 1451 1736 1493; x_wconf 86' lang='lat' dir='ltr'><strong>Pa-</strong></span> 
     </span>
     <span class='ocr_line' id='line_1_20' title="bbox 342 1521 1433 1583; baseline -0.004 -15"><span class='ocrx_word' id='word_1_187' title='bbox 342 1526 441 1581; x_wconf 86' lang='lat' dir='ltr'><strong>tris,</strong></span> <span class='ocrx_word' id='word_1_188' title='bbox 468 1541 559 1570; x_wconf 88' lang='lat' dir='ltr'><strong>non</strong></span> <span class='ocrx_word' id='word_1_189' title='bbox 573 1534 637 1569; x_wconf 86' lang='lat' dir='ltr'><strong>est</strong></span> <span class='ocrx_word' id='word_1_190' title='bbox 658 1540 710 1567; x_wconf 84' lang='lat' dir='ltr'><strong>ex</strong></span> <span class='ocrx_word' id='word_1_191' title='bbox 730 1539 774 1568; x_wconf 91' lang='grc'><strong>36</strong></span> <span class='ocrx_word' id='word_1_192' title='bbox 797 1525 890 1583; x_wconf 89' lang='lat' dir='ltr'><strong>ipso</strong></span> <span class='ocrx_word' id='word_1_193' title='bbox 905 1556 918 1578; x_wconf 90' lang='lat'><strong>,</strong></span> <span class='ocrx_word' id='word_1_194' title='bbox 942 1522 1020 1565; x_wconf 89' lang='lat' dir='ltr'><strong>sed</strong></span> <span class='ocrx_word' id='word_1_195' title='bbox 1040 1521 1171 1565; x_wconf 87' lang='lat' dir='ltr'><strong>Filius</strong></span> <span class='ocrx_word' id='word_1_196' title='bbox 1193 1530 1257 1565; x_wconf 89' lang='lat' dir='ltr'><strong>est</strong></span> <span class='ocrx_word' id='word_1_197' title='bbox 1280 1522 1433 1565; x_wconf 83' lang='lat' dir='ltr'><strong>Patris.</strong></span> 
     </span>
    </p>

    <p class='ocr_par' dir='ltr' id='par_1_3' title="bbox 347 1591 1804 2505">
     <span class='ocr_line' id='line_1_21' title="bbox 403 1591 1737 1641; baseline -0.003 -2"><span class='ocrx_word' id='word_1_198' title='bbox 403 1598 505 1641; x_wconf 82' lang='lat' dir='ltr'><strong>Vll.</strong></span> <span class='ocrx_word' id='word_1_199' title='bbox 533 1595 825 1641; x_wconf 86' lang='lat' dir='ltr'><strong>Sabellianam</strong></span> <span class='ocrx_word' id='word_1_200' title='bbox 850 1593 1047 1638; x_wconf 76' lang='lat' dir='ltr'><strong>haeresim</strong></span> <span class='ocrx_word' id='word_1_201' title='bbox 1078 1592 1292 1637; x_wconf 89' lang='lat' dir='ltr'><strong>sententia</strong></span> <span class='ocrx_word' id='word_1_202' title='bbox 1314 1593 1395 1636; x_wconf 87' lang='lat' dir='ltr'><strong>ista</strong></span> <span class='ocrx_word' id='word_1_203' title='bbox 1417 1591 1628 1637; x_wconf 85' lang='lat' dir='ltr'><strong>dissolvit.</strong></span> <span class='ocrx_word' id='word_1_204' title='bbox 1657 1593 1737 1635; x_wconf 88' lang='lat' dir='ltr'><strong>Sa-</strong></span> 
     </span>
     <span class='ocr_line' id='line_1_22' title="bbox 347 1662 1804 1723; baseline -0.003 -13"><span class='ocrx_word' id='word_1_205' title='bbox 347 1665 526 1710; x_wconf 80' lang='lat' dir='ltr'><strong>belliani</strong></span> <span class='ocrx_word' id='word_1_206' title='bbox 556 1668 673 1710; x_wconf 88' lang='lat' dir='ltr'><strong>enim</strong></span> <span class='ocrx_word' id='word_1_207' title='bbox 695 1666 839 1710; x_wconf 87' lang='lat' dir='ltr'><strong>dicere</strong></span> <span class='ocrx_word' id='word_1_208' title='bbox 863 1665 954 1709; x_wconf 86' lang='lat' dir='ltr'><strong>ausi</strong></span> <span class='ocrx_word' id='word_1_209' title='bbox 975 1673 1105 1720; x_wconf 87' lang='lat' dir='ltr'><strong>sunt,</strong></span> <span class='ocrx_word' id='word_1_210' title='bbox 1123 1664 1267 1723; x_wconf 89' lang='lat' dir='ltr'><strong>ipsum</strong></span> <span class='ocrx_word' id='word_1_211' title='bbox 1289 1678 1378 1707; x_wconf 85' lang='lat' dir='ltr'><strong>esse</strong></span> <span class='ocrx_word' id='word_1_212' title='bbox 1400 1663 1557 1706; x_wconf 86' lang='lat' dir='ltr'><strong>Filium</strong></span> <span class='ocrx_word' id='word_1_213' title='bbox 1578 1662 1655 1721; x_wconf 87' lang='lat' dir='ltr'><strong>qui</strong></span> <span class='ocrx_word' id='word_1_214' title='bbox 1675 1669 1739 1706; x_wconf 90' lang='lat' dir='ltr'><strong>est</strong></span> <span class='ocrx_word' id='word_1_215' title='bbox 1802 1714 1804 1717; x_wconf 18' lang='grc' dir='ltr'>ι</span> 
     </span>
     <span class='ocr_line' id='line_1_23' title="bbox 348 1732 1798 1796; baseline -0.004 -15"><span class='ocrx_word' id='word_1_216' title='bbox 348 1747 390 1782; x_wconf 90' lang='grc'><strong>61</strong></span> <span class='ocrx_word' id='word_1_217' title='bbox 413 1741 563 1796; x_wconf 70' lang='lat' dir='ltr'><strong>Pater,</strong></span> <span class='ocrx_word' id='word_1_218' title='bbox 587 1739 676 1782; x_wconf 86' lang='lat' dir='ltr'><strong>duo</strong></span> <span class='ocrx_word' id='word_1_219' title='bbox 698 1753 787 1782; x_wconf 86' lang='lat' dir='ltr'><strong>esse</strong></span> <span class='ocrx_word' id='word_1_220' title='bbox 809 1737 1012 1792; x_wconf 85' lang='lat' dir='ltr'><strong>nomina,</strong></span> <span class='ocrx_word' id='word_1_221' title='bbox 1030 1736 1107 1779; x_wconf 85' lang='lat' dir='ltr'><strong>sed</strong></span> <span class='ocrx_word' id='word_1_222' title='bbox 1134 1749 1269 1779; x_wconf 87' lang='lat' dir='ltr'><strong>unam</strong></span> <span class='ocrx_word' id='word_1_223' title='bbox 1289 1750 1397 1778; x_wconf 86' lang='lat' dir='ltr'><strong>rem.</strong></span> <span class='ocrx_word' id='word_1_224' title='bbox 1424 1735 1466 1779; x_wconf 87' lang='lat' dir='ltr'><strong>Si</strong></span> <span class='ocrx_word' id='word_1_225' title='bbox 1488 1735 1577 1777; x_wconf 89' lang='lat' dir='ltr'><strong>duo</strong></span> <span class='ocrx_word' id='word_1_226' title='bbox 1599 1740 1740 1776; x_wconf 89' lang='lat' dir='ltr'><strong>essent</strong></span> <span class='ocrx_word' id='word_1_227' title='bbox 1797 1732 1798 1754; x_wconf 71' lang='lat'><em>³</em></span> 
     </span>
     <span class='ocr_line' id='line_1_24' title="bbox 349 1804 1798 1864; baseline -0.004 -12"><span class='ocrx_word' id='word_1_228' title='bbox 349 1809 549 1864; x_wconf 84' lang='lat' dir='ltr'><strong>nomina,</strong></span> <span class='ocrx_word' id='word_1_229' title='bbox 570 1820 610 1852; x_wconf 87' lang='lat' dir='ltr'><strong>et</strong></span> <span class='ocrx_word' id='word_1_230' title='bbox 631 1822 697 1851; x_wconf 88' lang='lat' dir='ltr'><strong>res</strong></span> <span class='ocrx_word' id='word_1_231' title='bbox 727 1824 837 1862; x_wconf 86' lang='lat' dir='ltr'><strong>una,</strong></span> <span class='ocrx_word' id='word_1_232' title='bbox 871 1822 962 1849; x_wconf 89' lang='lat' dir='ltr'><strong>non</strong></span> <span class='ocrx_word' id='word_1_233' title='bbox 993 1807 1235 1861; x_wconf 85' lang='lat' dir='ltr'><strong>diceretur,</strong></span> <span class='ocrx_word' id='word_1_234' title='bbox 1261 1824 1282 1847; x_wconf 85' lang='lat'>«</span> <span class='ocrx_word' id='word_1_235' title='bbox 1309 1808 1408 1850; x_wconf 85' lang='lat' dir='ltr'><strong>Mea</strong></span> <span class='ocrx_word' id='word_1_236' title='bbox 1430 1804 1629 1849; x_wconf 77' lang='lat' dir='ltr'><strong>doctrina</strong></span> <span class='ocrx_word' id='word_1_237' title='bbox 1651 1817 1742 1847; x_wconf 91' lang='lat' dir='ltr'><strong>non</strong></span> <span class='ocrx_word' id='word_1_238' title='bbox 1797 1826 1798 1836; x_wconf 43' lang='lat'>¹</span> 
     </span>
     <span class='ocr_line' id='line_1_25' title="bbox 352 1873 1800 1938; baseline -0.003 -18"><span class='ocrx_word' id='word_1_239' title='bbox 352 1897 374 1921; x_wconf 87' lang='lat'>»</span> <span class='ocrx_word' id='word_1_240' title='bbox 409 1889 473 1923; x_wconf 88' lang='lat' dir='ltr'><strong>est</strong></span> <span class='ocrx_word' id='word_1_241' title='bbox 485 1894 597 1923; x_wconf 84' lang='lat' dir='ltr'><strong>mea.</strong></span> <span class='ocrx_word' id='word_1_242' title='bbox 612 1896 631 1920; x_wconf 91' lang='lat'>»</span> <span class='ocrx_word' id='word_1_243' title='bbox 652 1879 811 1938; x_wconf 82' lang='lat' dir='ltr'><strong>Utique</strong></span> <span class='ocrx_word' id='word_1_244' title='bbox 829 1877 864 1920; x_wconf 89' lang='lat' dir='ltr'><strong>si</strong></span> <span class='ocrx_word' id='word_1_245' title='bbox 878 1885 954 1919; x_wconf 89' lang='lat' dir='ltr'><strong>tua</strong></span> <span class='ocrx_word' id='word_1_246' title='bbox 971 1877 1169 1919; x_wconf 87' lang='lat' dir='ltr'><strong>doctrina</strong></span> <span class='ocrx_word' id='word_1_247' title='bbox 1187 1891 1277 1919; x_wconf 87' lang='lat' dir='ltr'><strong>non</strong></span> <span class='ocrx_word' id='word_1_248' title='bbox 1294 1886 1357 1919; x_wconf 89' lang='lat' dir='ltr'><strong>est</strong></span> <span class='ocrx_word' id='word_1_249' title='bbox 1379 1886 1470 1931; x_wconf 86' lang='lat' dir='ltr'><strong>tua,</strong></span> <span class='ocrx_word' id='word_1_250' title='bbox 1491 1891 1516 1919; x_wconf 92' lang='grc'><strong>0</strong></span> <span class='ocrx_word' id='word_1_251' title='bbox 1539 1874 1740 1929; x_wconf 85' lang='lat' dir='ltr'><strong>Domine,</strong></span> <span class='ocrx_word' id='word_1_252' title='bbox 1797 1873 1800 1924; x_wconf 45' lang='grc' dir='ltr'><strong>ἦ</strong></span> 
     </span>
     <span class='ocr_line' id='line_1_26' title="bbox 350 1943 1798 2011; baseline -0.007 -15"><span class='ocrx_word' id='word_1_253' title='bbox 350 1953 472 2011; x_wconf 84' lang='lat' dir='ltr'><strong>cujus</strong></span> <span class='ocrx_word' id='word_1_254' title='bbox 494 1960 585 2007; x_wconf 90' lang='lat' dir='ltr'><strong>est,</strong></span> <span class='ocrx_word' id='word_1_255' title='bbox 609 1951 691 1995; x_wconf 88' lang='lat' dir='ltr'><strong>nisi</strong></span> <span class='ocrx_word' id='word_1_256' title='bbox 709 1951 817 1993; x_wconf 87' lang='lat' dir='ltr'><strong>alius</strong></span> <span class='ocrx_word' id='word_1_257' title='bbox 834 1950 889 1992; x_wconf 84' lang='lat' dir='ltr'><strong>sit</strong></span> <span class='ocrx_word' id='word_1_258' title='bbox 903 1948 1027 2007; x_wconf 83' lang='lat' dir='ltr'><strong>cujus</strong></span> <span class='ocrx_word' id='word_1_259' title='bbox 1048 1948 1132 1989; x_wconf 78' lang='lat' dir='ltr'><strong>siti&#39;</strong></span> <span class='ocrx_word' id='word_1_260' title='bbox 1155 1949 1284 1998; x_wconf 86' lang='lat' dir='ltr'><strong>Quod</strong></span> <span class='ocrx_word' id='word_1_261' title='bbox 1309 1946 1476 2000; x_wconf 80' lang='lat' dir='ltr'><strong>dixisti,</strong></span> <span class='ocrx_word' id='word_1_262' title='bbox 1504 1943 1741 1989; x_wconf 70' lang='lat' dir='ltr'><strong>Sabelliani</strong></span> <span class='ocrx_word' id='word_1_263' title='bbox 1797 1960 1798 1964; x_wconf 51' lang='lat'>¹</span> 
     </span>
     <span class='ocr_line' id='line_1_27' title="bbox 350 2014 1799 2082; baseline -0.006 -15"><span class='ocrx_word' id='word_1_264' title='bbox 350 2015 440 2068; x_wconf 86' lang='grc'><strong>11011</strong></span> <span class='ocrx_word' id='word_1_265' title='bbox 462 2023 714 2082; x_wconf 83' lang='lat' dir='ltr'><strong>intelligunt</strong></span> <span class='ocrx_word' id='word_1_266' title='bbox 734 2041 743 2067; x_wconf 73' lang='grc' dir='ltr'>ς</span> <span class='ocrx_word' id='word_1_267' title='bbox 776 2036 867 2065; x_wconf 88' lang='grc'><strong>11011</strong></span> <span class='ocrx_word' id='word_1_268' title='bbox 893 2020 1010 2063; x_wconf 84' lang='grc'><strong>6111111</strong></span> <span class='ocrx_word' id='word_1_269' title='bbox 1042 2018 1296 2061; x_wconf 70' lang='lat' dir='ltr'><strong>Trinitatem</strong></span> <span class='ocrx_word' id='word_1_270' title='bbox 1319 2018 1551 2073; x_wconf 87' lang='lat' dir='ltr'><strong>viderunt,</strong></span> <span class='ocrx_word' id='word_1_271' title='bbox 1576 2016 1652 2060; x_wconf 87' lang='lat' dir='ltr'><strong>sed</strong></span> <span class='ocrx_word' id='word_1_272' title='bbox 1675 2014 1742 2058; x_wconf 84' lang='lat' dir='ltr'><strong>sui</strong></span> <span class='ocrx_word' id='word_1_273' title='bbox 1798 2019 1799 2023; x_wconf 77' lang='grc'>’</span> 
     </span>
     <span class='ocr_line' id='line_1_28' title="bbox 354 2087 1742 2141; baseline -0.007 -2"><span class='ocrx_word' id='word_1_274' title='bbox 354 2095 495 2141; x_wconf 81' lang='lat' dir='ltr'><strong>cordis</strong></span> <span class='ocrx_word' id='word_1_275' title='bbox 513 2109 704 2139; x_wconf 88' lang='lat' dir='ltr'><strong>errorem</strong></span> <span class='ocrx_word' id='word_1_276' title='bbox 725 2093 863 2137; x_wconf 89' lang='lat' dir='ltr'><strong>secuti</strong></span> <span class='ocrx_word' id='word_1_277' title='bbox 883 2099 1000 2136; x_wconf 83' lang='lat' dir='ltr'><strong>sunt.</strong></span> <span class='ocrx_word' id='word_1_278' title='bbox 1020 2091 1106 2135; x_wconf 83' lang='lat' dir='ltr'><strong>Nos</strong></span> <span class='ocrx_word' id='word_1_279' title='bbox 1127 2089 1315 2133; x_wconf 86' lang='lat' dir='ltr'><strong>cultores</strong></span> <span class='ocrx_word' id='word_1_280' title='bbox 1338 2088 1559 2132; x_wconf 77' lang='lat' dir='ltr'><strong>Trinitatis</strong></span> <span class='ocrx_word' id='word_1_281' title='bbox 1575 2096 1619 2132; x_wconf 85' lang='lat' dir='ltr'><strong>et</strong></span> <span class='ocrx_word' id='word_1_282' title='bbox 1640 2087 1742 2130; x_wconf 91' lang='lat' dir='ltr'><strong>uni-</strong></span> 
     </span>
     <span class='ocr_line' id='line_1_29' title="bbox 352 2156 1799 2223; baseline -0.008 -12"><span class='ocrx_word' id='word_1_283' title='bbox 352 2168 451 2211; x_wconf 86' lang='lat' dir='ltr'><strong>tatis</strong></span> <span class='ocrx_word' id='word_1_284' title='bbox 475 2169 610 2211; x_wconf 86' lang='lat' dir='ltr'><strong>Patris</strong></span> <span class='ocrx_word' id='word_1_285' title='bbox 630 2176 675 2212; x_wconf 82' lang='grc'><strong>61</strong></span> <span class='ocrx_word' id='word_1_286' title='bbox 696 2164 795 2210; x_wconf 82' lang='lat' dir='ltr'><strong>Filii</strong></span> <span class='ocrx_word' id='word_1_287' title='bbox 816 2173 859 2209; x_wconf 85' lang='lat' dir='ltr'><strong>et</strong></span> <span class='ocrx_word' id='word_1_288' title='bbox 889 2163 1072 2223; x_wconf 83' lang='lat' dir='ltr'><strong>Spiritus</strong></span> <span class='ocrx_word' id='word_1_289' title='bbox 1091 2162 1249 2217; x_wconf 87' lang='lat' dir='ltr'><strong>sancti,</strong></span> <span class='ocrx_word' id='word_1_290' title='bbox 1274 2170 1319 2204; x_wconf 91' lang='lat' dir='ltr'><strong>et</strong></span> <span class='ocrx_word' id='word_1_291' title='bbox 1336 2161 1465 2204; x_wconf 90' lang='lat' dir='ltr'><strong>unius</strong></span> <span class='ocrx_word' id='word_1_292' title='bbox 1483 2160 1588 2215; x_wconf 87' lang='lat' dir='ltr'><strong>Dei,</strong></span> <span class='ocrx_word' id='word_1_293' title='bbox 1606 2156 1743 2201; x_wconf 89' lang='lat' dir='ltr'><strong>intel-</strong></span> <span class='ocrx_word' id='word_1_294' title='bbox 1798 2217 1799 2221; x_wconf 9' lang='grc' dir='ltr'><strong>Ἰ</strong></span> 
     </span>
     <span class='ocr_line' id='line_1_30' title="bbox 355 2231 1746 2298; baseline -0.006 -16"><span class='ocrx_word' id='word_1_295' title='bbox 355 2239 541 2298; x_wconf 84' lang='lat' dir='ltr'><strong>ligamus</strong></span> <span class='ocrx_word' id='word_1_296' title='bbox 575 2242 629 2283; x_wconf 89' lang='lat' dir='ltr'><strong>de</strong></span> <span class='ocrx_word' id='word_1_297' title='bbox 663 2238 861 2283; x_wconf 87' lang='lat' dir='ltr'><strong>doctrina</strong></span> <span class='ocrx_word' id='word_1_298' title='bbox 895 2235 1056 2282; x_wconf 86' lang='lat' dir='ltr'><strong>Christi</strong></span> <span class='ocrx_word' id='word_1_299' title='bbox 1073 2268 1084 2291; x_wconf 95' lang='lat'><strong>,</strong></span> <span class='ocrx_word' id='word_1_300' title='bbox 1120 2234 1330 2294; x_wconf 89' lang='lat' dir='ltr'><strong>quoniam</strong></span> <span class='ocrx_word' id='word_1_301' title='bbox 1363 2247 1454 2277; x_wconf 90' lang='lat' dir='ltr'><strong>non</strong></span> <span class='ocrx_word' id='word_1_302' title='bbox 1475 2240 1539 2275; x_wconf 88' lang='lat' dir='ltr'><strong>est</strong></span> <span class='ocrx_word' id='word_1_303' title='bbox 1554 2231 1661 2291; x_wconf 74' lang='lat' dir='ltr'><strong>ejus·</strong></span> <span class='ocrx_word' id='word_1_304' title='bbox 1686 2231 1746 2274; x_wconf 87' lang='lat' dir='ltr'><strong>Et</strong></span> 
     </span>
     <span class='ocr_line' id='line_1_31' title="bbox 358 2300 1799 2367; baseline -0.006 -14"><span class='ocrx_word' id='word_1_305' title='bbox 358 2310 458 2354; x_wconf 89' lang='lat' dir='ltr'><strong>ideo</strong></span> <span class='ocrx_word' id='word_1_306' title='bbox 481 2310 588 2355; x_wconf 75' lang='lat' dir='ltr'><strong>dixit</strong></span> <span class='ocrx_word' id='word_1_307' title='bbox 608 2326 699 2355; x_wconf 90' lang='lat' dir='ltr'><strong>non</strong></span> <span class='ocrx_word' id='word_1_308' title='bbox 720 2325 764 2354; x_wconf 89' lang='grc'><strong>36</strong></span> <span class='ocrx_word' id='word_1_309' title='bbox 785 2325 809 2353; x_wconf 82' lang='grc'><strong>3</strong></span> <span class='ocrx_word' id='word_1_310' title='bbox 825 2323 868 2352; x_wconf 86' lang='grc'><strong>36</strong></span> <span class='ocrx_word' id='word_1_311' title='bbox 888 2308 981 2367; x_wconf 87' lang='lat' dir='ltr'><strong>ipso</strong></span> <span class='ocrx_word' id='word_1_312' title='bbox 997 2306 1143 2366; x_wconf 74' lang='lat' dir='ltr'><strong>loqui,</strong></span> <span class='ocrx_word' id='word_1_313' title='bbox 1158 2306 1366 2365; x_wconf 82' lang='lat' dir='ltr'><strong>quoniam</strong></span> <span class='ocrx_word' id='word_1_314' title='bbox 1387 2303 1584 2349; x_wconf 89' lang='lat' dir='ltr'><strong>Christus</strong></span> <span class='ocrx_word' id='word_1_315' title='bbox 1606 2300 1745 2345; x_wconf 84' lang='lat' dir='ltr'><strong>Patris</strong></span> <span class='ocrx_word' id='word_1_316' title='bbox 1798 2347 1799 2350; x_wconf 50' lang='lat'><strong>,</strong></span> 
     </span>
     <span class='ocr_line' id='line_1_32' title="bbox 359 2374 1747 2439; baseline -0.007 -14"><span class='ocrx_word' id='word_1_317' title='bbox 359 2392 424 2426; x_wconf 84' lang='lat' dir='ltr'><strong>est</strong></span> <span class='ocrx_word' id='word_1_318' title='bbox 439 2383 590 2439; x_wconf 86' lang='lat' dir='ltr'><strong>Filius,</strong></span> <span class='ocrx_word' id='word_1_319' title='bbox 614 2392 658 2427; x_wconf 88' lang='lat' dir='ltr'><strong>et</strong></span> <span class='ocrx_word' id='word_1_320' title='bbox 681 2386 807 2426; x_wconf 80' lang='lat' dir='ltr'><strong>Pater</strong></span> <span class='ocrx_word' id='word_1_321' title='bbox 828 2379 988 2426; x_wconf 82' lang='lat' dir='ltr'><strong>Christi</strong></span> <span class='ocrx_word' id='word_1_322' title='bbox 1013 2380 1242 2432; x_wconf 79' lang='lat' dir='ltr'><strong>estPater,</strong></span> <span class='ocrx_word' id='word_1_323' title='bbox 1258 2385 1302 2419; x_wconf 88' lang='lat' dir='ltr'><strong>et</strong></span> <span class='ocrx_word' id='word_1_324' title='bbox 1323 2374 1457 2419; x_wconf 86' lang='lat' dir='ltr'><strong>Filius</strong></span> <span class='ocrx_word' id='word_1_325' title='bbox 1474 2374 1529 2419; x_wconf 87' lang='lat' dir='ltr'><strong>de</strong></span> <span class='ocrx_word' id='word_1_326' title='bbox 1551 2377 1640 2418; x_wconf 87' lang='lat' dir='ltr'><strong>Deo</strong></span> <span class='ocrx_word' id='word_1_327' title='bbox 1663 2375 1747 2415; x_wconf 87' lang='lat' dir='ltr'><strong>Pa·</strong></span> 
     </span>
     <span class='ocr_line' id='line_1_33' title="bbox 362 2446 1804 2505; baseline -0.008 -8"><span class='ocrx_word' id='word_1_328' title='bbox 362 2463 427 2497; x_wconf 83' lang='lat' dir='ltr'><strong>tre</strong></span> <span class='ocrx_word' id='word_1_329' title='bbox 441 2458 555 2499; x_wconf 86' lang='lat' dir='ltr'><strong>Deus</strong></span> <span class='ocrx_word' id='word_1_330' title='bbox 568 2463 633 2498; x_wconf 87' lang='lat' dir='ltr'><strong>est</strong></span> <span class='ocrx_word' id='word_1_331' title='bbox 649 2472 659 2499; x_wconf 77' lang='lat' dir='ltr'>z</span> <span class='ocrx_word' id='word_1_332' title='bbox 676 2457 801 2498; x_wconf 85' lang='lat' dir='ltr'><strong>Pater</strong></span> <span class='ocrx_word' id='word_1_333' title='bbox 819 2461 966 2496; x_wconf 82' lang='lat' dir='ltr'><strong>autem</strong></span> <span class='ocrx_word' id='word_1_334' title='bbox 983 2453 1114 2505; x_wconf 84' lang='lat' dir='ltr'><strong>Deus,</strong></span> <span class='ocrx_word' id='word_1_335' title='bbox 1127 2463 1218 2493; x_wconf 89' lang='lat' dir='ltr'><strong>non</strong></span> <span class='ocrx_word' id='word_1_336' title='bbox 1234 2447 1289 2492; x_wconf 85' lang='lat' dir='ltr'><strong>de</strong></span> <span class='ocrx_word' id='word_1_337' title='bbox 1302 2446 1407 2492; x_wconf 92' lang='lat' dir='ltr'><strong>Filio</strong></span> <span class='ocrx_word' id='word_1_338' title='bbox 1423 2449 1514 2491; x_wconf 88' lang='lat' dir='ltr'><strong>Deo</strong></span> <span class='ocrx_word' id='word_1_339' title='bbox 1538 2447 1650 2489; x_wconf 84' lang='lat' dir='ltr'><strong>Deus</strong></span> <span class='ocrx_word' id='word_1_340' title='bbox 1665 2450 1743 2487; x_wconf 88' lang='lat' dir='ltr'><strong>est.</strong></span> <span class='ocrx_word' id='word_1_341' title='bbox 1802 2446 1804 2450; x_wconf 70' lang='grc'><strong>“</strong></span> 
     </span>
    </p>
   </div>
   <div class='ocr_carea' id='block_1_3' title="bbox 412 2533 1281 2581">
    <p class='ocr_par' dir='ltr' id='par_1_4' title="bbox 412 2533 1281 2581">
     <span class='ocr_line' id='line_1_34' title="bbox 412 2533 1281 2581; baseline -0.008 -9"><span class='ocrx_word' id='word_1_342' title='bbox 412 2545 420 2562; x_wconf 87' lang='lat'><em>¹</em></span> <span class='ocrx_word' id='word_1_343' title='bbox 444 2543 534 2572; x_wconf 78' lang='lat' dir='ltr'><strong>Joan.</strong></span> <span class='ocrx_word' id='word_1_344' title='bbox 554 2550 600 2581; x_wconf 83' lang='lat' dir='ltr'><strong>vi,</strong></span> <span class='ocrx_word' id='word_1_345' title='bbox 614 2547 668 2581; x_wconf 85' lang='lat'><strong>29.</strong></span> <span class='ocrx_word' id='word_1_346' title='bbox 688 2554 729 2561; x_wconf 89' lang='lat'><strong>—</strong></span> <span class='ocrx_word' id='word_1_347' title='bbox 748 2545 760 2561; x_wconf 83' lang='lat'>²</span> <span class='ocrx_word' id='word_1_348' title='bbox 783 2539 876 2571; x_wconf 80' lang='lat' dir='ltr'><strong>Rom.</strong></span> <span class='ocrx_word' id='word_1_349' title='bbox 896 2547 944 2578; x_wconf 80' lang='lat' dir='ltr'><strong>iv,</strong></span> <span class='ocrx_word' id='word_1_350' title='bbox 959 2534 992 2568; x_wconf 86' lang='lat'><strong>5.</strong></span> <span class='ocrx_word' id='word_1_351' title='bbox 1014 2549 1053 2559; x_wconf 76' lang='lat'><strong>-·</strong></span> <span class='ocrx_word' id='word_1_352' title='bbox 1076 2533 1089 2557; x_wconf 82' lang='lat'>3</span> <span class='ocrx_word' id='word_1_353' title='bbox 1108 2533 1175 2567; x_wconf 85' lang='lat' dir='ltr'><strong>Gal.</strong></span> <span class='ocrx_word' id='word_1_354' title='bbox 1196 2541 1230 2574; x_wconf 76' lang='lat' dir='ltr'><strong>v,</strong></span> <span class='ocrx_word' id='word_1_355' title='bbox 1248 2533 1281 2564; x_wconf 83' lang='lat'><strong>6.</strong></span> 
     </span>
    </p>
   </div>
   <div class='ocr_carea' id='block_1_4' title="bbox 1791 1712 1809 3173">
    <p class='ocr_par' dir='ltr' id='par_1_5' title="bbox 1791 1712 1809 3173">
     <span class='ocr_line' id='line_1_35' title="bbox 1791 1712 1809 3173; baseline 0 0"><span class='ocrx_word' id='word_1_356' title='bbox 1791 1712 1809 3173; x_wconf 95' lang='lat' dir='ltr'><strong> </strong></span> 
     </span>
    </p>
   </div>
  </div>
 </body>
</html>
