<?xml version="1.0" encoding="UTF-8"?>
<!DOCTYPE html PUBLIC "-//W3C//DTD XHTML 1.0 Transitional//EN"
    "http://www.w3.org/TR/xhtml1/DTD/xhtml1-transitional.dtd">
<html xmlns="http://www.w3.org/1999/xhtml" xml:lang="en" lang="en">
 <head>
  <title>
</title>
<meta http-equiv="Content-Type" content="text/html;charset=utf-8" />
  <meta name='ocr-system' content='tesseract 3.04.00' />
  <meta name='ocr-capabilities' content='ocr_page ocr_carea ocr_par ocr_line ocrx_word'/>
</head>
<body>
  <div class='ocr_page' id='page_1' title='image "./operaomniaaccura15auguuoft_0062.png"; bbox 0 0 1809 3173; ppageno 0'>
   <div class='ocr_carea' id='block_1_1' title="bbox 323 199 1256 235">
    <p class='ocr_par' dir='ltr' id='par_1_1' title="bbox 323 199 1256 235">
     <span class='ocr_line' id='line_1_1' title="bbox 323 199 1256 235; baseline -0.001 0"><span class='ocrx_word' id='word_1_1' title='bbox 323 199 376 235; x_wconf 76' lang='lat'>52</span> <span class='ocrx_word' id='word_1_2' title='bbox 743 204 776 233; x_wconf 86' lang='lat' dir='ltr'>s.</span> <span class='ocrx_word' id='word_1_3' title='bbox 813 203 1043 234; x_wconf 72' lang='lat' dir='ltr'><strong>AUGUSTINI</strong></span> <span class='ocrx_word' id='word_1_4' title='bbox 1076 206 1256 234; x_wconf 70' lang='lat' dir='ltr'>Er1sco1‘1</span> 
     </span>
    </p>
   </div>
   <div class='ocr_carea' id='block_1_2' title="bbox 311 271 1707 2460">
    <p class='ocr_par' dir='ltr' id='par_1_2' title="bbox 311 271 1704 1464">
     <span class='ocr_line' id='line_1_2' title="bbox 317 271 1698 331; baseline -0.001 -14"><span class='ocrx_word' id='word_1_5' title='bbox 317 281 438 317; x_wconf 87' lang='lat' dir='ltr'>crant</span> <span class='ocrx_word' id='word_1_6' title='bbox 464 290 472 316; x_wconf 74' lang='grc' dir='ltr'>ε</span> <span class='ocrx_word' id='word_1_7' title='bbox 501 272 740 316; x_wconf 83' lang='lat' dir='ltr'>adorabant</span> <span class='ocrx_word' id='word_1_8' title='bbox 762 272 877 316; x_wconf 91' lang='lat' dir='ltr'>enim</span> <span class='ocrx_word' id='word_1_9' title='bbox 913 271 1125 316; x_wconf 87' lang='lat' dir='ltr'>insensata</span> <span class='ocrx_word' id='word_1_10' title='bbox 1158 271 1411 327; x_wconf 83' lang='lat' dir='ltr'>simulacra,</span> <span class='ocrx_word' id='word_1_11' title='bbox 1437 272 1596 331; x_wconf 86' lang='lat' dir='ltr'>pariter</span> <span class='ocrx_word' id='word_1_12' title='bbox 1628 272 1698 315; x_wconf 86' lang='lat' dir='ltr'>in-</span> 
     </span>
     <span class='ocr_line' id='line_1_3' title="bbox 314 342 1695 396; baseline 0 -9"><span class='ocrx_word' id='word_1_13' title='bbox 314 343 484 387; x_wconf 78' lang='lat' dir='ltr'><strong>sensati.</strong></span> <span class='ocrx_word' id='word_1_14' title='bbox 526 342 651 387; x_wconf 85' lang='lat' dir='ltr'>Unde</span> <span class='ocrx_word' id='word_1_15' title='bbox 689 343 926 387; x_wconf 71' lang='lat' dir='ltr'>insensati?</span> <span class='ocrx_word' id='word_1_16' title='bbox 954 344 1170 396; x_wconf 81' lang='lat' dir='ltr'>Quoniam</span> <span class='ocrx_word' id='word_1_17' title='bbox 1203 344 1247 387; x_wconf 92' lang='lat' dir='ltr'>in</span> <span class='ocrx_word' id='word_1_18' title='bbox 1279 342 1448 387; x_wconf 81' lang='lat' dir='ltr'>Psalmo</span> <span class='ocrx_word' id='word_1_19' title='bbox 1489 342 1650 386; x_wconf 88' lang='lat' dir='ltr'>dicitur</span> <span class='ocrx_word' id='word_1_20' title='bbox 1687 362 1695 387; x_wconf 89' lang='lat'>:</span> 
     </span>
     <span class='ocr_line' id='line_1_4' title="bbox 318 411 1700 473; baseline 0 -18"><span class='ocrx_word' id='word_1_21' title='bbox 318 433 338 456; x_wconf 88' lang='lat'>«</span> <span class='ocrx_word' id='word_1_22' title='bbox 375 412 542 458; x_wconf 84' lang='lat' dir='ltr'><strong>Similes</strong></span> <span class='ocrx_word' id='word_1_23' title='bbox 564 411 646 456; x_wconf 91' lang='lat' dir='ltr'>illis</span> <span class='ocrx_word' id='word_1_24' title='bbox 680 413 787 457; x_wconf 90' lang='lat' dir='ltr'>fiant</span> <span class='ocrx_word' id='word_1_25' title='bbox 813 413 887 473; x_wconf 89' lang='lat' dir='ltr'>qui</span> <span class='ocrx_word' id='word_1_26' title='bbox 917 411 1084 456; x_wconf 72' lang='lat' dir='ltr'>iaciunt</span> <span class='ocrx_word' id='word_1_27' title='bbox 1104 428 1177 468; x_wconf 78' lang='lat' dir='ltr'>ea,</span> <span class='ocrx_word' id='word_1_28' title='bbox 1204 423 1246 458; x_wconf 90' lang='lat' dir='ltr'>et</span> <span class='ocrx_word' id='word_1_29' title='bbox 1274 428 1424 458; x_wconf 90' lang='lat' dir='ltr'>omnes</span> <span class='ocrx_word' id='word_1_30' title='bbox 1457 413 1532 473; x_wconf 83' lang='lat' dir='ltr'>qui</span> <span class='ocrx_word' id='word_1_31' title='bbox 1564 413 1700 457; x_wconf 87' lang='lat' dir='ltr'>confi-</span> 
     </span>
     <span class='ocr_line' id='line_1_5' title="bbox 316 482 1702 543; baseline 0.004 -20"><span class='ocrx_word' id='word_1_32' title='bbox 316 501 336 524; x_wconf 86' lang='lat'>»</span> <span class='ocrx_word' id='word_1_33' title='bbox 372 482 484 527; x_wconf 91' lang='lat' dir='ltr'>dunt</span> <span class='ocrx_word' id='word_1_34' title='bbox 505 483 552 527; x_wconf 90' lang='lat' dir='ltr'>in</span> <span class='ocrx_word' id='word_1_35' title='bbox 569 483 627 527; x_wconf 88' lang='lat' dir='ltr'>eis</span> <span class='ocrx_word' id='word_1_36' title='bbox 644 485 673 527; x_wconf 86' lang='lat'>¹.</span> <span class='ocrx_word' id='word_1_37' title='bbox 703 502 722 524; x_wconf 91' lang='lat'>»</span> <span class='ocrx_word' id='word_1_38' title='bbox 751 482 854 527; x_wconf 90' lang='lat' dir='ltr'>Ideo</span> <span class='ocrx_word' id='word_1_39' title='bbox 872 499 971 527; x_wconf 89' lang='lat' dir='ltr'>cum</span> <span class='ocrx_word' id='word_1_40' title='bbox 986 485 1202 543; x_wconf 85' lang='lat' dir='ltr'>coeperint</span> <span class='ocrx_word' id='word_1_41' title='bbox 1222 484 1420 529; x_wconf 89' lang='lat' dir='ltr'>homines</span> <span class='ocrx_word' id='word_1_42' title='bbox 1439 488 1577 529; x_wconf 91' lang='lat' dir='ltr'>Deum</span> <span class='ocrx_word' id='word_1_43' title='bbox 1595 483 1702 528; x_wconf 88' lang='lat' dir='ltr'>ado-</span> 
     </span>
     <span class='ocr_line' id='line_1_6' title="bbox 311 552 1701 616; baseline 0.001 -18"><span class='ocrx_word' id='word_1_44' title='bbox 311 569 420 610; x_wconf 85' lang='lat' dir='ltr'>rare,</span> <span class='ocrx_word' id='word_1_45' title='bbox 441 552 549 614; x_wconf 88' lang='lat' dir='ltr'>quid</span> <span class='ocrx_word' id='word_1_46' title='bbox 565 553 783 598; x_wconf 78' lang='lat' dir='ltr'>audiunt?</span> <span class='ocrx_word' id='word_1_47' title='bbox 799 555 880 598; x_wconf 80' lang='lat' dir='ltr'>«Ut</span> <span class='ocrx_word' id='word_1_48' title='bbox 896 554 985 598; x_wconf 91' lang='lat' dir='ltr'>sitis</span> <span class='ocrx_word' id='word_1_49' title='bbox 1008 554 1083 598; x_wconf 89' lang='lat' dir='ltr'>filii</span> <span class='ocrx_word' id='word_1_50' title='bbox 1102 554 1235 599; x_wconf 89' lang='lat' dir='ltr'>Patris</span> <span class='ocrx_word' id='word_1_51' title='bbox 1257 555 1403 610; x_wconf 85' lang='lat' dir='ltr'>vestri,</span> <span class='ocrx_word' id='word_1_52' title='bbox 1419 556 1498 616; x_wconf 89' lang='lat' dir='ltr'>qui</span> <span class='ocrx_word' id='word_1_53' title='bbox 1518 556 1561 599; x_wconf 89' lang='lat' dir='ltr'>in</span> <span class='ocrx_word' id='word_1_54' title='bbox 1579 555 1701 600; x_wconf 81' lang='lat' dir='ltr'>coelis</span> 
     </span>
     <span class='ocr_line' id='line_1_7' title="bbox 311 622 1698 685; baseline 0.001 -16"><span class='ocrx_word' id='word_1_55' title='bbox 311 634 396 680; x_wconf 85' lang='lat' dir='ltr'>est,</span> <span class='ocrx_word' id='word_1_56' title='bbox 420 625 497 685; x_wconf 92' lang='lat' dir='ltr'>qui</span> <span class='ocrx_word' id='word_1_57' title='bbox 533 624 667 669; x_wconf 92' lang='lat' dir='ltr'>solem</span> <span class='ocrx_word' id='word_1_58' title='bbox 704 639 833 669; x_wconf 90' lang='lat' dir='ltr'>suum</span> <span class='ocrx_word' id='word_1_59' title='bbox 866 622 969 669; x_wconf 69' lang='lat' dir='ltr'>lacit</span> <span class='ocrx_word' id='word_1_60' title='bbox 991 625 1092 669; x_wconf 89' lang='lat' dir='ltr'>oriri</span> <span class='ocrx_word' id='word_1_61' title='bbox 1125 640 1254 685; x_wconf 87' lang='lat' dir='ltr'>super</span> <span class='ocrx_word' id='word_1_62' title='bbox 1286 625 1423 670; x_wconf 89' lang='lat' dir='ltr'>bonos</span> <span class='ocrx_word' id='word_1_63' title='bbox 1458 635 1501 670; x_wconf 89' lang='lat' dir='ltr'>et</span> <span class='ocrx_word' id='word_1_64' title='bbox 1531 625 1698 683; x_wconf 81' lang='lat' dir='ltr'>malos3</span> 
     </span>
     <span class='ocr_line' id='line_1_8' title="bbox 312 695 1702 756; baseline -0.001 -16"><span class='ocrx_word' id='word_1_65' title='bbox 312 705 355 741; x_wconf 87' lang='lat' dir='ltr'>ct</span> <span class='ocrx_word' id='word_1_66' title='bbox 378 695 490 755; x_wconf 92' lang='lat' dir='ltr'>pluit</span> <span class='ocrx_word' id='word_1_67' title='bbox 524 710 652 754; x_wconf 84' lang='lat' dir='ltr'>super</span> <span class='ocrx_word' id='word_1_68' title='bbox 670 696 809 754; x_wconf 87' lang='lat' dir='ltr'>justos</span> <span class='ocrx_word' id='word_1_69' title='bbox 832 704 875 739; x_wconf 89' lang='lat' dir='ltr'>et</span> <span class='ocrx_word' id='word_1_70' title='bbox 901 695 1085 756; x_wconf 87' lang='lat' dir='ltr'>injustos</span> <span class='ocrx_word' id='word_1_71' title='bbox 1103 698 1136 739; x_wconf 79' lang='lat'>².</span> <span class='ocrx_word' id='word_1_72' title='bbox 1165 714 1184 737; x_wconf 88' lang='lat'>»</span> <span class='ocrx_word' id='word_1_73' title='bbox 1214 700 1484 756; x_wconf 80' lang='lat' dir='ltr'>Quapropter</span> <span class='ocrx_word' id='word_1_74' title='bbox 1517 696 1551 740; x_wconf 91' lang='lat' dir='ltr'>si</span> <span class='ocrx_word' id='word_1_75' title='bbox 1581 697 1620 740; x_wconf 89' lang='lat' dir='ltr'>ei</span> <span class='ocrx_word' id='word_1_76' title='bbox 1653 696 1702 740; x_wconf 87' lang='lat' dir='ltr'>fit</span> 
     </span>
     <span class='ocr_line' id='line_1_9' title="bbox 312 765 1701 826; baseline -0.001 -15"><span class='ocrx_word' id='word_1_77' title='bbox 312 768 445 811; x_wconf 88' lang='lat' dir='ltr'>homo</span> <span class='ocrx_word' id='word_1_78' title='bbox 461 765 608 809; x_wconf 88' lang='lat' dir='ltr'>similis</span> <span class='ocrx_word' id='word_1_79' title='bbox 630 781 761 825; x_wconf 88' lang='lat' dir='ltr'>quem</span> <span class='ocrx_word' id='word_1_80' title='bbox 783 765 935 810; x_wconf 90' lang='lat' dir='ltr'>adorat</span> <span class='ocrx_word' id='word_1_81' title='bbox 953 787 964 823; x_wconf 79' lang='lat'>3</span> <span class='ocrx_word' id='word_1_82' title='bbox 983 765 1091 826; x_wconf 89' lang='lat' dir='ltr'>quid</span> <span class='ocrx_word' id='word_1_83' title='bbox 1112 775 1190 821; x_wconf 87' lang='grc' dir='ltr'><strong>θεῖ,</strong></span> <span class='ocrx_word' id='word_1_84' title='bbox 1213 786 1234 809; x_wconf 85' lang='lat'>«</span> <span class='ocrx_word' id='word_1_85' title='bbox 1260 770 1417 812; x_wconf 90' lang='lat' dir='ltr'>Potens</span> <span class='ocrx_word' id='word_1_86' title='bbox 1440 777 1504 812; x_wconf 92' lang='lat' dir='ltr'>cst</span> <span class='ocrx_word' id='word_1_87' title='bbox 1519 771 1631 811; x_wconf 87' lang='lat' dir='ltr'>Deus</span> <span class='ocrx_word' id='word_1_88' title='bbox 1648 767 1701 811; x_wconf 91' lang='lat' dir='ltr'>dc</span> 
     </span>
     <span class='ocr_line' id='line_1_10' title="bbox 317 835 1703 898; baseline 0.002 -20"><span class='ocrx_word' id='word_1_89' title='bbox 317 856 337 878; x_wconf 87' lang='lat'>»</span> <span class='ocrx_word' id='word_1_90' title='bbox 354 837 573 897; x_wconf 83' lang='lat' dir='ltr'>lapidibus</span> <span class='ocrx_word' id='word_1_91' title='bbox 594 836 684 880; x_wconf 89' lang='lat' dir='ltr'>istis</span> <span class='ocrx_word' id='word_1_92' title='bbox 700 837 904 880; x_wconf 88' lang='lat' dir='ltr'>suscitare</span> <span class='ocrx_word' id='word_1_93' title='bbox 913 835 1023 880; x_wconf 86' lang='lat' dir='ltr'>filios</span> <span class='ocrx_word' id='word_1_94' title='bbox 1034 836 1252 880; x_wconf 82' lang='lat' dir='ltr'>Abrahae?</span> <span class='ocrx_word' id='word_1_95' title='bbox 1268 840 1380 883; x_wconf 86' lang='lat' dir='ltr'>»Nos</span> <span class='ocrx_word' id='word_1_96' title='bbox 1393 838 1508 898; x_wconf 91' lang='lat' dir='ltr'>ipsos</span> <span class='ocrx_word' id='word_1_97' title='bbox 1519 838 1703 882; x_wconf 87' lang='lat' dir='ltr'>interro-</span> 
     </span>
     <span class='ocr_line' id='line_1_11' title="bbox 314 906 1702 969; baseline 0.001 -18"><span class='ocrx_word' id='word_1_98' title='bbox 314 923 486 968; x_wconf 79' lang='lat' dir='ltr'>gemus,</span> <span class='ocrx_word' id='word_1_99' title='bbox 511 916 554 951; x_wconf 87' lang='lat' dir='ltr'>et</span> <span class='ocrx_word' id='word_1_100' title='bbox 572 907 769 951; x_wconf 88' lang='lat' dir='ltr'>videmus</span> <span class='ocrx_word' id='word_1_101' title='bbox 784 907 886 966; x_wconf 86' lang='lat' dir='ltr'>quia</span> <span class='ocrx_word' id='word_1_102' title='bbox 909 906 1074 951; x_wconf 87' lang='lat' dir='ltr'>factum</span> <span class='ocrx_word' id='word_1_103' title='bbox 1092 916 1169 951; x_wconf 86' lang='lat' dir='ltr'>est.</span> <span class='ocrx_word' id='word_1_104' title='bbox 1187 910 1273 953; x_wconf 94' lang='lat' dir='ltr'>Nos</span> <span class='ocrx_word' id='word_1_105' title='bbox 1290 909 1404 953; x_wconf 90' lang='lat' dir='ltr'>enim</span> <span class='ocrx_word' id='word_1_106' title='bbox 1422 909 1476 953; x_wconf 91' lang='lat' dir='ltr'>de</span> <span class='ocrx_word' id='word_1_107' title='bbox 1501 909 1702 969; x_wconf 83' lang='lat' dir='ltr'>gentibus</span> 
     </span>
     <span class='ocr_line' id='line_1_12' title="bbox 313 977 1703 1036; baseline 0.001 -14"><span class='ocrx_word' id='word_1_108' title='bbox 313 979 512 1023; x_wconf 87' lang='lat' dir='ltr'>venimus</span> <span class='ocrx_word' id='word_1_109' title='bbox 529 999 540 1036; x_wconf 75' lang='lat'>3</span> <span class='ocrx_word' id='word_1_110' title='bbox 556 977 610 1021; x_wconf 90' lang='lat' dir='ltr'>de</span> <span class='ocrx_word' id='word_1_111' title='bbox 633 977 835 1036; x_wconf 83' lang='lat' dir='ltr'>gentibus</span> <span class='ocrx_word' id='word_1_112' title='bbox 853 987 999 1022; x_wconf 87' lang='lat' dir='ltr'>autem</span> <span class='ocrx_word' id='word_1_113' title='bbox 1021 994 1110 1023; x_wconf 92' lang='lat' dir='ltr'>non</span> <span class='ocrx_word' id='word_1_114' title='bbox 1127 981 1395 1036; x_wconf 81' lang='lat' dir='ltr'>veniremus,</span> <span class='ocrx_word' id='word_1_115' title='bbox 1417 981 1497 1024; x_wconf 90' lang='lat' dir='ltr'>nisi</span> <span class='ocrx_word' id='word_1_116' title='bbox 1519 984 1630 1025; x_wconf 88' lang='lat' dir='ltr'>Deus</span> <span class='ocrx_word' id='word_1_117' title='bbox 1649 979 1703 1024; x_wconf 86' lang='lat' dir='ltr'>de</span> 
     </span>
     <span class='ocr_line' id='line_1_13' title="bbox 311 1046 1704 1108; baseline 0.001 -15"><span class='ocrx_word' id='word_1_118' title='bbox 311 1048 530 1108; x_wconf 83' lang='lat' dir='ltr'>lapidibus</span> <span class='ocrx_word' id='word_1_119' title='bbox 547 1048 793 1092; x_wconf 84' lang='lat' dir='ltr'>suscitasset</span> <span class='ocrx_word' id='word_1_120' title='bbox 812 1046 923 1092; x_wconf 89' lang='lat' dir='ltr'>filios</span> <span class='ocrx_word' id='word_1_121' title='bbox 946 1048 1152 1093; x_wconf 81' lang='lat' dir='ltr'>Abrahae.</span> <span class='ocrx_word' id='word_1_122' title='bbox 1168 1050 1289 1094; x_wconf 86' lang='lat' dir='ltr'>Facti</span> <span class='ocrx_word' id='word_1_123' title='bbox 1306 1065 1454 1094; x_wconf 90' lang='lat' dir='ltr'>sumus</span> <span class='ocrx_word' id='word_1_124' title='bbox 1472 1050 1549 1094; x_wconf 84' lang='lat' dir='ltr'>filii</span> <span class='ocrx_word' id='word_1_125' title='bbox 1566 1051 1704 1095; x_wconf 84' lang='lat' dir='ltr'>Abra-</span> 
     </span>
     <span class='ocr_line' id='line_1_14' title="bbox 312 1117 1704 1181; baseline 0.001 -17"><span class='ocrx_word' id='word_1_126' title='bbox 312 1120 388 1164; x_wconf 84' lang='lat' dir='ltr'>hae</span> <span class='ocrx_word' id='word_1_127' title='bbox 406 1118 617 1164; x_wconf 89' lang='lat' dir='ltr'>imitando</span> <span class='ocrx_word' id='word_1_128' title='bbox 650 1117 781 1162; x_wconf 87' lang='lat' dir='ltr'>fidem</span> <span class='ocrx_word' id='word_1_129' title='bbox 802 1153 813 1174; x_wconf 83' lang='lat'>,</span> <span class='ocrx_word' id='word_1_130' title='bbox 849 1134 939 1164; x_wconf 92' lang='lat' dir='ltr'>non</span> <span class='ocrx_word' id='word_1_131' title='bbox 975 1121 1194 1165; x_wconf 89' lang='lat' dir='ltr'>nascendo</span> <span class='ocrx_word' id='word_1_132' title='bbox 1226 1136 1304 1181; x_wconf 89' lang='lat' dir='ltr'>per</span> <span class='ocrx_word' id='word_1_133' title='bbox 1339 1123 1558 1166; x_wconf 41' lang='lat' dir='ltr'>carnem?</span> <span class='ocrx_word' id='word_1_134' title='bbox 1586 1122 1704 1167; x_wconf 87' lang='lat' dir='ltr'>Sicut</span> 
     </span>
     <span class='ocr_line' id='line_1_15' title="bbox 316 1189 1704 1250; baseline 0.003 -16"><span class='ocrx_word' id='word_1_135' title='bbox 316 1192 432 1235; x_wconf 89' lang='lat' dir='ltr'>enim</span> <span class='ocrx_word' id='word_1_136' title='bbox 474 1190 536 1234; x_wconf 88' lang='lat' dir='ltr'>illi</span> <span class='ocrx_word' id='word_1_137' title='bbox 574 1189 880 1250; x_wconf 85' lang='lat' dir='ltr'>degenerando</span> <span class='ocrx_word' id='word_1_138' title='bbox 925 1191 1186 1237; x_wconf 71' lang='lat' dir='ltr'>exhaeredati</span> <span class='ocrx_word' id='word_1_139' title='bbox 1216 1213 1225 1238; x_wconf 88' lang='grc'>;</span> <span class='ocrx_word' id='word_1_140' title='bbox 1263 1195 1322 1238; x_wconf 91' lang='lat' dir='ltr'>sic</span> <span class='ocrx_word' id='word_1_141' title='bbox 1364 1209 1442 1238; x_wconf 89' lang='lat' dir='ltr'>nos</span> <span class='ocrx_word' id='word_1_142' title='bbox 1492 1192 1704 1238; x_wconf 88' lang='lat' dir='ltr'>imitando</span> 
     </span>
     <span class='ocr_line' id='line_1_16' title="bbox 317 1260 1703 1324; baseline 0.001 -17"><span class='ocrx_word' id='word_1_143' title='bbox 317 1263 525 1322; x_wconf 86' lang='lat' dir='ltr'>adoptati.</span> <span class='ocrx_word' id='word_1_144' title='bbox 547 1264 677 1320; x_wconf 83' lang='lat' dir='ltr'>Ergo,</span> <span class='ocrx_word' id='word_1_145' title='bbox 698 1260 872 1318; x_wconf 85' lang='lat' dir='ltr'>fratres,</span> <span class='ocrx_word' id='word_1_146' title='bbox 899 1262 952 1306; x_wconf 86' lang='lat' dir='ltr'>ad</span> <span class='ocrx_word' id='word_1_147' title='bbox 975 1278 1124 1308; x_wconf 90' lang='lat' dir='ltr'>omnes</span> <span class='ocrx_word' id='word_1_148' title='bbox 1142 1273 1290 1323; x_wconf 78' lang='lat' dir='ltr'>gentes</span> <span class='ocrx_word' id='word_1_149' title='bbox 1313 1264 1559 1324; x_wconf 81' lang='lat' dir='ltr'>pertinebat</span> <span class='ocrx_word' id='word_1_150' title='bbox 1571 1265 1703 1308; x_wconf 85' lang='lat' dir='ltr'>etiam</span> 
     </span>
     <span class='ocr_line' id='line_1_17' title="bbox 316 1333 1704 1392; baseline 0.001 -14"><span class='ocrx_word' id='word_1_151' title='bbox 316 1335 395 1378; x_wconf 88' lang='lat' dir='ltr'>ista</span> <span class='ocrx_word' id='word_1_152' title='bbox 420 1342 550 1377; x_wconf 77' lang='lat' dir='ltr'>sextae</span> <span class='ocrx_word' id='word_1_153' title='bbox 572 1333 741 1390; x_wconf 83' lang='lat' dir='ltr'>hydriae</span> <span class='ocrx_word' id='word_1_154' title='bbox 759 1333 987 1392; x_wconf 89' lang='lat' dir='ltr'>prophetia</span> <span class='ocrx_word' id='word_1_155' title='bbox 1010 1355 1021 1392; x_wconf 76' lang='lat'><em>3</em></span> <span class='ocrx_word' id='word_1_156' title='bbox 1046 1343 1089 1378; x_wconf 89' lang='lat' dir='ltr'>et</span> <span class='ocrx_word' id='word_1_157' title='bbox 1110 1335 1210 1379; x_wconf 90' lang='lat' dir='ltr'>ideo</span> <span class='ocrx_word' id='word_1_158' title='bbox 1232 1334 1286 1379; x_wconf 83' lang='lat' dir='ltr'>de</span> <span class='ocrx_word' id='word_1_159' title='bbox 1306 1335 1507 1379; x_wconf 88' lang='lat' dir='ltr'>omnibus</span> <span class='ocrx_word' id='word_1_160' title='bbox 1537 1333 1704 1379; x_wconf 87' lang='lat' dir='ltr'>dictum</span> 
     </span>
     <span class='ocr_line' id='line_1_18' title="bbox 313 1406 1408 1464; baseline -0.002 -14"><span class='ocrx_word' id='word_1_161' title='bbox 313 1415 379 1451; x_wconf 88' lang='lat' dir='ltr'>est</span> <span class='ocrx_word' id='word_1_162' title='bbox 404 1425 412 1450; x_wconf 75' lang='grc' dir='ltr'><strong>ε</strong></span> <span class='ocrx_word' id='word_1_163' title='bbox 442 1425 461 1447; x_wconf 88' lang='lat'>«</span> <span class='ocrx_word' id='word_1_164' title='bbox 487 1406 715 1464; x_wconf 91' lang='lat' dir='ltr'>Capientes</span> <span class='ocrx_word' id='word_1_165' title='bbox 736 1414 939 1450; x_wconf 88' lang='lat' dir='ltr'>metretas</span> <span class='ocrx_word' id='word_1_166' title='bbox 967 1406 1090 1450; x_wconf 88' lang='lat' dir='ltr'>binas</span> <span class='ocrx_word' id='word_1_167' title='bbox 1110 1406 1179 1451; x_wconf 88' lang='lat' dir='ltr'>vel</span> <span class='ocrx_word' id='word_1_168' title='bbox 1201 1417 1358 1452; x_wconf 88' lang='lat' dir='ltr'>ternas.</span> <span class='ocrx_word' id='word_1_169' title='bbox 1388 1426 1408 1449; x_wconf 89' lang='lat'>»</span> 
     </span>
    </p>

    <p class='ocr_par' dir='ltr' id='par_1_3' title="bbox 314 1476 1707 2460">
     <span class='ocr_line' id='line_1_19' title="bbox 371 1476 1704 1538; baseline 0 -16"><span class='ocrx_word' id='word_1_170' title='bbox 371 1480 516 1522; x_wconf 90' lang='lat' dir='ltr'>XVII.</span> <span class='ocrx_word' id='word_1_171' title='bbox 535 1476 616 1521; x_wconf 85' lang='lat' dir='ltr'>Sed</span> <span class='ocrx_word' id='word_1_172' title='bbox 635 1476 858 1537; x_wconf 87' lang='lat' dir='ltr'>quomodo</span> <span class='ocrx_word' id='word_1_173' title='bbox 875 1477 1144 1522; x_wconf 88' lang='lat' dir='ltr'>ostendimus</span> <span class='ocrx_word' id='word_1_174' title='bbox 1159 1494 1308 1523; x_wconf 88' lang='lat' dir='ltr'>omnes</span> <span class='ocrx_word' id='word_1_175' title='bbox 1327 1488 1475 1538; x_wconf 83' lang='lat' dir='ltr'>gentes</span> <span class='ocrx_word' id='word_1_176' title='bbox 1488 1478 1704 1537; x_wconf 87' lang='lat' dir='ltr'>pertinere</span> 
     </span>
     <span class='ocr_line' id='line_1_20' title="bbox 315 1546 1706 1609; baseline 0 -16"><span class='ocrx_word' id='word_1_177' title='bbox 315 1548 371 1593; x_wconf 86' lang='lat' dir='ltr'>ad</span> <span class='ocrx_word' id='word_1_178' title='bbox 393 1548 514 1592; x_wconf 85' lang='lat' dir='ltr'>binas</span> <span class='ocrx_word' id='word_1_179' title='bbox 536 1546 605 1592; x_wconf 89' lang='lat' dir='ltr'>vel</span> <span class='ocrx_word' id='word_1_180' title='bbox 627 1557 770 1592; x_wconf 87' lang='lat' dir='ltr'>ternas</span> <span class='ocrx_word' id='word_1_181' title='bbox 794 1550 1026 1592; x_wconf 80' lang='lat' dir='ltr'>metretas?</span> <span class='ocrx_word' id='word_1_182' title='bbox 1043 1549 1312 1594; x_wconf 89' lang='lat' dir='ltr'>AEstimantis</span> <span class='ocrx_word' id='word_1_183' title='bbox 1334 1549 1450 1593; x_wconf 88' lang='lat' dir='ltr'>enim</span> <span class='ocrx_word' id='word_1_184' title='bbox 1482 1548 1566 1592; x_wconf 86' lang='lat' dir='ltr'>fuit</span> <span class='ocrx_word' id='word_1_185' title='bbox 1594 1565 1706 1609; x_wconf 90' lang='lat' dir='ltr'>quo-</span> 
     </span>
     <span class='ocr_line' id='line_1_21' title="bbox 315 1617 1705 1679; baseline 0 -16"><span class='ocrx_word' id='word_1_186' title='bbox 315 1617 551 1663; x_wconf 90' lang='lat' dir='ltr'>dammodo</span> <span class='ocrx_word' id='word_1_187' title='bbox 567 1652 578 1673; x_wconf 85' lang='lat'>‚</span> <span class='ocrx_word' id='word_1_188' title='bbox 604 1627 654 1662; x_wconf 86' lang='lat' dir='ltr'>ut</span> <span class='ocrx_word' id='word_1_189' title='bbox 670 1618 782 1678; x_wconf 87' lang='lat' dir='ltr'>ipsas</span> <span class='ocrx_word' id='word_1_190' title='bbox 800 1617 964 1663; x_wconf 87' lang='lat' dir='ltr'>diceret</span> <span class='ocrx_word' id='word_1_191' title='bbox 982 1619 1122 1675; x_wconf 87' lang='lat' dir='ltr'>binas,</span> <span class='ocrx_word' id='word_1_192' title='bbox 1148 1635 1255 1679; x_wconf 89' lang='lat' dir='ltr'>quas</span> <span class='ocrx_word' id='word_1_193' title='bbox 1270 1619 1435 1664; x_wconf 85' lang='lat' dir='ltr'>dixerat</span> <span class='ocrx_word' id='word_1_194' title='bbox 1459 1628 1623 1675; x_wconf 87' lang='lat' dir='ltr'>ternas,</span> <span class='ocrx_word' id='word_1_195' title='bbox 1648 1619 1705 1663; x_wconf 88' lang='lat' dir='ltr'>ad</span> 
     </span>
     <span class='ocr_line' id='line_1_22' title="bbox 314 1688 1705 1743; baseline 0.001 -10"><span class='ocrx_word' id='word_1_196' title='bbox 314 1688 712 1734; x_wconf 90' lang='lat' dir='ltr'>commendandum</span> <span class='ocrx_word' id='word_1_197' title='bbox 751 1688 912 1733; x_wconf 89' lang='lat' dir='ltr'>scilicet</span> <span class='ocrx_word' id='word_1_198' title='bbox 957 1699 1290 1734; x_wconf 88' lang='lat' dir='ltr'>sacramentum.</span> <span class='ocrx_word' id='word_1_199' title='bbox 1329 1689 1556 1743; x_wconf 85' lang='lat' dir='ltr'>Quomodo</span> <span class='ocrx_word' id='word_1_200' title='bbox 1601 1698 1705 1734; x_wconf 86' lang='lat' dir='ltr'>sunt</span> 
     </span>
     <span class='ocr_line' id='line_1_23' title="bbox 316 1761 1707 1821; baseline 0.001 -16"><span class='ocrx_word' id='word_1_201' title='bbox 316 1762 432 1806; x_wconf 84' lang='lat' dir='ltr'>binae</span> <span class='ocrx_word' id='word_1_202' title='bbox 443 1762 666 1805; x_wconf 61' lang='lat' dir='ltr'>metretae?</span> <span class='ocrx_word' id='word_1_203' title='bbox 685 1761 993 1807; x_wconf 85' lang='lat' dir='ltr'>«Circumcisio</span> <span class='ocrx_word' id='word_1_204' title='bbox 1007 1770 1049 1805; x_wconf 88' lang='lat' dir='ltr'>et</span> <span class='ocrx_word' id='word_1_205' title='bbox 1063 1761 1364 1821; x_wconf 65' lang='lat' dir='ltr'>praePtttiun14.</span> <span class='ocrx_word' id='word_1_206' title='bbox 1375 1764 1490 1806; x_wconf 91' lang='lat' dir='ltr'>»Hos</span> <span class='ocrx_word' id='word_1_207' title='bbox 1502 1762 1612 1806; x_wconf 90' lang='lat' dir='ltr'>duos</span> <span class='ocrx_word' id='word_1_208' title='bbox 1626 1777 1707 1821; x_wconf 85' lang='lat' dir='ltr'>po·-</span> 
     </span>
     <span class='ocr_line' id='line_1_24' title="bbox 314 1826 1704 1893; baseline 0 -16"><span class='ocrx_word' id='word_1_209' title='bbox 314 1832 421 1893; x_wconf 86' lang='lat' dir='ltr'>pulo</span> <span class='ocrx_word' id='word_1_210' title='bbox 441 1832 660 1892; x_wconf 85' lang='lat' dir='ltr'>Scriptura</span> <span class='ocrx_word' id='word_1_211' title='bbox 681 1826 994 1877; x_wconf 80' lang='lat' dir='ltr'>commemorat</span> <span class='ocrx_word' id='word_1_212' title='bbox 1008 1867 1018 1887; x_wconf 88' lang='lat'>‚</span> <span class='ocrx_word' id='word_1_213' title='bbox 1050 1841 1092 1876; x_wconf 90' lang='lat' dir='ltr'>et</span> <span class='ocrx_word' id='word_1_214' title='bbox 1107 1831 1280 1876; x_wconf 80' lang='lat' dir='ltr'>nullum</span> <span class='ocrx_word' id='word_1_215' title='bbox 1303 1833 1596 1891; x_wconf 85' lang='lat' dir='ltr'>praetermittit</span> <span class='ocrx_word' id='word_1_216' title='bbox 1621 1833 1704 1877; x_wconf 89' lang='lat' dir='ltr'>ho-</span> 
     </span>
     <span class='ocr_line' id='line_1_25' title="bbox 315 1901 1701 1963; baseline 0 -16"><span class='ocrx_word' id='word_1_217' title='bbox 315 1905 484 1947; x_wconf 85' lang='lat' dir='ltr'>minum</span> <span class='ocrx_word' id='word_1_218' title='bbox 501 1918 652 1962; x_wconf 77' lang='lat' dir='ltr'>genus,</span> <span class='ocrx_word' id='word_1_219' title='bbox 667 1902 844 1963; x_wconf 85' lang='lat' dir='ltr'>quando</span> <span class='ocrx_word' id='word_1_220' title='bbox 858 1901 979 1958; x_wconf 84' lang='lat' dir='ltr'>dicit,</span> <span class='ocrx_word' id='word_1_221' title='bbox 1001 1921 1021 1945; x_wconf 91' lang='lat'>«</span> <span class='ocrx_word' id='word_1_222' title='bbox 1036 1902 1318 1947; x_wconf 88' lang='lat' dir='ltr'>Circumcisio</span> <span class='ocrx_word' id='word_1_223' title='bbox 1332 1912 1375 1947; x_wconf 91' lang='lat' dir='ltr'>et</span> <span class='ocrx_word' id='word_1_224' title='bbox 1386 1903 1649 1963; x_wconf 83' lang='lat' dir='ltr'>praeputium</span> <span class='ocrx_word' id='word_1_225' title='bbox 1663 1922 1701 1961; x_wconf 80' lang='lat'>3»</span> 
     </span>
     <span class='ocr_line' id='line_1_26' title="bbox 314 1973 1705 2032; baseline 0 -15"><span class='ocrx_word' id='word_1_226' title='bbox 314 1973 365 2017; x_wconf 81' lang='lat' dir='ltr'>‘m</span> <span class='ocrx_word' id='word_1_227' title='bbox 400 1973 572 2018; x_wconf 86' lang='lat' dir='ltr'>duobus</span> <span class='ocrx_word' id='word_1_228' title='bbox 602 1973 691 2017; x_wconf 89' lang='lat' dir='ltr'>istis</span> <span class='ocrx_word' id='word_1_229' title='bbox 728 1973 979 2017; x_wconf 88' lang='lat' dir='ltr'>nominibus</span> <span class='ocrx_word' id='word_1_230' title='bbox 1010 1973 1144 2017; x_wconf 87' lang='lat' dir='ltr'>habes</span> <span class='ocrx_word' id='word_1_231' title='bbox 1181 1989 1330 2018; x_wconf 91' lang='lat' dir='ltr'>omnes</span> <span class='ocrx_word' id='word_1_232' title='bbox 1366 1982 1515 2032; x_wconf 81' lang='lat' dir='ltr'>gentes</span> <span class='ocrx_word' id='word_1_233' title='bbox 1553 1989 1561 2014; x_wconf 92' lang='lat'>:</span> <span class='ocrx_word' id='word_1_234' title='bbox 1588 1973 1705 2017; x_wconf 84' lang='lat' dir='ltr'>binae</span> 
     </span>
     <span class='ocr_line' id='line_1_27' title="bbox 316 2044 1705 2103; baseline -0.001 -13"><span class='ocrx_word' id='word_1_235' title='bbox 316 2054 510 2090; x_wconf 79' lang='lat' dir='ltr'>metretae</span> <span class='ocrx_word' id='word_1_236' title='bbox 533 2053 648 2089; x_wconf 74' lang='lat' dir='ltr'>sunt,</span> <span class='ocrx_word' id='word_1_237' title='bbox 676 2044 751 2088; x_wconf 90' lang='lat' dir='ltr'>His</span> <span class='ocrx_word' id='word_1_238' title='bbox 769 2044 945 2088; x_wconf 90' lang='lat' dir='ltr'>duobus</span> <span class='ocrx_word' id='word_1_239' title='bbox 967 2044 1203 2103; x_wconf 85' lang='lat' dir='ltr'>parietibus</span> <span class='ocrx_word' id='word_1_240' title='bbox 1226 2045 1281 2088; x_wconf 90' lang='lat' dir='ltr'>de</span> <span class='ocrx_word' id='word_1_241' title='bbox 1303 2045 1472 2089; x_wconf 89' lang='lat' dir='ltr'>diverso</span> <span class='ocrx_word' id='word_1_242' title='bbox 1489 2044 1705 2089; x_wconf 89' lang='lat' dir='ltr'>venienti-</span> 
     </span>
     <span class='ocr_line' id='line_1_28' title="bbox 318 2112 1706 2176; baseline -0.001 -15"><span class='ocrx_word' id='word_1_243' title='bbox 318 2116 399 2161; x_wconf 85' lang='lat' dir='ltr'>bus</span> <span class='ocrx_word' id='word_1_244' title='bbox 422 2116 477 2160; x_wconf 92' lang='lat' dir='ltr'>ad</span> <span class='ocrx_word' id='word_1_245' title='bbox 499 2130 649 2176; x_wconf 87' lang='lat' dir='ltr'>pacem</span> <span class='ocrx_word' id='word_1_246' title='bbox 678 2115 723 2159; x_wconf 91' lang='lat' dir='ltr'>in</span> <span class='ocrx_word' id='word_1_247' title='bbox 755 2130 798 2160; x_wconf 90' lang='lat' dir='ltr'>se</span> <span class='ocrx_word' id='word_1_248' title='bbox 819 2114 913 2174; x_wconf 88' lang='lat' dir='ltr'>ipso</span> <span class='ocrx_word' id='word_1_249' title='bbox 946 2114 1190 2159; x_wconf 80' lang='lat' dir='ltr'>faciendam</span> <span class='ocrx_word' id='word_1_250' title='bbox 1212 2150 1222 2171; x_wconf 84' lang='lat'><strong>‚</strong></span> <span class='ocrx_word' id='word_1_251' title='bbox 1252 2114 1359 2174; x_wconf 88' lang='lat' dir='ltr'>lapis</span> <span class='ocrx_word' id='word_1_252' title='bbox 1381 2114 1598 2174; x_wconf 84' lang='lat' dir='ltr'>angularis</span> <span class='ocrx_word' id='word_1_253' title='bbox 1620 2112 1706 2160; x_wconf 86' lang='lat' dir='ltr'>fac-</span> 
     </span>
     <span class='ocr_line' id='line_1_29' title="bbox 319 2184 1704 2232; baseline -0.002 0"><span class='ocrx_word' id='word_1_254' title='bbox 319 2197 388 2232; x_wconf 90' lang='lat' dir='ltr'>tus</span> <span class='ocrx_word' id='word_1_255' title='bbox 409 2196 473 2232; x_wconf 85' lang='lat' dir='ltr'>est</span> <span class='ocrx_word' id='word_1_256' title='bbox 501 2187 738 2232; x_wconf 76' lang='lat' dir='ltr'>Christus5.</span> <span class='ocrx_word' id='word_1_257' title='bbox 764 2184 1053 2230; x_wconf 87' lang='lat' dir='ltr'>Ostendamus</span> <span class='ocrx_word' id='word_1_258' title='bbox 1075 2195 1119 2230; x_wconf 85' lang='lat' dir='ltr'>et</span> <span class='ocrx_word' id='word_1_259' title='bbox 1151 2195 1298 2230; x_wconf 75' lang='lat' dir='ltr'>ternas</span> <span class='ocrx_word' id='word_1_260' title='bbox 1320 2195 1521 2230; x_wconf 85' lang='lat' dir='ltr'>metretas</span> <span class='ocrx_word' id='word_1_261' title='bbox 1553 2185 1598 2230; x_wconf 85' lang='lat' dir='ltr'>in</span> <span class='ocrx_word' id='word_1_262' title='bbox 1621 2187 1704 2230; x_wconf 88' lang='lat' dir='ltr'>eis-</span> 
     </span>
     <span class='ocr_line' id='line_1_30' title="bbox 321 2256 1706 2318; baseline -0.001 -15"><span class='ocrx_word' id='word_1_263' title='bbox 321 2258 421 2304; x_wconf 93' lang='lat' dir='ltr'>dem</span> <span class='ocrx_word' id='word_1_264' title='bbox 453 2259 553 2318; x_wconf 90' lang='lat' dir='ltr'>ipsis</span> <span class='ocrx_word' id='word_1_265' title='bbox 586 2256 788 2302; x_wconf 87' lang='lat' dir='ltr'>omnibus</span> <span class='ocrx_word' id='word_1_266' title='bbox 824 2256 1042 2315; x_wconf 86' lang='lat' dir='ltr'>gentibus.</span> <span class='ocrx_word' id='word_1_267' title='bbox 1076 2259 1179 2300; x_wconf 87' lang='lat' dir='ltr'>Tres</span> <span class='ocrx_word' id='word_1_268' title='bbox 1217 2265 1340 2300; x_wconf 89' lang='lat' dir='ltr'>erant</span> <span class='ocrx_word' id='word_1_269' title='bbox 1376 2256 1452 2301; x_wconf 85' lang='lat' dir='ltr'>filii</span> <span class='ocrx_word' id='word_1_270' title='bbox 1484 2259 1601 2312; x_wconf 68' lang='lat' dir='ltr'>Noe,</span> <span class='ocrx_word' id='word_1_271' title='bbox 1629 2273 1706 2317; x_wconf 89' lang='lat' dir='ltr'>per</span> 
     </span>
     <span class='ocr_line' id='line_1_31' title="bbox 322 2328 1702 2392; baseline -0.001 -17"><span class='ocrx_word' id='word_1_272' title='bbox 322 2347 431 2392; x_wconf 92' lang='lat' dir='ltr'>quos</span> <span class='ocrx_word' id='word_1_273' title='bbox 450 2340 695 2391; x_wconf 88' lang='lat' dir='ltr'>reparatum</span> <span class='ocrx_word' id='word_1_274' title='bbox 714 2339 776 2373; x_wconf 84' lang='lat' dir='ltr'>est</span> <span class='ocrx_word' id='word_1_275' title='bbox 795 2344 929 2388; x_wconf 80' lang='lat' dir='ltr'>genus</span> <span class='ocrx_word' id='word_1_276' title='bbox 946 2329 1187 2372; x_wconf 87' lang='lat' dir='ltr'>humanum</span> <span class='ocrx_word' id='word_1_277' title='bbox 1201 2330 1232 2372; x_wconf 76' lang='lat'>⁶.</span> <span class='ocrx_word' id='word_1_278' title='bbox 1252 2328 1375 2373; x_wconf 86' lang='lat' dir='ltr'>Unde</span> <span class='ocrx_word' id='word_1_279' title='bbox 1390 2329 1598 2373; x_wconf 90' lang='lat' dir='ltr'>Dominus</span> <span class='ocrx_word' id='word_1_280' title='bbox 1616 2330 1674 2373; x_wconf 85' lang='lat' dir='ltr'>ait</span> <span class='ocrx_word' id='word_1_281' title='bbox 1694 2348 1702 2374; x_wconf 94' lang='lat'>:</span> 
     </span>
     <span class='ocr_line' id='line_1_32' title="bbox 328 2399 1704 2460; baseline -0.001 -15"><span class='ocrx_word' id='word_1_282' title='bbox 328 2422 349 2446; x_wconf 89' lang='lat'>«</span> <span class='ocrx_word' id='word_1_283' title='bbox 367 2403 512 2448; x_wconf 85' lang='lat' dir='ltr'>Simile</span> <span class='ocrx_word' id='word_1_284' title='bbox 526 2412 589 2446; x_wconf 90' lang='lat' dir='ltr'>est</span> <span class='ocrx_word' id='word_1_285' title='bbox 600 2416 781 2460; x_wconf 86' lang='lat' dir='ltr'>regnum</span> <span class='ocrx_word' id='word_1_286' title='bbox 803 2400 1014 2445; x_wconf 86' lang='lat' dir='ltr'>coelorum</span> <span class='ocrx_word' id='word_1_287' title='bbox 1032 2399 1262 2455; x_wconf 76' lang='lat' dir='ltr'>fermento,</span> <span class='ocrx_word' id='word_1_288' title='bbox 1288 2400 1408 2460; x_wconf 85' lang='lat' dir='ltr'>quod</span> <span class='ocrx_word' id='word_1_289' title='bbox 1427 2400 1591 2459; x_wconf 86' lang='lat' dir='ltr'>accepit</span> <span class='ocrx_word' id='word_1_290' title='bbox 1606 2416 1704 2444; x_wconf 83' lang='lat' dir='ltr'>mu-</span> 
     </span>
    </p>
   </div>
   <div class='ocr_carea' id='block_1_3' title="bbox 324 2495 1705 2598">
    <p class='ocr_par' dir='ltr' id='par_1_4' title="bbox 324 2495 1705 2598">
     <span class='ocr_line' id='line_1_33' title="bbox 375 2495 1705 2540; baseline -0.002 -8"><span class='ocrx_word' id='word_1_291' title='bbox 375 2507 383 2523; x_wconf 92' lang='lat'>¹</span> <span class='ocrx_word' id='word_1_292' title='bbox 402 2500 481 2532; x_wconf 86' lang='lat' dir='ltr'>Psal.</span> <span class='ocrx_word' id='word_1_293' title='bbox 504 2509 597 2540; x_wconf 68' lang='lat' dir='ltr'>crau,</span> <span class='ocrx_word' id='word_1_294' title='bbox 615 2500 647 2532; x_wconf 82' lang='lat'>8.</span> <span class='ocrx_word' id='word_1_295' title='bbox 674 2514 713 2521; x_wconf 89' lang='lat'>—-</span> <span class='ocrx_word' id='word_1_296' title='bbox 731 2506 743 2521; x_wconf 80' lang='lat'><strong>²</strong></span> <span class='ocrx_word' id='word_1_297' title='bbox 764 2498 879 2530; x_wconf 79' lang='lat' dir='ltr'>Matth.</span> <span class='ocrx_word' id='word_1_298' title='bbox 895 2508 929 2540; x_wconf 81' lang='lat' dir='ltr'>v,</span> <span class='ocrx_word' id='word_1_299' title='bbox 949 2497 1001 2540; x_wconf 30' lang='lat'>45³</span> <span class='ocrx_word' id='word_1_300' title='bbox 1016 2514 1056 2521; x_wconf 91' lang='lat'>--</span> <span class='ocrx_word' id='word_1_301' title='bbox 1074 2495 1151 2530; x_wconf 74' lang='lat' dir='ltr'>31d.</span> <span class='ocrx_word' id='word_1_302' title='bbox 1170 2508 1219 2538; x_wconf 85' lang='lat'>111,</span> <span class='ocrx_word' id='word_1_303' title='bbox 1238 2507 1271 2539; x_wconf 81' lang='lat'>9.</span> <span class='ocrx_word' id='word_1_304' title='bbox 1287 2513 1328 2519; x_wconf 91' lang='lat'>--</span> <span class='ocrx_word' id='word_1_305' title='bbox 1347 2495 1498 2529; x_wconf 74' lang='lat' dir='ltr'>40010ss.</span> <span class='ocrx_word' id='word_1_306' title='bbox 1520 2508 1567 2539; x_wconf 76' lang='grc' dir='ltr'>ιιι,</span> <span class='ocrx_word' id='word_1_307' title='bbox 1593 2509 1642 2530; x_wconf 85' lang='lat'>11.</span> <span class='ocrx_word' id='word_1_308' title='bbox 1664 2515 1705 2522; x_wconf 87' lang='lat'>-</span> 
     </span>
     <span class='ocr_line' id='line_1_34' title="bbox 324 2551 915 2598; baseline -0.003 -10"><span class='ocrx_word' id='word_1_309' title='bbox 324 2555 339 2579; x_wconf 80' lang='lat'><strong><em>5</em></strong></span> <span class='ocrx_word' id='word_1_310' title='bbox 363 2555 476 2598; x_wconf 72' lang='lat' dir='ltr'>Ephes.</span> <span class='ocrx_word' id='word_1_311' title='bbox 493 2567 530 2597; x_wconf 85' lang='lat'>11,</span> <span class='ocrx_word' id='word_1_312' title='bbox 553 2554 603 2597; x_wconf 70' lang='lat'>14.</span> <span class='ocrx_word' id='word_1_313' title='bbox 621 2570 661 2578; x_wconf 90' lang='lat'><em>-</em></span> <span class='ocrx_word' id='word_1_314' title='bbox 679 2551 695 2577; x_wconf 77' lang='grc'><strong>6</strong></span> <span class='ocrx_word' id='word_1_315' title='bbox 713 2556 792 2587; x_wconf 86' lang='lat' dir='ltr'>Gen.</span> <span class='ocrx_word' id='word_1_316' title='bbox 811 2565 846 2596; x_wconf 80' lang='lat' dir='ltr'>v,</span> <span class='ocrx_word' id='word_1_317' title='bbox 861 2553 915 2586; x_wconf 83' lang='lat'>3¹.</span> 
     </span>
    </p>
   </div>
  </div>
 </body>
</html>
