1809 3173
371 183 451 219 368
812 195 843 219 s.
883 190 1109 219 AUGUSTmI
1146 194 1321 219 Eriscom

369 259 577 303 Nazareth
602 258 774 302 civitate
797 267 917 301 erant
948 268 1143 317 parentes
1166 260 1270 318 ejus,
1299 259 1545 302 Secundum
1571 260 1748 303 Mariam

367 329 455 372 dixi
487 338 712 388 parcntcs,
754 345 842 373 non
879 329 1118 373 secundum
1151 329 1270 373 virile
1299 345 1444 373 semen
1473 349 1481 374 2
1513 345 1601 374 non
1635 331 1749 373 cnim

365 400 563 459 quaesivit
584 400 629 443 in
674 409 784 443 terra
807 400 886 442 nisi
910 409 1112 451 matrem,
1143 400 1216 457 qui
1238 401 1328 459 jam
1353 400 1543 444 hahebat
1565 400 1750 460 desuper

366 474 552 515 Patrem.
581 474 689 516 Nam
708 480 891 530 utraque
913 472 1004 529 ejus
1027 470 1226 514 nativitas
1248 471 1454 515 mirabilis
1474 471 1558 515 fuit
1573 507 1583 526 ,
1605 471 1750 515 divina

363 541 455 585 sine
477 550 613 585 matre
631 577 641 597 ,
663 543 850 585 humana
874 541 964 583 sine
987 549 1121 598 patre.
1144 539 1259 592 Quid
1282 556 1384 598 ergo
1399 541 1461 584 illi
1484 542 1606 600 quasi
1624 540 1749 600 Legis

363 613 562 657 doctores
583 612 637 656 ad
653 611 939 656 Nicodemum
964 610 1198 654 dixerunt?
1219 630 1238 652 «
1266 613 1464 655 Scrutare
1490 612 1746 672 Scripturas,

368 704 385 725 »
421 693 464 727 et
483 683 581 727 vide
603 683 703 742 quia
726 682 939 741 Propheta
965 697 986 724 a
1010 681 1185 725 Galilaea
1209 697 1297 726 non
1327 682 1477 740 surgit.
1506 702 1526 724 »
1554 682 1638 728 Sed
1660 686 1748 727 Do-

362 754 504 798 minus
525 753 839 812 Prophetarum
868 750 970 795 inde
998 752 1194 796 surrexit.
1226 771 1244 794 «
1274 753 1447 797 Reversi
1469 763 1596 808 sunt,
1629 772 1647 795 »
1681 754 1746 797 in⁴

362 825 457 884 quit
480 823 754 882 Evangelista
772 858 782 877 ,
806 841 825 864 «
851 823 1149 882 unusquisque
1171 823 1215 865 in
1238 822 1415 867 domum
1449 827 1612 868 suam¹.
1636 843 1655 865 »

424 898 505 938 ΙΙΙ.
532 914 551 937 «
580 894 688 938 Inde
715 897 838 938 Jesus
860 894 1046 953 perrexit
1077 895 1118 937 in
1146 896 1369 937 montem2
1395 913 1402 938 :
1434 912 1452 935 »
1479 895 1523 937 in
1555 904 1746 938 montem

362 976 508 1011 autem
538 986 556 1008 «
583 966 763 1021 oliveti,
796 984 814 1005 »
842 966 883 1008 in
915 975 1108 1009 montem
1141 964 1414 1009 fructuosum
1432 1000 1442 1020 ,
1481 967 1525 1008 in
1555 975 1749 1010 montem

361 1039 604 1098 unguenti,
628 1039 673 1081 in
696 1046 891 1082 montem
919 1038 1172 1081 chrismatis.
1197 1038 1278 1081 Ubi
1308 1038 1420 1080 enim
1453 1037 1635 1081 decebat
1667 1039 1748 1082 do-

360 1125 456 1154 cere
479 1111 701 1155 Christum
724 1109 803 1153 nisi
833 1109 878 1152 in
912 1118 1103 1152 montem
1127 1108 1312 1152 OlivetiP
1334 1109 1493 1153 Christi
1526 1109 1641 1152 enim
1674 1124 1749 1153 no-

361 1197 462 1224 men
487 1198 509 1224 a
537 1180 766 1225 chrismate
791 1179 955 1223 dictum
977 1188 1039 1223 est
1061 1198 1068 1223 τ
1100 1190 1218 1233 χρῖσμα.
1240 1189 1383 1223 autem
1414 1195 1566 1237 graece.
1596 1180 1748 1224 Latine

361 1252 512 1296 unctio
535 1260 829 1311 nuncupatur.
858 1251 962 1294 Ideo
986 1259 1130 1294 autem
1154 1267 1231 1295 nos
1256 1251 1398 1302 unxit,
1431 1252 1532 1310 quia
1561 1250 1748 1294 luctato-

361 1339 426 1367 res
449 1332 599 1367 contra
621 1321 847 1366 diabolum
879 1319 993 1364 fecit.
1025 1340 1044 1362 «
1074 1323 1130 1364 Et
1151 1320 1345 1365 diluculo
1372 1321 1530 1363 iterum
1563 1321 1680 1364 venit
1702 1320 1747 1363 in

316 1426 322 1429 .
362 1412 382 1435 »
418 1394 648 1453 templum,
668 1402 710 1437 ct
732 1392 871 1436 omnis
886 1391 1071 1451 populus
1090 1393 1207 1435 venit
1223 1391 1275 1435 ad
1299 1407 1415 1447 eum,
1437 1401 1479 1435 et
1493 1392 1645 1435 sedens
1667 1392 1748 1435 do-

362 1483 381 1505 »
418 1466 542 1509 cebat
575 1466 686 1508 6033.
724 1482 743 1504 »
781 1466 837 1507 Et
875 1478 963 1506 non
998 1463 1257 1521 tenebatur,
1291 1462 1392 1522 quia
1426 1462 1621 1506 nondum
1658 1462 1747 1522 pati

358 1534 635 1595 dignabatur.

418 1608 494 1650 IV.
520 1606 748 1665 Nuncjam
772 1603 1008 1658 attendite,
1032 1603 1106 1647 ubi
1125 1605 1180 1646 ab
1204 1603 1385 1647 inimicis
1407 1612 1571 1647 tentata
1588 1604 1643 1647 sit
1665 1607 1746 1648 Do-

358 1678 464 1720 mini
489 1676 791 1721 mansuetudo.
823 1694 841 1717 «
863 1675 1102 1718 Adducunt
1125 1683 1270 1718 autem
1295 1674 1357 1717 illi
1383 1674 1544 1718 Scribae
1566 1683 1608 1718 et
1633 1674 1746 1719 Pha-

361 1766 379 1789 »
418 1747 527 1791 risaei
561 1747 786 1791 mulierem
817 1746 860 1789 in
895 1744 1109 1788 adulterio
1141 1744 1476 1804 deprehensam,
1509 1754 1552 1788 et
1583 1754 1746 1788 statue-

361 1836 380 1859 »
418 1828 518 1862 runt
555 1819 600 1861 in
623 1817 766 1861 medio
797 1836 805 1861 2
832 1826 874 1860 et
895 1816 1097 1860 dixerunt
1128 1816 1191 1871 ei,
1217 1818 1446 1876 Magister,
1474 1818 1566 1861 haec
1588 1816 1746 1861 mulier

361 1908 380 1930 »
416 1888 547 1933 modo
564 1889 830 1948 deprehensa
854 1896 916 1930 est
937 1887 982 1930 in
1004 1886 1218 1930 adulterio
1240 1907 1247 1930 :
1268 1889 1311 1930 in
1331 1891 1442 1945 Lege
1457 1897 1600 1932 autem
1615 1891 1744 1946 Moy-

361 1978 381 2002 »
417 1976 480 2005 ses
504 1960 727 2005 mandavit
749 1959 873 2003 nobis
907 1958 1156 2018 hujusmodi
1190 1957 1382 2017 lapidare
1409 1978 1416 2003 :
1439 1968 1485 2002 tu
1513 1974 1612 2016 ergo
1637 1960 1745 2019 quid

361 2049 381 2073 »
417 2032 552 2076 dicis?
577 2034 680 2076 Haec
704 2040 850 2075 autem
877 2030 1081 2073 dicebant
1106 2038 1317 2073 tentantes
1346 2045 1468 2084 eum,
1495 2039 1544 2073 ut
1570 2039 1744 2089 possent

360 2119 371 2143 >
419 2119 619 2148 accusare
642 2104 787 2146 eum&
818 2120 837 2142 »
865 2100 989 2144 Unde
1017 2102 1247 2144 accusare?
1273 2100 1498 2159 Numquid
1533 2101 1674 2159 ipsum
1697 2101 1743 2144 in

359 2174 506 2235 aliquo
535 2174 726 2219 facinore
749 2170 1149 2232 deprehenderant,
1173 2180 1249 2215 aut
1284 2171 1356 2215 illa
1379 2171 1535 2215 mulier
1565 2171 1620 2215 ad
1641 2187 1739 2215 eum

358 2245 505 2306 aliquo
523 2245 653 2289 modo
676 2243 932 2304 pertinuisse
954 2242 1208 2286 dicebatur?
1226 2242 1339 2294 Quid
1362 2251 1426 2286 est
1444 2257 1568 2300 ergo,
1594 2261 1612 2283 «
1634 2245 1742 2286 Ten-

360 2335 380 2358 »
417 2325 556 2361 tantes
579 2331 704 2371 eum,
730 2324 779 2358 ut
798 2322 971 2374 possent
1001 2328 1200 2357 accusare
1222 2314 1354 2355 eum?
1380 2330 1398 2352 »
1425 2311 1710 2369 Intelligimus
1727 2347 1737 2366 ,

355 2389 532 2443 fratres,
575 2385 872 2432 admirabilem
904 2385 1279 2429 mansuetudinem
1317 2384 1361 2427 in
1396 2383 1579 2427 Domino
1627 2400 1739 2442 prae-

356 2460 598 2504 eminuisse.
635 2456 1048 2502 Animadverterunt
1081 2470 1181 2499 eum
1213 2454 1395 2498 nimium
1430 2469 1523 2498 esse
1561 2455 1735 2509 mitem,

405 2552 412 2567 ¹
434 2543 669 2585 Joan.v11,53.
692 2559 731 2565 —
749 2548 760 2564 2
781 2542 826 2574 Id.
851 2553 924 2582 vin,
945 2552 972 2573 1.
994 2557 1035 2563 -
1057 2538 1165 2572 3Ibid.
1187 2538 1498 2572 2.—41bid.3-6.

373 2121 381 2144 υ
