1825 3214
279 235 322 260 IN
357 233 529 264 somme
561 235 866 277 EVARGEMUM,
901 241 1047 270 ‘rnAcau
1087 247 1174 272 mx.
1334 238 1414 277 195

35 297 135 356 quia
158 296 313 342 vivunt
345 299 546 356 audiunt,
578 301 654 346 sed
695 303 916 350 audiendo
949 308 1210 355 reviviscunt
1237 331 1246 357 :
1275 331 1295 355 «
1325 317 1416 359 Au·

36 384 57 410 »
90 366 228 423 dieat,
254 378 299 414 et
319 371 395 430 qui
417 371 634 418 audierint
662 374 826 420 vivent.
860 395 881 419 »
902 378 1019 431 Quid
1042 389 1106 424 est
1132 397 1248 440 ergo,
1278 403 1298 426 «
1323 389 1416 430 Au-

35 453 57 479 »
90 436 229 494 client,
269 458 288 481 υ
323 441 404 485 nisi
437 441 708 489 obaudient?
732 448 959 499 Quantum
994 450 1109 494 enim
1134 454 1321 511 pertinet
1361 456 1415 501 ad

31 507 146 551 auris
177 508 395 565 auditum,
429 527 520 556 non
552 529 702 559 omnes
731 516 807 576 qui
841 517 1020 563 audient
1053 520 1202 566 vivent
1237 543 1246 569 z
1286 526 1414 570 multi

30 578 147 622 enim
166 579 352 625 audiunt
373 591 418 626 et
439 598 528 628 non
547 586 755 643 credunt,
782 587 999 634 audiendo
1021 599 1064 634 et
1082 607 1170 638 non
1194 595 1414 641 credendo

30 662 120 693 non
141 649 412 709 obaudiunt,
432 668 523 698 non
543 655 824 702 obaudiendo
845 673 934 702 non
950 660 1120 706 vivunt.
1148 666 1302 724 Itaque
1324 667 1410 723 hic,

33 735 56 762 α
88 719 174 771 Qui
208 720 405 776 audient,
438 741 457 764 »ι
497 724 607 769 nihil
636 735 701 770 est
736 726 856 772 aliud
881 744 1014 788 quam
1050 732 1126 791 qui
1153 734 1409 782 obaudient.

30 790 111 842 Qui
139 805 243 850 ergo
263 793 557 850 obaudierint,
590 796 736 842 vivent
761 816 770 843 :
795 800 902 843 certi
920 802 1020 857 sint,
1045 804 1185 848 securi
1214 806 1315 862 sint,
1345 808 1413 852 vi-

29 869 119 904 ent.
162 863 429 908 Praedicatur
458 867 656 912 Christus
692 870 886 914 Verbum
910 873 1003 928 Dei,
1036 874 1170 920 Filius
1206 878 1299 933 Dei,
1338 894 1416 938 per

29 945 162 990 quem
183 930 297 977 facta
319 945 422 979 sunt
449 938 616 991 omnia,
642 942 785 984 eerte¹
819 941 1149 1001 dispensationis
1183 949 1318 1005 gratia
1348 964 1415 993 as-

28 1010 203 1061 sumpta
223 1018 353 1048 carne
374 1014 500 1050 natus
521 1022 572 1051 ex
589 1009 772 1068 virgine,
797 1012 938 1056 infans
958 1013 1003 1056 in
1024 1030 1168 1071 carne,
1184 1018 1413 1077 jnvenisin

27 1085 172 1126 carne,
212 1074 380 1132 patiens
401 1075 446 1119 in
467 1091 611 1133 carne,
643 1081 829 1124 moriens
857 1082 902 1125 in
931 1097 1075 1140 carne,
1107 1101 1332 1146 resurgens
1366 1090 1411 1134 in

27 1155 176 1198 carne,
219 1145 454 1189 ascendens
485 1147 531 1191 in
568 1162 722 1205 carne,
759 1151 1016 1209 promittens
1052 1159 1410 1215 resurrectionem

27 1212 163 1267 carni,
187 1214 442 1272 promittens
468 1220 827 1264 resurrectionem
846 1223 997 1278 menti,
1031 1229 1166 1271 menti
1191 1237 1291 1273 ante
1313 1245 1411 1274 car-

27 1295 144 1337 nem,
178 1284 296 1328 earni
319 1294 416 1344 post
448 1297 637 1332 mentem
666 1309 675 1334 :
700 1291 785 1344 Qui
808 1292 930 1337 audit
952 1303 995 1338 et
1016 1295 1212 1353 obaudit,
1257 1300 1371 1344 vivet
1396 1320 1405 1347 :

26 1353 103 1411 qui
137 1354 261 1398 audit
291 1366 336 1399 et
366 1371 455 1401 non
488 1358 688 1416 obaudit,
725 1361 770 1405 id
801 1371 880 1417 est,
920 1364 1041 1410 audit
1075 1377 1118 1412 et
1151 1373 1407 1425 contemnit,

27 1422 147 1467 audit
179 1433 222 1468 et
256 1440 345 1469 non
373 1427 532 1483 credit,
568 1445 658 1474 non
682 1431 816 1477 vivet.
842 1436 986 1487 Quare
1019 1453 1108 1482 non
1130 1440 1277 1484 vivet?
1307 1443 1408 1503 quia

26 1507 116 1538 non
135 1494 273 1539 audit.
293 1496 410 1549 Quid
431 1507 511 1554 est,
531 1515 620 1546 non
643 1502 796 1548 audit?
815 1519 904 1550 non
927 1507 1123 1554 obaudit.
1147 1513 1263 1570 Ergo
1281 1531 1301 1554 «
1327 1514 1409 1567 Qui

28 1580 50 1606 »
84 1565 314 1622 audierint,
339 1568 500 1614 vivent.
529 1589 549 1613 »

83 1637 163 1681 XI.
197 1639 387 1683 Attende
422 1656 542 1686 nunc
569 1643 689 1703 quod
725 1644 970 1692 dixeramus
1005 1648 1322 1710 differendum,
1356 1664 1406 1700 ut

25 1721 143 1753 nunc
163 1708 198 1753 si
219 1709 310 1753 fieri
337 1713 527 1769 potuerit
547 1714 776 1772 aperiatur.
807 1717 999 1778 Subjecit
1021 1722 1229 1768 continuo
1251 1724 1306 1768 de
1326 1727 1407 1771 hac

22 1775 113 1836 ipsa
136 1781 476 1825 resurrectione:
501 1800 520 1823 «
548 1782 668 1828 Sicut
684 1786 800 1829 enim
825 1790 950 1831 Pater
973 1790 1103 1835 habet
1125 1793 1256 1837 vitam
1274 1794 1320 1838 in
1341 1811 1408 1840 se-

27 1864 49 1890 »
72 1849 273 1907 metipso,
297 1851 357 1894 sic
370 1851 490 1896 dedit
513 1861 556 1896 et
570 1854 681 1898 Filio
693 1855 827 1900 vitam
845 1857 1006 1903 habere
1025 1861 1069 1904 in
1085 1865 1316 1924 semetipso
1329 1870 1361 1910 ².
1381 1885 1402 1909 »

23 1918 141 1971 Quid
161 1929 238 1974 est,
262 1939 282 1963 «
313 1922 456 1966 Habet
482 1923 616 1968 vitam
640 1928 767 1970 Pater
782 1928 828 1971 in
855 1931 1111 1990 semetipso?
1136 1951 1156 1974 »
1182 1937 1277 1980 Non
1301 1937 1405 1981 alibi

22 1986 157 2033 habet
177 1989 326 2045 vitam,
350 1992 426 2036 sed
443 1993 487 2037 in
507 1995 750 2054 semetipso.
773 1998 928 2042 Vivere
943 2001 1107 2061 quippe
1124 2018 1250 2048 suum
1271 2006 1316 2050 in
1328 2005 1404 2052 illo

24 2066 89 2103 est
112 2077 122 2102 ι
146 2074 237 2104 non
257 2060 450 2117 aliunde,
476 2079 566 2108 non
590 2065 781 2110 alienum
799 2076 863 2112 est
888 2087 897 2112 :
919 2085 1007 2113 non
1030 2073 1153 2130 quasi
1175 2084 1403 2121 mutuatur

21 2128 171 2183 vitam,
192 2146 272 2175 nec
291 2133 413 2192 quasi
435 2135 647 2195 particeps
666 2137 716 2180 fit
736 2137 852 2193 vitae,
876 2141 967 2199 ejus
988 2140 1088 2187 vitae
1103 2160 1202 2204 quae
1220 2161 1309 2191 non
1340 2157 1403 2192 est

23 2199 143 2259 quod
162 2201 252 2259 ipse
276 2220 285 2247 :
306 2202 382 2247 sed
408 2222 427 2245 «
447 2205 591 2250 Habet
607 2206 740 2252 vitam
762 2208 809 2252 in
829 2212 1072 2271 semetipso,
1103 2233 1122 2255 υ
1143 2224 1192 2259 ut
1209 2216 1298 2276 ipsa
1315 2219 1402 2263 vita

22 2269 103 2315 sibi
123 2271 176 2315 sit
192 2271 298 2331 ipse.
325 2274 367 2318 Si
384 2283 568 2333 potuero
590 2276 733 2323 adhuc
758 2279 978 2326 modicum
996 2283 1103 2343 quid
1122 2285 1224 2330 inde
1238 2287 1397 2345 dicere,

20 2341 223 2401 exemplis
252 2346 480 2403 propositis
511 2346 566 2391 ad
589 2347 916 2407 intelligentiam
949 2363 1132 2399 vestram
1154 2356 1398 2403 informan-

21 2409 137 2464 dam,
158 2413 343 2457 Domino
364 2413 597 2474 adjuvante
615 2428 784 2476 potero,
801 2430 843 2462 et
856 2421 1282 2478 pietateintentionis
1302 2443 1399 2471 ves-

23 2487 116 2527 trae.
125 2481 241 2526 Vivit
254 2486 383 2538 Deus,
395 2485 501 2532 vivit
514 2496 558 2531 et
569 2487 711 2531 anima
733 2507 741 2531 2
756 2488 830 2532 sed
839 2490 925 2534 vita
936 2492 1012 2534 Dei
1023 2493 1306 2539 immutabilis
1319 2508 1396 2549 est,

74 2571 80 2586 ¹
100 2566 202 2598 Forte
221 2574 326 2600 certae.
353 2586 385 2591 —
408 2577 418 2591 ²
438 2572 526 2602 Joanv
551 2582 583 2612 v,
599 2572 651 2603 26.

1165 2613 1223 2670 13ss
