1825 3214
305 217 347 243 m
381 214 554 244 JOANNts
587 213 867 243 zvmcimum
891 232 901 251 ,
937 212 1081 240 τιιΑετ.
1120 215 1179 240 xi.
1380 203 1426 240 71

58 285 100 328 iu
123 282 197 327 illo
219 282 325 326 mari
354 296 502 341 omnes
526 280 716 340 AEgyptii
752 279 988 340 perierunt.
1020 282 1116 332 Quo
1145 281 1323 339 trajicit,
1349 278 1437 323 sra—

58 363 140 398 tres
161 353 277 396 mei?
299 355 396 406 Quo
428 352 581 412 trajicit
612 367 686 411 per
720 351 980 409 liaptisii.um
1008 351 1156 403 Jesus,
1182 352 1305 409 cujus
1329 351 1440 408 figu-

59 439 148 468 ram
179 433 284 468 tunc
307 423 483 481 gerebat
510 426 680 480 Moyses
698 457 709 477 ,
729 421 804 482 qui
829 436 903 482 per
923 435 1039 465 mare
1058 420 1326 478 trajiciebat?
1348 426 1441 474 Quo

61 495 250 556 trajicit?
268 495 321 539 ad
340 510 512 540 manna.
538 493 667 548 Quod
689 503 751 538 est
773 494 964 538 manna?
991 510 1011 533 «
1036 493 1128 549 Ego
1146 505 1258 545 sum,
1282 490 1439 551 inquit,

66 587 83 605 »
117 566 239 626 panis
261 565 382 609 vivus
400 601 410 620 ‚
432 566 506 626 qui
525 564 579 610 de
600 564 714 609 coelo
732 562 976 608 descendi¹.
1001 580 1020 603 υ
1048 564 1207 606 Manna
1226 560 1445 620 accipiunt

63 635 211 681 fideles
229 671 239 691 ‚
258 637 347 695 jam
374 635 535 695 trajecti
561 650 638 695 per
676 649 793 680 mare
827 634 1026 678 rubrum.
1055 634 1198 684 Quare
1227 646 1345 675 mare
1372 647 1447 674 ru-

60 707 223 752 brum?
256 708 350 752 Jam
376 722 514 762 mare,
549 721 684 767 quare
713 714 757 749 et
783 704 996 748 rubrum?
1028 701 1306 761 Significabat
1331 717 1447 746 mare

62 776 172 821 illud
211 776 390 821 rubrum
420 777 683 836 baptismum
704 774 880 820 Christi.
911 772 1035 818 Unde
1058 772 1185 817 rubet
1207 771 1446 832 baptismus

63 846 244 901 Christi,
270 847 349 890 nisi
374 845 534 890 Christi
552 846 762 904 sanguine
785 844 1087 890 consecratus?
1103 845 1201 896 Quo
1223 858 1325 901 ergo
1348 859 1449 903 per-

64 916 186 961 ducit
201 915 424 960 credentes
447 924 489 959 et
513 915 782 975 baptizatos?
805 915 859 960 ad
877 930 1049 960 manna.
1072 916 1184 959 Ecce
1200 913 1298 958 dico
1320 929 1446 958 man-

64 1002 120 1031 na
152 1005 161 1031 :
200 994 353 1030 notum
388 995 452 1029 est
484 983 592 1044 quid
633 985 879 1044 acceperint
925 987 949 1028 J
954 983 1065 1030 udaei
1084 1019 1094 1038 ‚
1137 981 1324 1044 populus
1368 984 1448 1028 iste

65 1055 211 1111 Isra'cl,
228 1065 380 1100 notum
404 1064 468 1100 est
489 1054 595 1116 quid
619 1053 700 1099 illis
716 1054 894 1115 pluisset
910 1057 1025 1100 Deus
1047 1055 1101 1101 de
1122 1053 1236 1098 coelo
1254 1075 1265 1111 3
1289 1063 1331 1097 et
1353 1069 1452 1098 nes-

64 1127 186 1171 ciunt
207 1115 508 1170 catechumeni
530 1123 637 1185 quid
660 1124 875 1184 accipiant
895 1123 1146 1169 Christiani.
1180 1123 1451 1168 Erubescant

65 1212 166 1255 ergo
181 1232 191 1252 ,
217 1197 319 1258 quia
343 1196 570 1254 nesciunt3
605 1204 825 1241 transeant
846 1210 923 1256 per
951 1210 1068 1239 mare
1091 1194 1274 1238 rubrum
1291 1230 1302 1250 ,
1327 1210 1452 1239 man-

65 1267 228 1312 ducent
251 1282 429 1312 manna:
448 1275 496 1311 ut
513 1265 737 1327 quomodo
759 1265 1040 1314 crediderunt
1062 1266 1108 1310 in
1130 1265 1307 1310 nomine
1329 1267 1448 1321 Jesu,

67 1338 126 1383 sic
145 1353 188 1382 se
209 1337 310 1398 ipsis
331 1335 480 1381 credat
503 1339 526 1380 J
531 1352 642 1381 esus.

122 1410 176 1453 V.
203 1407 308 1452 Ideo
326 1407 555 1463 intendite,
576 1405 728 1453 fratres
744 1406 843 1462 mei,
867 1405 975 1468 quid
997 1407 1257 1466 respondeat
1273 1406 1352 1450 iste
1372 1407 1448 1466 qui

67 1488 195 1525 nocte
216 1479 335 1523 venit
356 1477 411 1522 ad
433 1480 598 1523 Jesum.
625 1478 832 1531 Quamvis
854 1476 909 1521 ad
929 1479 1078 1522 Jesum
1100 1478 1286 1532 venerit,
1308 1486 1453 1521 tamen

66 1550 168 1610 quia
184 1557 312 1594 nocte
333 1549 473 1604 venit,
507 1547 650 1592 adhuc
673 1547 728 1592 de
749 1548 940 1592 tenebris
962 1547 1101 1592 carnis
1128 1562 1217 1592 suae
1238 1546 1448 1607 loquitur.

67 1622 164 1666 Non
192 1618 395 1677 intelligit
422 1618 542 1679 quod
564 1618 686 1663 audit
704 1633 727 1662 a
747 1617 934 1662 Domino
952 1652 962 1672 ‚
988 1632 1078 1661 non
1110 1615 1313 1675 intelligit
1335 1616 1455 1676 quod

68 1689 190 1735 audit
217 1706 241 1733 a
268 1688 392 1743 luce,
427 1704 526 1749 quae
561 1686 780 1739 illuminat
810 1702 984 1739 ornnem
1018 1686 1241 1744 hominem
1273 1687 1454 1731 venien-

69 1769 158 1805 tem
191 1758 236 1803 in
268 1759 387 1802 hunc
420 1756 679 1806 mundum2.
712 1759 807 1801 Jam
830 1757 867 1800 ei
899 1757 1107 1801 Dominus
1144 1755 1285 1800 dixit:
1316 1774 1336 1797 «
1367 1756 1456 1801 Nisi

71 1849 92 1872 »
127 1830 222 1890 quis
244 1838 371 1873 natus
393 1827 524 1872 fuerit
542 1826 705 1883 denuo,
731 1843 820 1872 non
840 1826 1007 1880 videbit
1028 1841 1212 1885 regnum
1229 1827 1322 1871 Dei.
1342 1827 1457 1872 Dicit

73 1918 93 1942 »
129 1899 183 1944 ad
213 1914 311 1942 eum
334 1897 596 1948 Nicodemus
615 1914 626 1941 .·
652 1896 884 1950 Quomodo
906 1905 1051 1957 potest
1066 1897 1198 1944 homo
1214 1897 1332 1941 nasci
1355 1911 1456 1941 cum

73 1988 93 2011 »
128 1969 182 2014 sit
208 1969 387 2012 senex3?
419 1986 439 2008 »
468 1967 651 2026 Spiritus
668 1967 706 2011 ei
729 1965 927 2027 loquitur
941 2002 952 2022 ‚
972 1975 1016 2015 et
1036 1965 1110 2010 ille
1131 1981 1305 2017 carnem
1327 1967 1452 2026 sapit.

49 2041 256 2091 ,Carnem
287 2053 407 2083 suam
446 2038 578 2097 sapit,
603 2038 706 2098 quia
727 2052 902 2082 carnem
924 2037 1084 2082 Christi
1104 2036 1303 2088 nondum
1327 2037 1452 2096 sapit.

70 2112 182 2157 Cum
197 2111 312 2154 enim
334 2109 508 2154 dixisset
525 2109 730 2154 Dominus
753 2111 777 2154 J
782 2124 922 2164 esus,«
934 2109 1023 2155 Nisi
1041 2109 1138 2169 quis
1159 2108 1456 2152 manducave-

74 2199 95 2223 »
112 2182 168 2225 rit
188 2182 361 2228 camerti
380 2195 537 2235 meam,
563 2188 606 2223 et
623 2178 782 2223 biberit
805 2178 1061 2238 sanguinem
1079 2193 1242 2233 meum,
1263 2193 1353 2222 non
1373 2177 1452 2222 ha-

26 2243 28 2245 *
76 2269 96 2294 u
116 2251 236 2296 bebit
251 2251 297 2296 in
317 2266 360 2295 se
381 2250 514 2295 vitam
529 2250 544 2275 ⁴
566 2267 615 2307 3»
644 2249 919 2302 scandalizati
941 2259 1042 2294 sunt
1058 2249 1238 2310 quidam
1257 2249 1334 2310 qui
1354 2264 1453 2293 eum

73 2321 385 2382 sequebantur,
402 2328 445 2364 et
462 2320 665 2364 dixerunt
688 2320 804 2379 apud
824 2320 1090 2380 semetipsos,
1106 2339 1126 2362 «
1142 2323 1285 2365 Durus
1302 2327 1366 2363 est
1385 2319 1455 2362 hic

77 2410 98 2434 »
116 2407 255 2443 sermo
267 2412 278 2451 3
292 2392 387 2452 quis
403 2400 546 2450 potest
561 2406 659 2435 eum
675 2390 825 2435 audire
840 2393 855 2418 ⁵
870 2393 919 2434 2²»
932 2391 1152 2444 Putabant
1163 2391 1278 2437 enim
1290 2391 1374 2435 hoc
1386 2389 1455 2433 di-

123 2493 132 2510 ¹
160 2490 250 2519 Joan.
273 2499 318 2529 vi,
345 2488 397 2519 δι.
427 2505 467 2510 -
497 2495 508 2509 ²
530 2488 575 2518 ht.
607 2497 630 2522 1,
656 2497 687 2527 9.
721 2485 806 2508 —'³
836 2488 941 2528 min,
970 2488 1000 2529 3,
1027 2487 1057 2528 4.
1087 2504 1128 2510 ·—
1156 2486 1169 2523 4
1196 2488 1242 2519 td.
1267 2497 1310 2528 vi,
1331 2485 1383 2528 54.
1411 2501 1452 2506 -

78 2540 183 2574 51bid.
207 2543 260 2574 61.
