1825 3214
297 177 336 201 m
372 176 544 203 JoANMS
580 178 880 211 mannahun,
919 182 1062 206 timer.
1103 183 1178 208 xii.
1375 174 1426 211 03

45 254 119 284 sen
141 256 163 283 a
184 239 382 294 Domino,
410 242 632 286 utl'aeeret
664 259 833 287 <cneum
857 255 1119 305 serpentem,
1150 257 1193 292 et
1224 248 1430 294 exaltaret

45 309 89 354 in
117 307 233 366 ligno
267 309 310 352 in
345 326 512 366 eremo,
538 322 581 356 ct
614 312 867 358 admoneret
908 315 1118 375 populum
1146 318 1289 374 lsrael,
1321 330 1368 365 ut
1396 321 1429 365 si

44 379 138 439 quis
177 394 341 424 morsus
373 391 483 425 esset
509 397 532 425 a
562 390 775 442 serpente,
803 384 927 428 illum
965 396 1207 446 serpentem
1232 389 1277 432 in
1313 389 1430 448 ligno

43 447 274 494 exaltatum
303 451 559 496 attenderet.
598 456 778 498 Factum
813 465 876 500 est
908 476 916 501 :
949 457 1263 503 mordebantur
1290 461 1430 505 homi-

44 535 133 576 nes,
150 521 448 578 intuebantur,
470 533 512 568 et
530 526 811 570 sanabantur.
829 527 946 580 Quid
961 538 1062 574 sunt
1077 539 1297 590 serpentes
1312 547 1429 577 mor-

43 591 224 638 dentes?
243 603 417 653 peceata
449 595 504 639 de
548 597 809 642 mortalitate
830 601 983 644 carnis.
1016 602 1122 654 Quis
1157 611 1221 647 est
1256 618 1431 663 serpens

43 663 280 708 exaltatus?
316 680 431 710 mors
475 667 639 711 Domini
663 669 706 711 in
736 684 878 714 eruce.
916 671 1023 723 Quia
1052 672 1168 716 enim
1186 689 1208 717 a
1230 685 1430 734 serpente

43 748 171 788 mors,
200 750 274 794 per
293 737 502 795 serpentis
525 737 712 796 effigiem
733 739 914 798 figurata
932 751 1010 787 est.
1036 746 1204 788 Morsus
1220 747 1430 805 serpentis

40 802 194 860 letalis,
222 822 336 851 mors
371 807 542 852 Domini
564 809 721 854 vitalis.
748 813 1004 857 Attenditur
1036 830 1227 875 serpens,
1258 817 1431 862 utnihil

41 875 178 921 valeat
214 893 403 937 serpens.
442 879 554 932 Quid
578 890 641 924 est
676 882 788 926 hoc?
807 884 1059 929 Attenditur
1092 901 1224 943 mors,
1250 897 1300 932 ut
1321 889 1430 934 nihil

39 936 177 993 valeat
210 964 338 993 mors.
371 948 455 994 Sed
477 952 600 1011 cujus
625 955 768 997 mors?
790 956 906 999 Mors
931 956 1030 1000 vitae
1053 976 1061 1002 ι
1087 958 1120 1001 si
1154 958 1239 1003 diei
1269 969 1425 1019 potest,

39 1021 154 1064 Mors
172 1020 295 1078 vitae3
319 1020 406 1065 imo
443 1022 543 1081 quia
566 1021 649 1068 diei
687 1034 842 1082 potest,
870 1027 1124 1073 mirabiliter
1147 1029 1320 1075 dicitur.
1345 1033 1429 1078 Sed

39 1091 253 1151 numquid
282 1106 370 1135 non
398 1091 478 1136 erit
507 1093 742 1138 dicendum
772 1097 892 1155 quod
922 1096 1004 1142 fuit
1031 1098 1312 1144 faciendum?
1336 1105 1429 1161 Ego

39 1159 233 1206 dubitem
252 1161 395 1207 dicere
408 1163 528 1223 quod
553 1166 764 1211 Dominus
780 1182 858 1226 pro
879 1183 945 1212 me
963 1169 1164 1228 dignatus
1185 1182 1249 1217 est
1262 1172 1430 1218 facere?

38 1233 190 1277 Nonne
222 1233 308 1277 vita
333 1234 559 1278 Christus?
581 1245 624 1280 et
648 1245 790 1281 tamen
820 1238 863 1281 in
884 1254 1012 1284 cruce
1035 1242 1247 1287 Christus.
1273 1246 1428 1289 Nonne

38 1302 121 1347 vita
144 1303 372 1348 Christus?
393 1314 436 1349 et
459 1314 604 1350 tamen
632 1317 831 1353 mortuus
854 1310 1066 1356 Christus.
1103 1312 1187 1357 Sed
1211 1314 1256 1358 in
1288 1324 1428 1361 morte

38 1373 194 1418 Christi
230 1390 343 1419 mors
371 1385 545 1420 mortua
575 1386 665 1434 est,
690 1379 792 1438 quia
815 1379 901 1424 vita
927 1391 1098 1427 mortua
1120 1384 1280 1429 occidit
1307 1401 1426 1431 mor-

39 1453 139 1499 tem,
161 1444 389 1505 plenitudo
406 1449 505 1492 vitae
528 1447 959 1507 deglutivitmortem
979 1472 986 1497 :
1009 1454 1211 1515 absorpta
1226 1466 1290 1502 est
1313 1473 1427 1503 mors

4 1552 5 1555 η
36 1515 80 1560 in
109 1517 268 1562 Christi
297 1534 494 1578 corpore.
522 1520 590 1564 Sic
626 1529 669 1564 et
697 1537 775 1566 nos
798 1522 992 1569 dicemus
1015 1525 1060 1570 in
1095 1529 1423 1585 resurrectione,

35 1587 210 1648 quando
228 1590 318 1648 jam
338 1586 657 1650 triumphantes
680 1587 982 1640 cantabimus:
1021 1615 1042 1638 «
1068 1597 1151 1642 Ubi
1181 1608 1258 1654 est,
1290 1616 1422 1657 morS,

40 1676 59 1700 »
93 1661 316 1705 contentio
332 1664 436 1707 tua?
459 1662 534 1706 ubi
554 1672 632 1717 est,
653 1679 784 1720 mors,
811 1666 987 1711 aculeus
1013 1671 1168 1714 tuus¹?
1194 1689 1214 1712 »
1244 1673 1421 1717 Interim

2 1738 19 1760 ἰ’
37 1731 166 1776 modo
182 1766 192 1785 ‚
221 1731 400 1786 fratres,
440 1742 489 1776 ut
511 1749 534 1776 a
557 1743 734 1792 peccato
760 1751 978 1794 sanemur,
1003 1739 1224 1785 Christum
1249 1744 1424 1788 crucifi-

36 1814 135 1844 xum
168 1802 406 1856 intuamur,
441 1803 543 1862 quia
574 1822 593 1845 «
632 1804 751 1849 Sicut
787 1809 974 1864 Moyses,
1019 1808 1179 1869 inquit,
1220 1813 1424 1859 exaltavit

39 1888 58 1912 »
92 1873 392 1931 serpentem'in
407 1888 568 1929 eremo,
581 1874 639 1918 ita
652 1875 831 1921 exaltari
848 1888 1021 1938 oportet
1040 1881 1200 1926 Filium
1218 1884 1420 1942 hominis,

0 1951 1 1955 ’
39 1959 58 1984 »
92 1953 142 1987 ut
163 1945 304 1988 omnis
326 1945 402 2005 qui
436 1945 574 1990 credit
611 1947 655 1989 in
693 1963 810 2004 eum,
844 1965 933 1995 non
965 1963 1126 2011 pereat,
1161 1955 1238 2000 sed
1266 1957 1424 2003 habeat

0 2028 6 2052 t
38 2028 58 2054 >i
92 2014 224 2058 vitam
239 2020 488 2060 aeternam'2.
505 2018 768 2076 »Quomodo
786 2021 861 2080 qui
884 2022 1170 2069 intuebantur
1185 2026 1311 2072 illum
1334 2045 1423 2073 ser-

4 2100 9 2141 1
35 2093 225 2144 pentem,
262 2102 350 2131 non
382 2087 582 2146 peribant
608 2089 823 2135 morsibus
852 2104 1101 2153 serpentum
1126 2117 1136 2155 3
1163 2098 1222 2142 sic
1244 2100 1321 2160 qui
1355 2101 1424 2145 in-

0 2163 9 2199 ,Ι
37 2162 214 2201 tuentur
248 2157 334 2201 fide
362 2167 547 2203 mortem
576 2161 752 2216 Christi,
788 2175 997 2210 sanantur
1018 2183 1041 2212 a
1077 2170 1290 2215 morsibus
1322 2187 1424 2232 pec-

36 2235 246 2271 catorum.
274 2227 359 2273 Sed
386 2228 447 2272 illi
480 2230 746 2276 sanabantur
767 2249 790 2277 a
814 2245 952 2280 morte
969 2238 1024 2281 ad
1040 2240 1174 2283 vitam
1205 2250 1423 2302 tempora·—

0 2297 11 2360 ]‚l
36 2295 119 2342 lem
147 2318 155 2343 :
181 2299 251 2343 hic
273 2309 417 2344 autem
438 2302 512 2357 ait,
538 2321 557 2344 «
586 2304 640 2346 Ut
659 2304 847 2350 habeant
876 2308 1007 2352 vitam
1035 2319 1258 2357 aeternam.
1288 2318 1423 2362 »Hoc

0 2432 2 2506 ἱ

0 2509 3 2543 ι

0 2362 1 2397 3
36 2369 150 2413 enim
176 2370 354 2416 interest
387 2372 500 2416 inter
527 2373 758 2432 figuratam
783 2377 1015 2437 imaginem
1052 2391 1096 2427 et
1124 2399 1215 2429 rem
1245 2386 1381 2445 ipsam
1411 2406 1419 2433 ε

86 2472 93 2488 ¹
115 2477 125 2498 ι
148 2468 220 2499 Cor.
238 2478 293 2509 xv,
313 2467 366 2500 55.
389 2486 427 2492 --
451 2476 462 2492 ²
482 2471 571 2503 Num,
595 2482 662 2513 xxi,
686 2476 758 2514 6-9.
