1809 3173
354 166 436 203 360
789 173 821 201 s.
859 174 1087 202 AUGUSTINI
1120 176 1297 203 1⁴:1³1scom

356 242 472 283 intus
506 239 721 282 sitiamus:
753 249 794 282 ct
824 239 948 294 dicit,
985 241 1085 299 quia
1122 256 1220 283 cum
1255 240 1516 296 biberimus,
1551 243 1730 287 flumina
1791 260 1793 302 ξ

353 326 477 369 aquse
491 309 599 353 vivae
623 310 760 353 fluent
782 309 836 353 de
861 319 1011 354 ventre
1033 319 1194 354 nostro.
1222 313 1383 354 Venter
1412 311 1621 355 interioris
1649 313 1730 356 ho-
1792 323 1793 346 ³

354 381 483 425 minis
501 381 762 425 conscientia
785 381 925 425 cordis
941 390 1017 424 est.
1039 381 1180 424 Bibito
1203 396 1303 439 ergo
1316 382 1396 425 isto
1413 381 1579 442 liquore
1601 383 1732 427 vives-

350 451 408 495 cit
437 460 618 510 purgata
656 451 945 507 conscientia3
979 459 1021 493 et
1052 450 1274 505 hauriens,
1314 452 1482 495 fontem
1522 453 1731 512 habebit,

353 521 481 565 etiam
505 521 594 580 ipsa
622 521 718 565 fons
741 521 836 563 erit.
865 519 978 572 Quid
1006 528 1068 562 est
1095 518 1214 573 fons,
1251 529 1293 563 et
1323 521 1428 580 quid
1458 531 1520 565 est
1549 522 1730 577 fluvius,

353 593 429 652 qui
458 601 604 635 manat
644 590 698 634 de
726 599 875 635 ventre
905 589 1118 633 interioris
1149 591 1365 634 hominis?
1395 592 1698 636 Benevolentia
1721 628 1732 647 ,

356 678 441 722 qua
462 662 555 705 vult
577 659 801 705 consulere
815 659 1025 718 proximo.
1050 660 1091 703 Si
1107 659 1219 702 enim
1232 669 1356 718 putet
1369 661 1470 720 quia
1484 662 1603 720 quod
1626 663 1736 706 bibit

354 734 432 778 soli
447 733 527 791 ipsi
542 731 673 774 dcbet
689 731 886 774 sussicerc
904 752 914 787 3
934 746 1021 774 non
1037 731 1131 774 ssuit
1149 746 1260 790 aqua
1273 732 1369 776 viva
1382 731 1435 775 de
1451 741 1601 776 ventre
1619 735 1707 793 ejus
1724 754 1731 777 :

351 806 385 848 si
408 813 553 847 autem
576 803 771 862 proximo
790 801 966 846 festinat
983 802 1230 858 consulere,
1248 802 1346 847 ideo
1364 819 1452 847 non
1470 805 1612 858 siccat,
1633 806 1733 865 quia

352 883 513 918 manat.
536 874 792 917 Videbimus
820 889 938 917 nunc
960 873 1067 933 quid
1103 873 1156 917 sit
1185 873 1303 933 quod
1330 874 1510 930 bibunt,
1541 876 1615 934 qui
1639 892 1734 920 cre-

353 944 465 988 dunt
504 944 548 987 in
587 944 772 988 Domino
808 943 942 1003 :quia
976 943 1128 1003 utique
1167 945 1397 989 Christiani
1431 961 1607 1000 sumus,
1639 947 1735 990 etsi

354 1014 589 1069 credimus,
634 1014 838 1058 bibimus.
881 1017 937 1058 Et
972 1016 1273 1075 unusquisque
1310 1017 1355 1059 in
1393 1032 1437 1059 se
1474 1017 1565 1075 ipso
1606 1016 1738 1062 debet

354 1101 585 1145 agnoscere
606 1086 641 1130 si
664 1086 797 1141 bibit,
822 1095 865 1130 et
886 1087 919 1130 si
944 1086 1049 1130 vivit
1067 1102 1114 1129 ex
1139 1102 1189 1131 eo
1212 1086 1331 1146 quod
1348 1087 1459 1131 bibit
1487 1107 1495 1132 :
1518 1103 1606 1132 non
1624 1088 1736 1131 enim

354 1157 512 1201 deserit
534 1157 630 1201 fons
649 1192 659 1211 ,
687 1158 720 1201 si
743 1172 832 1201 non
854 1156 1100 1200 deseramus
1123 1157 1304 1201 fontem.

413 1231 465 1272 V.
490 1230 698 1288 Exposuit
720 1228 1014 1287 Evangelista,
1050 1238 1099 1272 ut
1131 1229 1217 1272 dixi
1235 1264 1245 1283 ,
1270 1228 1387 1272 unde
1415 1229 1620 1273 Dominus
1648 1229 1738 1273 cla-

354 1309 532 1354 masset,
579 1299 633 1343 ad
666 1299 838 1359 qualem
876 1308 1030 1358 potum
1068 1299 1307 1353 invitasset,
1342 1298 1451 1358 quid
1486 1299 1737 1344 bibentibus

354 1370 645 1429 propinasset,
665 1369 826 1423 dicens,
852 1388 871 1410 «
888 1372 981 1413 Hoc
1005 1378 1149 1412 autem
1165 1368 1337 1412 dicebat
1358 1368 1412 1412 de
1429 1369 1591 1428 Spiritu
1609 1385 1739 1430 quem

313 1439 319 1443 ’
359 1460 377 1482 »
415 1440 631 1498 accepturi
672 1448 794 1482 erant
824 1439 1047 1483 credentes
1070 1440 1113 1482 in
1135 1454 1250 1482 eum.
1277 1440 1482 1483 Nondum
1516 1441 1630 1483 enim
1650 1450 1741 1484 erat

360 1530 378 1551 »
418 1510 600 1569 Spiritus
621 1508 769 1563 datus,
795 1511 897 1568 quia
915 1512 1038 1552 Jesus
1061 1509 1259 1552 nondum
1289 1518 1379 1552 erat
1404 1509 1680 1567 glorificatus.
1717 1528 1736 1551 »

355 1585 495 1635 Quem
518 1579 620 1624 dicit
645 1581 872 1639 Spiritum,
896 1581 975 1623 nisi
993 1589 1190 1624 sanctum
1215 1580 1453 1639 Spiritum?
1475 1583 1581 1624 Nam
1604 1597 1739 1625 unus-

355 1653 540 1712 quisque
560 1651 690 1694 habet
716 1652 759 1694 in
777 1667 819 1694 se
841 1652 1065 1710 proprium
1094 1651 1314 1710 spiritum,
1340 1650 1394 1694 de
1416 1667 1505 1711 quo
1530 1651 1740 1712 loquebar

355 1739 454 1767 curn
497 1723 690 1765 animum
733 1721 1099 1766 commendarem.
1132 1722 1315 1765 Animus
1353 1721 1468 1764 enim
1505 1723 1736 1782 cujusque,

356 1793 553 1851 proprius
576 1801 639 1835 est
660 1792 833 1850 spiritus
851 1793 942 1851 ejus
969 1811 977 1836 2
1004 1793 1057 1835 de
1076 1808 1164 1851 quo
1187 1791 1292 1836 dicit
1308 1791 1466 1836 Paulus
1486 1792 1704 1852 apostolus
1727 1812 1736 1838 ε

362 1882 380 1904 «
417 1863 522 1915 Quis
546 1861 660 1904 enim
688 1862 765 1904 scit
793 1861 1019 1904 hominum
1054 1877 1154 1920 quae
1181 1871 1282 1904 sunt
1314 1862 1525 1916 hominis,
1552 1863 1632 1906 nisi
1653 1864 1740 1922 spi-

361 1952 380 1974 »
416 1934 523 1976 ritus
541 1932 726 1976 hominis
748 1931 823 1990 qui
844 1931 888 1974 in
905 1931 996 1990 ipso
1013 1933 1125 1974 est1?
1146 1950 1162 1971 »
1190 1931 1356 1974 Deinde
1379 1932 1596 1991 adjunxit,
1617 1933 1684 1977 Sic
1697 1943 1740 1978 et

356 2020 455 2064 quac
479 2004 555 2047 Dei
577 2012 701 2057 sunt,
740 2018 868 2046 nemo
889 2002 966 2046 scit
996 2002 1075 2045 nisi
1101 2002 1279 2060 Spiritus
1305 2002 1395 2044 Dei.
1429 2005 1581 2047 Nostra
1610 2019 1738 2048 nemo

356 2075 434 2118 scit
457 2075 536 2118 nisi
560 2074 733 2133 spiritus
756 2082 916 2116 noster.
945 2074 1037 2117 Non
1059 2072 1174 2115 enim
1203 2072 1304 2115 novi
1327 2071 1432 2130 quid
1461 2073 1642 2131 cogitas,
1666 2083 1739 2117 aut

354 2155 401 2189 tu
427 2146 534 2204 quid
552 2148 692 2202 cogito
713 2164 721 2188 :
740 2145 829 2203 ipsa
851 2143 963 2187 enim
988 2151 1088 2186 sunt
1108 2143 1278 2202 propria
1303 2151 1446 2186 nostra
1463 2177 1473 2197 ,
1506 2159 1603 2202 quae
1628 2145 1739 2188 inte-

356 2216 443 2259 rius
469 2217 706 2273 cogitamus
725 2251 735 2270 ,
774 2224 816 2258 et
848 2215 1160 2272 cogitationum
1192 2214 1529 2273 uniuscujusque
1551 2215 1737 2259 hominis

356 2287 489 2345 ipsius
527 2286 697 2344 spiritus
731 2285 847 2329 testis
879 2293 956 2327 est.
987 2285 1052 2328 Sic
1075 2293 1117 2327 et
1151 2299 1248 2343 quae
1272 2284 1347 2326 Dei
1366 2292 1486 2337 sunt,
1512 2299 1641 2328 nemo
1659 2286 1737 2328 scit

360 2358 437 2400 nisi
462 2357 642 2415 Spiritus
661 2356 752 2399 Dei.
778 2358 862 2400 Nos
884 2371 980 2399 cum
1005 2355 1156 2414 spiritu
1174 2364 1319 2398 nostro
1338 2390 1346 2405 ,
1369 2358 1480 2398 Deus
1498 2370 1598 2398 cum
1621 2370 1698 2399 suo
1723 2374 1733 2400 ι

354 2428 412 2470 ita
433 2437 575 2471 tamen
598 2437 648 2471 ut
670 2430 777 2470 Deus
796 2441 893 2469 cum
916 2442 992 2469 suo
1014 2426 1172 2483 Spiritu
1192 2427 1295 2469 sciat
1316 2426 1444 2469 etiam
1463 2425 1568 2484 quid
1586 2435 1735 2482 agatur

409 2522 417 2535 ¹
444 2525 452 2544 ι
476 2514 547 2543 Cor.
568 2523 606 2551 11,
633 2523 681 2543 11.
