1825 3214
300 241 343 267 m
377 239 550 268 somma
582 237 893 276 BVANGELHJM,
919 239 1068 266 Tittler.
1107 240 1177 266 x1..
1355 224 1438 266 443

46 302 121 349 sed
141 315 189 348 ut
212 311 522 362 cognoscerent
545 301 840 347 crediderunt.
868 303 1098 348 Credimus
1129 303 1244 347 enim
1271 312 1317 347 ut
1335 318 1438 362 cog-

46 389 276 418 noscamus
294 410 304 428 ,
332 390 418 418 non
455 373 757 432 cognoscimus
795 382 839 417 ut
865 374 1107 418 credamus.
1131 392 1149 415 ι(
1172 374 1299 426 Quod
1324 374 1439 418 euim

49 465 69 488 »
104 446 321 505 cognituri
343 461 518 499 sumus,
557 461 634 490 nec
657 445 807 490 oculos
829 445 959 497 vidit,
987 461 1066 488 nec
1100 447 1214 488 auris
1243 447 1437 496 audivit,

48 535 68 558 »
104 532 184 561 nec
217 516 261 559 in
290 532 365 560 cor
395 515 584 560 hominis
617 515 850 560 ascendw.
880 534 900 556 »
926 514 1042 568 Quid
1064 524 1126 558 est
1156 516 1270 558 enim
1305 516 1436 571 tides,

45 586 124 631 nisi
145 586 323 632 credere
339 586 459 647 quod
484 602 571 630 non
594 585 744 631 vides?
770 585 897 630 Fides
914 600 1015 643 ergo
1031 595 1093 628 est
1112 586 1232 645 quod
1263 601 1350 629 non
1372 587 1439 629 vi-

44 657 120 703 des
155 658 354 712 credere,
388 658 542 702 veritas
579 657 697 718 quod
726 658 946 702 credidisti
986 656 1134 701 videre
1167 676 1176 700 :
1213 657 1323 700 sicut
1354 658 1440 716 ipsc

43 729 234 788 quodam
259 728 356 773 loco
374 728 447 773 ait.
478 728 580 772 ldeo
603 728 811 772 Dominus
830 728 949 787 prius
970 728 1022 772 ad
1047 726 1290 772 faciendam
1310 726 1439 771 fidem

44 799 286 844 ambulavit
315 801 358 843 in
392 809 519 844 terra.
560 802 701 843 Homo
724 808 836 852 erat,
879 797 1055 842 humilis
1082 798 1218 842 factus
1242 807 1357 852 erat,
1385 798 1440 842 ab

44 870 248 914 omnibus
281 870 534 921 videbatur,
577 885 656 913 nec
690 870 744 913 ab
777 869 981 912 omnibus
1017 869 1388 928 cognoscebatur,
1418 885 1442 913 a

44 957 68 986 a
101 941 249 985 multis
288 942 628 1000 reprobabatur,
667 957 690 985 a
723 941 851 985 turba
891 941 1196 995 occidebatur,
1234 956 1257 984 a
1294 941 1442 1000 paucis

44 1010 279 1057 dolebatur
299 1033 310 1065 3
333 1011 408 1055 sed
434 1022 580 1057 tamen
602 1021 645 1055 et
663 1013 716 1056 ab
735 1013 793 1056 eis
817 1029 837 1055 a
863 1013 1022 1072 quibus
1051 1012 1306 1066 dolebatur,
1329 1028 1442 1056 non-

44 1081 150 1126 dum
172 1083 282 1127 sicut
319 1092 409 1127 erat
445 1084 776 1141 agnoscebatur.
808 1086 965 1128 Totum
1001 1085 1085 1128 hoc
1119 1084 1243 1143 quasi
1266 1084 1441 1127 initium

44 1162 108 1198 est
138 1153 501 1198 lineamentorum
526 1153 625 1198 fidei
657 1163 699 1198 et
734 1164 965 1198 structurae
990 1153 1167 1198 futurae.
1193 1153 1323 1207 Quod
1357 1157 1442 1198 Do-

44 1224 188 1268 minus
212 1224 301 1283 ipse
324 1224 554 1269 attendens
578 1224 767 1284 quodam
793 1224 890 1269 loco
913 1226 989 1268 ait.
1022 1244 1040 1265 «
1061 1226 1146 1277 Qui
1171 1224 1312 1282 diligit
1344 1239 1438 1280 me,

48 1296 293 1339 »mandata
313 1311 405 1339 mea
423 1295 690 1354 custodit3et
704 1297 778 1356 qui
792 1295 935 1355 diligit
950 1312 1032 1347 me,
1055 1295 1262 1354 diligetur
1277 1311 1300 1339 a
1316 1299 1442 1339 Patre

48 1383 68 1407 »
92 1380 212 1418 meo,
238 1375 282 1409 et
305 1382 386 1424 ego
411 1365 588 1423 diligam
609 1382 726 1419 eum,
743 1367 1025 1410 etostendam
1042 1366 1265 1424 meipsum
1285 1365 1346 1409 illi
1365 1368 1397 1408 ².
1417 1383 1438 1407 »

46 1437 186 1489 Quem
219 1437 293 1495 qui
322 1436 582 1491 audiebant,
616 1437 768 1497 utique
796 1439 884 1496 jam
917 1436 1126 1481 videbant
1155 1455 1163 1480 :
1194 1437 1251 1480 eis
1276 1445 1438 1491 tamen,

45 1507 79 1552 si
102 1505 362 1564 diligebant,
381 1507 618 1551 videndum
643 1523 687 1551 se
711 1506 1007 1566 promittebat.
1033 1507 1102 1551 Sic
1124 1507 1271 1560 ethic,
1293 1525 1311 1548 «
1327 1508 1442 1565 Cog-

48 1593 69 1617 »
106 1577 289 1620 noscetis
319 1578 559 1621 veritatem.
590 1596 609 1618 »
637 1577 754 1631 Quid
777 1578 921 1621 enini?
945 1577 1074 1630 Quod
1090 1576 1236 1620 dixisti
1258 1591 1347 1620 non
1378 1584 1443 1619 est

44 1647 234 1692 veritas?
257 1649 424 1692 Veritas
446 1658 530 1703 est,
568 1649 643 1693 sed
666 1648 809 1693 adbuc
846 1648 1061 1702 creditur,
1088 1648 1286 1691 nondum
1315 1647 1441 1692 vide-

46 1728 131 1764 tur.
163 1720 204 1762 Si
226 1729 453 1764 maneatur
485 1720 529 1763 in
553 1735 604 1764 eo
638 1722 757 1780 quod
782 1719 995 1774 ereditur,
1039 1720 1292 1778 pervenitur
1316 1717 1370 1761 ad
1397 1717 1442 1763 id

45 1788 166 1849 quod
196 1789 407 1834 videatur.
436 1791 545 1834 Inde
578 1793 766 1834 Joannes
786 1791 874 1849 ipse
904 1800 1079 1834 sanctus
1109 1789 1372 1846 evangelista
1396 1788 1442 1832 in

45 1858 239 1919 Epistola
261 1875 359 1913 sua,
384 1879 403 1900 «
432 1860 701 1904 Dilectissimi
718 1896 728 1914 ,
765 1861 938 1920 inquit,
966 1859 1042 1903 filii
1066 1861 1143 1904 Dei
1171 1874 1342 1913 sumus,
1365 1858 1442 1902 sed

48 1947 68 1970 »
105 1929 302 1974 nondum
334 1930 665 1990 apparuit'quid
688 1932 891 1974 erimusss.
924 1949 943 1971 »
964 1933 1060 1974 Jam
1089 1945 1265 1983 sumus,
1290 1939 1334 1973 et
1363 1928 1442 1972 ali-

46 1999 154 2059 quid
173 1999 346 2043 erimus.
365 2001 479 2053 Quid
497 2001 593 2059 plus
616 2002 777 2044 erimus
794 2016 925 2060 quam
943 2016 1106 2054 sumus,
1125 2000 1240 2044 Audi
1261 2019 1270 2044 ε
1288 2019 1308 2042 «
1327 2003 1443 2045 Non-

50 2089 71 2112 »
106 2069 211 2115 dum
231 2072 431 2129 apparuit
453 2072 561 2131 quid
579 2071 738 2116 erimus
765 2092 774 2116 z
795 2073 954 2116 scimus
977 2072 1080 2131 quia
1101 2087 1201 2115 cum
1226 2087 1442 2131 apparue-

51 2159 71 2182 η
107 2143 183 2195 rit,
221 2141 379 2185 similes
409 2142 447 2185 ei
485 2138 708 2185 erimus.»
746 2143 899 2187 Unde?
933 2143 1152 2195 Quoniam
1190 2142 1438 2186 videbimus

48 2227 148 2259 eum
181 2212 307 2256 sicuti
343 2221 420 2256 est.
447 2215 604 2272 Magna
630 2213 876 2272 promissio,
915 2214 991 2257 scd
1024 2229 1188 2258 merces
1224 2223 1288 2258 est
1319 2214 1437 2258 fidei.

49 2283 217 2336 Quaeris
240 2283 509 2338 mercedem,
537 2300 645 2343 opus
679 2285 913 2342 praecedat.
942 2285 981 2329 Si
1002 2284 1169 2339 credis,
1195 2286 1440 2329 mercedem

49 2353 170 2411 exige
192 2353 293 2398 fidei
332 2373 339 2398 :
375 2354 409 2398 si
441 2364 587 2398 autem
624 2370 712 2398 uon
744 2354 909 2409 credis,
948 2354 1050 2398 fidei
1082 2355 1329 2399 mercedem
1354 2370 1442 2415 qua

49 2422 194 2471 fronte
230 2424 417 2484 quaeris?
450 2444 470 2466 «
499 2425 540 2468 Si
568 2442 588 2465 »
615 2440 718 2483 ergo
755 2444 774 2466 «
801 2425 1043 2469 manseritis
1076 2427 1118 2469 in
1142 2428 1280 2469 verbo
1317 2441 1438 2479 meo,

54 2511 75 2538 n
109 2509 209 2538 vere
230 2494 432 2554 discipuli
450 2495 532 2538 mei
555 2495 671 2540 eritis
696 2514 706 2541 z
729 2513 749 2536 »
770 2504 821 2539 ut
841 2496 1200 2556 contemplemini
1214 2497 1350 2555 ipsam
1371 2481 1443 2541 γἐ-

102 2586 110 2601 ¹
140 2580 367 2622 lsaI.1.x1v‚4,
385 2588 418 2614 et
440 2592 450 2613 ι
473 2583 544 2613 Cor.
566 2591 646 2623 u,9.
668 2598 710 2603 —
730 2588 742 2604 ²
761 2583 856 2614 Joan.
872 2592 939 2622 xxv,
958 2590 1013 2614 αι.
1030 2598 1072 2605 —-
1091 2580 1104 2604 3
1128 2593 1141 2614 1
1165 2584 1258 2613 Joan.
1273 2592 1320 2622 m,
1339 2589 1370 2613 2.
