1809 3173
362 177 448 219 426
794 187 831 219 8.
864 187 1097 220 Anaua-un
1127 192 1309 220 numm

360 253 531 299 liberat.
553 252 659 300 Ideo
680 262 724 299 et
745 254 955 301 Dominus
986 271 1076 302 non
1106 256 1185 311 ait,
1211 257 1298 303 Nisi
1322 257 1520 317 ceperitis
1540 258 1644 318 quia
1666 271 1745 318 ego

360 339 455 368 sum
482 343 490 369 ε
515 323 590 369 sed
628 324 747 385 quod
769 335 970 385 poterant
994 327 1122 381 dixit,
1164 346 1180 368 «
1218 328 1306 373 Nisi
1340 327 1609 374 credideritis
1641 331 1744 390 quia

362 411 384 435 »
419 409 500 452 ego
517 409 612 438 sum
630 430 642 449 ,
667 396 912 441 moriemini
933 398 977 440 in
996 397 1182 456 peccatis
1208 400 1400 444 vestris1.
1429 417 1449 442 »

416 467 496 510 XI.
524 467 580 510 Et
605 465 669 511 illi
695 482 864 526 semper
896 477 1065 512 terrena
1087 468 1300 527 sapientes
1332 479 1376 514 et
1397 485 1565 528 semper
1587 485 1744 516 secun-

358 536 464 581 dum
488 551 662 580 carnem
678 538 902 582 audientes
924 547 967 581 et
983 538 1309 597 respondentes,
1328 540 1436 600 quid
1454 541 1492 584 ei
1513 540 1747 586 dixerunt?

362 624 382 648 «
419 609 482 650 Tu
516 608 614 666 quis
634 610 706 652 es?
732 626 751 648 »
777 610 874 652 Non
904 608 1019 652 enim
1042 624 1142 653 cum
1174 608 1346 665 dixisti,
1384 629 1403 652 «
1428 610 1517 655 Nisi
1550 611 1748 657 credide-

359 694 380 719 »
415 677 533 723 ritis.
565 678 667 736 quia
692 692 771 734 ego
789 693 907 732 sum,
938 696 958 719 »
980 678 1185 723 addidisti
1206 680 1313 740 quid
1334 695 1459 726 esses.
1486 681 1591 734 Quis
1608 697 1674 737 es,
1698 691 1749 728 ut

355 748 615 792 credamus?
642 750 699 792 Et
719 747 820 803 ille,
849 767 868 790 «
897 750 1179 809 Principium.
1210 768 1231 791 »
1257 754 1369 796 Ecce
1403 751 1525 811 quod
1553 761 1618 799 est
1636 767 1741 797 esse.

355 818 622 881 Principium
650 819 807 864 mutari
829 818 919 863 non
951 829 1094 879 potest
1119 839 1127 864 :
1154 821 1419 880 principium
1438 822 1484 868 in
1507 837 1550 870 se
1571 831 1744 877 manet,

353 897 396 932 et
418 887 601 932 innovat
618 888 767 932 omnia
794 908 802 934 :
827 890 1092 950 principium
1113 900 1203 945 est,
1232 892 1302 936 cui
1324 891 1490 937 dictum
1519 901 1582 936 est
1605 911 1614 938 :
1638 911 1658 935 «
1679 895 1745 937 Tu
1765 915 1768 922 ·

355 975 376 1000 »
412 967 556 1004 autem
580 958 696 1002 idem
713 958 802 1018 ipse.
823 975 866 1003 es
886 994 896 1014 ,
918 969 961 1004 et
983 961 1086 1004 anni
1102 961 1167 1004 tui
1185 977 1273 1006 non
1296 961 1501 1007 deficient
1515 965 1547 1006 2.
1574 962 1744 1006 Princi—

355 1047 376 1071 »
410 1029 531 1089 pium
549 1064 560 1084 ,
586 1030 664 1083 ait,
692 1031 792 1090 quia
815 1039 858 1074 et
879 1029 1036 1091 loquor
1057 1031 1196 1075 vobis.
1226 1050 1245 1072 n
1273 1032 1541 1091 Principium
1558 1047 1628 1076 me
1647 1048 1744 1078 cre·-

352 1101 442 1145 dite
459 1137 469 1155 ‚
503 1117 558 1145 ne
580 1102 825 1147 moriamini
849 1103 893 1146 in
915 1103 1100 1162 peccatis
1118 1103 1282 1147 vestris.
1313 1107 1537 1163 Tanquam
1566 1105 1682 1148 enim
1697 1105 1744 1150 in

351 1186 404 1216 eo
426 1171 544 1232 quod
582 1173 812 1227 dixerunt,
838 1192 857 1216 «
886 1176 950 1216 Tu
988 1174 1084 1232 quis
1107 1189 1151 1217 cs
1168 1208 1179 1227 ,
1203 1191 1223 1214 »
1250 1173 1359 1217 nihil
1383 1174 1502 1218 aliud
1531 1174 1738 1229 dixerint,

350 1257 483 1301 quam
501 1242 617 1295 Quid
640 1251 684 1286 te
706 1258 796 1286 esse
810 1242 1026 1287 credimus
1053 1263 1061 1287 ε
1084 1244 1323 1301 respondit,
1354 1263 1373 1285 α
1401 1244 1669 1303 Principium
1685 1279 1696 1299 ,
1718 1263 1738 1286 »

349 1312 395 1356 id
418 1322 504 1366 est,
534 1314 795 1372 Principium
815 1329 884 1357 me
905 1315 1079 1358 credite.
1110 1317 1160 1357 In
1180 1330 1321 1372 gracco
1345 1329 1534 1374 namque
1564 1314 1740 1375 eloquio

351 1382 630 1438 discernitur,
668 1383 789 1443 quod
821 1400 910 1428 non
944 1393 1087 1443 potest.
1124 1385 1171 1427 in
1208 1384 1358 1429 latino.
1402 1385 1532 1444 Apud
1563 1387 1738 1431 Graecos

349 1453 466 1499 enim
486 1453 705 1498 foeminini
724 1455 891 1513 generis
912 1464 975 1498 est
996 1455 1258 1515 principium
1273 1491 1284 1510 ,
1309 1457 1419 1500 sicut
1438 1455 1555 1515 apud
1572 1472 1650 1501 nos
1670 1456 1740 1500 lex

351 1526 518 1584 generis
542 1524 762 1569 foeminini
785 1535 864 1580 est,
890 1542 989 1586 quae
1012 1527 1129 1586 apud
1145 1525 1241 1570 illos
1263 1536 1327 1571 est
1343 1528 1570 1573 masculini
1590 1544 1601 1571 .·
1627 1529 1740 1575 sicut

349 1596 556 1654 sapientia
571 1586 622 1640 ‘et
639 1596 759 1654 apud
780 1612 857 1641 nos
892 1605 935 1640 et
963 1596 1080 1655 apud
1102 1595 1197 1640 illos
1230 1598 1397 1655 generis
1418 1597 1635 1642 foeminini
1656 1607 1734 1643 est.

349 1667 633 1712 Consuetudo
665 1667 898 1712 locutionis
927 1666 1026 1712 ideo
1056 1683 1133 1727 per
1175 1669 1363 1712 diversas
1396 1668 1567 1727 linguas
1601 1669 1738 1714 variat

349 1753 505 1796 genera
525 1739 864 1793 vocabulorum,
891 1740 992 1798 quia
1026 1739 1071 1783 in
1094 1739 1195 1797 ipsis
1219 1741 1348 1783 rebus
1369 1755 1459 1784 non
1484 1741 1650 1785 invenis
1671 1756 1740 1785 se-

347 1824 465 1853 xum.
486 1811 583 1855 Non
612 1809 726 1853 enim
750 1809 959 1867 sapientia
982 1825 1080 1853 vere
1102 1808 1284 1854 foemina
1308 1820 1396 1864 est,
1422 1825 1520 1854 cum
1541 1810 1737 1857 Christus

347 1880 400 1924 sit
418 1879 496 1923 Dei
512 1878 743 1938 sapientia,
765 1888 808 1922 et
822 1879 1019 1923 Christus
1036 1879 1280 1938 appelletur
1298 1895 1452 1937 genere
1475 1879 1734 1937 masculino,
1772 1900 1775 1902 ’

348 1949 555 2009 sapientia
576 1949 819 1992 foeminina
846 1951 958 1993 Cum
981 1964 1083 2006 ergo
1102 1950 1298 1993 dicerent
1320 1949 1484 2005 Judaei,
1514 1969 1533 1991 «
1554 1953 1618 1994 Tu
1640 1951 1737 2010 quis

351 2039 372 2063 »
408 2037 452 2065 es
478 2040 486 2065 :
515 2039 535 2062 n
557 2020 631 2064 ille
665 2020 741 2080 qui
763 2020 925 2064 sciebat
952 2035 1041 2064 esse.
1066 2020 1121 2063 ibi
1160 2020 1373 2079 quosdam
1400 2020 1662 2077 credituros,
1693 2032 1738 2068 et

347 2091 447 2135 ideo
469 2091 641 2145 dixisse,
671 2109 691 2131 «
714 2093 778 2134 Tu
799 2091 895 2149 quis
918 2105 960 2134 es
976 2125 986 2144 ,
1011 2109 1030 2130 »
1046 2099 1095 2133 ut
1110 2090 1270 2134 scirent
1291 2090 1397 2150 quid
1418 2091 1542 2136 illum
1560 2091 1736 2138 credere

347 2162 584 2215 deberent,
607 2161 855 2220 respondit,
881 2180 900 2202 «
924 2161 1216 2219 Principium:
1237 2177 1363 2205 »non
1384 2171 1591 2221 tanquam
1613 2162 1734 2207 dice-

346 2242 435 2287 ret,
462 2232 728 2291 Principium
747 2247 903 2287 suum,
927 2233 1001 2275 sed
1020 2241 1229 2292 tanquam
1251 2232 1439 2288 diceret,
1469 2233 1734 2292 Principium

346 2318 416 2347 nie
438 2303 615 2346 credite.
638 2302 764 2356 Quod
789 2302 833 2344 in
861 2308 1058 2346 sermone
1094 2318 1256 2361 graeco,
1290 2312 1338 2346 ut
1362 2302 1476 2358 dixi,
1511 2302 1735 2347 evidenter

347 2384 544 2434 apparet,
571 2374 648 2417 ubi
677 2373 892 2417 foeminini
927 2375 1093 2432 generis
1138 2384 1201 2418 est
1232 2374 1510 2433 principium.
1535 2374 1668 2419 Velut
1699 2375 1734 2419 si

345 2444 477 2490 vellet
504 2444 647 2489 dicere
675 2459 718 2488 se
740 2459 829 2488 esse
851 2444 1098 2499 veritatem,
1124 2453 1168 2488 et
1186 2443 1431 2489 dicentibus
1459 2447 1520 2489 Tu
1544 2445 1641 2504 quis
1660 2459 1730 2499 es,

395 2535 404 2551 ¹
420 2531 511 2561 Joan.
532 2539 601 2570 vm,
619 2527 674 2561 25.
691 2544 733 2551 —
749 2534 761 2550 ²
777 2527 858 2559 Psal.
879 2538 920 2569 ci,
940 2529 994 2560 28.
1014 2544 1055 2550 —-
1072 2525 1085 2550 3
1108 2539 1120 2560 1
1141 2529 1214 2561 Cor.
1238 2537 1262 2568 1,
1283 2527 1335 2568 24.
