1809 3173
379 218 459 256 124
807 230 840 259 S.
877 232 1105 260 AUGUSTINI
1137 235 1315 262 muscom

375 297 481 353 ojus,
507 303 549 337 ct
579 295 742 339 invenis
761 315 768 340 :
799 316 818 338 «
859 299 943 351 Qui
979 299 1091 342 enim
1126 300 1281 358 accipit
1318 299 1614 344 testimonium
1631 301 1752 360 3ejus,

377 383 397 406 ν)
433 365 615 422 signavit
636 366 738 424 quia
762 370 875 412 Deus
897 384 1026 412 verax
1047 378 1125 413 est.
1154 388 1173 410 »
1195 370 1332 422 Quis?
1350 373 1445 429 Ipse
1469 371 1544 429 qui
1567 370 1622 414 de
1643 370 1755 416 coelo

373 437 492 481 venit
509 433 552 481 et
573 453 699 497 supra
722 454 870 483 omnes
888 450 968 495 est,
994 444 1107 484 Deus
1125 455 1255 484 verax
1277 451 1353 485 est.
1384 442 1467 486 Sed
1498 443 1529 485 si
1556 441 1754 489 nondum

372 507 493 551 illum
507 508 707 567 intelligis
724 513 878 565 Deum,
897 511 1094 555 nondum
1108 512 1308 570 accepisti
1322 512 1620 556 testimonium
1634 514 1723 572 ejus
1741 533 1750 558 ε

371 580 533 639 accipe,
549 590 591 624 et
604 581 760 639 signas,
773 592 1085 640 praesumenter
1099 582 1319 641 intelligis,
1335 583 1593 627 definienter
1606 599 1757 643 agnos·

370 651 442 705 cis,
469 652 567 710 quia
588 655 700 695 Deus
727 668 854 696 verax
869 662 946 697 est.

430 724 505 764 IX.
533 741 551 763 «
572 725 712 775 Quem
728 724 841 766 enim
858 724 971 768 misit
990 727 1102 768 Deus
1120 724 1251 768 verba
1268 723 1345 767 Dei
1358 723 1552 784 loquitur
1566 727 1596 768 ¹.
1618 742 1638 765 υ
1659 727 1755 784 Ipse

369 801 432 835 est
452 795 562 836 Deus
590 808 732 847 verax,
762 802 804 836 et
832 794 944 837 misit
967 793 1091 837 illum
1134 797 1276 838 Deus:
1300 797 1412 837 Deus
1442 794 1560 838 misit
1595 797 1749 838 Deum.

368 865 512 919 Junge
541 863 706 917 ambos,
734 879 846 907 unus
878 867 1008 918 Deus,
1036 867 1148 908 Deus
1180 879 1307 908 verax
1338 865 1490 909 missus
1513 880 1537 908 a
1562 868 1665 909 Deo.
1692 868 1755 908 De
1791 874 1809 890 ²

369 932 792 991 singulisinterroga,
818 937 932 978 Deus
955 953 963 978 :
990 943 1032 978 et
1056 934 1111 978 de
1136 935 1349 979 ambobus
1367 935 1601 993 interroga,
1622 938 1753 980 Deus.

369 1005 464 1048 Non
482 1003 656 1062 singuli,
678 1007 792 1048 Deus
815 1013 857 1047 ct
879 1004 1008 1048 ambo
1032 1004 1108 1060 dii,
1133 1004 1208 1049 sed
1225 1005 1421 1064 singulus
1439 1006 1623 1065 quisque
1642 1008 1755 1050 Deus

368 1084 411 1118 et
431 1073 560 1117 ambo
583 1077 710 1118 Deus.
733 1077 868 1118 Tanta
891 1075 1006 1118 enim
1029 1075 1090 1118 ihi
1113 1084 1176 1119 est
1198 1076 1381 1119 charitas
1398 1076 1579 1134 Spiritus
1598 1076 1752 1131 sancti,

369 1153 486 1188 tanta
508 1159 590 1203 pax
612 1144 803 1199 unitatis,
825 1153 873 1188 ut
895 1143 950 1188 de
972 1145 1149 1203 singulis
1181 1161 1280 1189 cum
1307 1146 1615 1204 interrogatur,
1641 1149 1755 1189 Deus

369 1215 447 1259 tibi
486 1215 821 1275 respondeatur,
847 1215 901 1259 de
927 1216 1135 1259 Trinitate
1164 1231 1264 1260 cum
1299 1217 1606 1275 interrogatur,
1642 1219 1754 1261 Deus

368 1286 448 1329 tihi
483 1285 810 1345 respondeatur.
841 1288 882 1330 Si
913 1286 1029 1330 enim
1062 1286 1236 1346 spiritus
1258 1287 1446 1331 hominis
1474 1287 1652 1346 quando
1686 1287 1755 1330 in-

368 1358 503 1401 haeret
538 1361 627 1401 Deo
653 1374 765 1402 unus
798 1358 971 1417 spiritus
1003 1367 1082 1413 est,
1128 1367 1275 1417 aperte
1315 1357 1524 1418 Apostolo
1563 1350 1751 1413 dicente,

372 1446 391 1469 «
413 1429 498 1481 Qui
516 1427 708 1472 adhaeret
730 1430 930 1484 Domino,
956 1445 1070 1473 unus
1088 1430 1262 1488 spiritus
1282 1433 1369 1473 est2
1395 1448 1403 1473 :
1433 1448 1452 1470 »
1480 1437 1645 1488 quanto
1666 1444 1755 1473 ma-

369 1500 431 1557 gis
463 1499 598 1543 Filius
636 1500 813 1559 aequalis
847 1500 1072 1544 adhaerens
1104 1501 1221 1544 Patri
1257 1500 1385 1544 simul
1407 1515 1507 1544 cum
1540 1500 1616 1544 illo
1641 1515 1754 1544 unus

372 1572 482 1613 Deus
505 1571 595 1614 est?
610 1570 770 1615 Audite
786 1570 971 1615 alterum
984 1572 1296 1615 testimonium.
1314 1571 1454 1615 Nostis
1478 1585 1609 1630 quam
1628 1569 1755 1614 multi

369 1639 665 1695 crediderunt,
683 1640 861 1701 quando
880 1641 1024 1685 omnia
1038 1657 1137 1701 quae
1154 1641 1392 1696 habebant,
1408 1640 1462 1684 ad
1478 1639 1608 1699 pedes
1624 1644 1756 1700 Apos-

370 1711 558 1755 tolorum
583 1711 759 1756 vendita
789 1721 1044 1771 posuerunt,
1070 1720 1120 1755 ut
1154 1710 1487 1755 distribueretur
1518 1711 1756 1772 unicuique
1801 1726 1809 1743 ·³

369 1782 478 1826 sicut
495 1797 603 1841 opus
621 1792 713 1826 erat
734 1802 743 1826 ε
762 1792 805 1826 et
837 1784 891 1826 de
913 1782 984 1826 illa
1007 1782 1341 1839 congregatione
1376 1792 1626 1826 sanctorum
1649 1781 1755 1841 quid

1804 1782 1809 1823 Ξ

369 1852 475 1897 dicit
491 1853 740 1912 Scriptura?
763 1856 867 1897 Erat
887 1851 970 1895 illis
998 1853 1140 1896 anima
1161 1868 1248 1895 una
1271 1861 1314 1896 et
1333 1868 1407 1897 cor
1433 1868 1571 1896 unum
1594 1854 1640 1896 in
1665 1856 1754 1897 Do-

369 1924 488 1967 mino
505 1924 536 1967 3.
560 1925 601 1968 Si
623 1923 807 1968 charitas
827 1922 881 1966 de
908 1931 975 1967 tot
1007 1922 1159 1966 animis
1190 1922 1294 1966 fecit
1325 1922 1514 1966 animam
1536 1938 1686 1977 unam,
1712 1931 1755 1966 et

369 1995 424 2038 de
447 2004 511 2039 tot
528 1994 733 2039 cordibus
754 1994 857 2038 fecit
878 2009 952 2038 cor
969 2009 1107 2037 unum
1133 2013 1140 2037 :
1160 2001 1322 2053 quanta
1345 2002 1409 2037 est
1431 1993 1617 2037 charitas
1640 1993 1755 2037 inter

375 2069 541 2109 Patrem
563 2075 605 2109 et
628 2064 820 2108 Filium?
840 2065 978 2123 Major
1000 2064 1152 2123 utique
1185 2072 1326 2122 potest
1356 2078 1444 2106 esse
1479 2078 1608 2123 quam
1643 2064 1755 2107 inter

370 2135 464 2179 illos
486 2137 682 2180 homines
707 2135 867 2195 quihus
890 2143 981 2178 erat
1014 2150 1087 2178 cor
1115 2149 1268 2177 unum.
1297 2133 1340 2178 Si
1374 2149 1476 2192 ergo
1513 2132 1753 2178 multorum

1800 1931 1809 2066 {f

1802 2076 1809 2167 J

370 2206 553 2251 fratrum
570 2223 644 2251 cor
664 2221 803 2250 unum
826 2214 1002 2264 propter
1023 2205 1295 2258 charitatem,
1326 2213 1369 2248 et
1400 2204 1640 2248 multorum
1663 2203 1752 2248 fra·

372 2287 486 2322 trum
510 2279 651 2323 anima
673 2287 748 2322 tua
770 2286 946 2337 propter
969 2277 1249 2333 charitatem,
1275 2278 1388 2319 Deus
1411 2278 1537 2319 Pater
1567 2284 1609 2318 et
1640 2278 1753 2319 Deus
1797 2283 1809 2327 3

372 2347 505 2393 Filius
533 2347 726 2393 dicturus
756 2363 798 2391 es
831 2348 933 2408 quia
965 2346 1054 2391 duo
1088 2348 1214 2390 sunt?
1245 2345 1287 2391 Si
1309 2345 1397 2390 duo
1419 2346 1480 2389 dii
1515 2354 1632 2400 sunt,
1663 2360 1753 2389 non
1797 2330 1809 2403 zi

371 2428 433 2464 est
454 2420 515 2462 ibi
542 2435 709 2463 summa
743 2419 943 2463 charitas.
978 2419 1020 2462 Si
1042 2418 1156 2461 enim
1184 2417 1254 2461 hic
1286 2425 1405 2460 tanta
1442 2416 1627 2460 charitas
1663 2425 1749 2471 est,
1803 2407 1809 2470 ¹¹

371 2499 419 2534 ut
463 2490 651 2534 animam
688 2499 810 2534 tuam
847 2498 890 2533 et
936 2488 1125 2532 animam
1157 2487 1282 2531 amici
1317 2487 1382 2531 tui
1407 2501 1538 2531 unam
1566 2486 1751 2531 animam
1800 2511 1802 2514 -

419 2582 427 2598 ¹
446 2577 536 2609 Joan.
558 2574 673 2617 111,342
695 2592 736 2598 -
755 2582 768 2598 ²
790 2586 801 2606 1
823 2576 895 2607 Cor.
912 2584 959 2614 vi,
979 2584 1028 2614 ¹7-
1053 2590 1090 2595 —
1110 2571 1208 2605 3Act.
1230 2582 1278 2613 1v‚
1301 2571 1354 2604 33,

1798 2538 1809 2626 [ἱ
