1809 3173
374 160 457 198 302
812 166 845 193 s.
881 161 1109 192 Aucusum
1142 164 1322 191 EPISCOPI

370 238 476 280 toi-¹.
499 233 579 288 Qui
601 232 768 292 plantat
797 231 931 291 etqui
956 231 1086 289 rigat,
1115 231 1378 274 extrinsecus
1406 237 1607 288 operatur
1631 247 1638 272 :
1665 228 1746 272 hoc

369 304 549 349 facimus
575 318 668 347 nos.
696 300 780 347 Sed
803 317 945 360 neque
968 301 1042 360 qui
1078 300 1244 359 plantat
1276 309 1339 343 est
1376 297 1565 358 aliquid,
1608 313 1748 357 neque

370 376 447 435 qui
464 375 587 432 rigat,
606 373 680 418 sed
697 374 771 433 qui
791 373 1108 416 incrementum
1123 370 1196 413 dat
1211 374 1322 414 Deus
1340 389 1348 413 ;
1370 370 1451 412 hoc
1474 378 1552 423 est⁷
1574 388 1592 409 «
1610 371 1751 412 Erunt

373 464 392 488 »
428 461 577 490 omnes
595 444 801 488 docibiles
822 442 910 486 Dei.
932 460 951 482 »
978 441 1058 494 Qui
1081 456 1230 484 omnes
1248 442 1265 484 P
1282 460 1301 482 «
1319 440 1469 483 Omnis
1494 440 1568 499 qui
1584 439 1751 483 audivit

376 535 395 558 »
431 533 455 561 a
487 520 612 561 Patre
640 524 683 559 et
704 513 858 558 didicit
876 547 887 567 ‚
912 512 1029 555 venit
1062 510 1117 555 ad
1145 526 1213 554 me
1228 514 1259 554 ².
1300 530 1318 552 »
1346 510 1499 554 Videte
1531 509 1752 569 quomodo

373 588 503 634 trahit
526 591 652 632 Pater
678 606 686 630 ;
712 583 910 630 docendo
932 582 1140 637 delectat,
1178 598 1266 625 non
1294 582 1589 625 necessitatem
1613 581 1754 639 impo-

373 659 534 703 nendo.
560 661 672 701 Ecce
705 653 928 716 quomodo
961 652 1107 696 trahit.
1140 672 1159 694 «
1191 655 1332 695 Erunt
1359 667 1508 696 omnes
1545 649 1755 694 docibiles

377 748 397 771 »
432 729 526 778 Dei,
555 746 573 768 »
601 727 769 771 trahere
793 725 867 769 Dei
901 732 978 767 est.
1008 742 1027 764 «
1055 723 1204 766 Omnis
1227 722 1302 782 qui
1327 720 1490 766 audivit
1512 737 1534 766 a
1561 725 1686 765 Patre
1713 729 1756 764 et

378 817 398 842 »
433 798 599 852 didicit,
624 797 744 840 venit
766 794 820 838 ad
843 809 927 848 me,
959 813 976 834 »
996 794 1165 837 trahere
1195 793 1270 836 Dei
1293 801 1370 836 est.

437 871 556 912 VIII.
575 865 692 920 Quid
714 866 866 923 igitur,
892 864 1074 908 fratres?
1095 865 1135 908 Si
1158 864 1295 906 omnis
1310 862 1385 922 qui
1409 861 1571 905 audivit
1590 877 1612 904 a
1632 864 1756 905 Patre
1803 884 1804 887 ¹

377 949 420 982 et
445 938 612 991 didicit,
634 937 722 996 ipse
751 936 870 980 venit
893 935 946 978 ad
968 934 1206 988 Christum,
1227 934 1421 979 Christus
1443 932 1551 976 nihil
1573 932 1643 975 hic
1676 932 1757 975 do-

375 1011 497 1055 cuit?
520 1009 635 1063 Quid
664 1007 783 1068 quod
820 1011 988 1050 Patrem
1020 1007 1269 1064 magistrum
1305 1005 1499 1048 homines
1523 1020 1611 1047 non
1632 1002 1757 1047 vide-

376 1081 556 1135 derunt‚
593 1080 751 1124 Filium
772 1078 1010 1122 viderunt?
1035 1078 1169 1120 Filius
1203 1076 1401 1131 dicebat,
1427 1074 1501 1118 sed
1531 1078 1656 1119 Pater
1679 1072 1758 1118 do-

377 1153 517 1197 cebat.
540 1154 633 1209 Ego
659 1165 759 1194 cum
786 1149 916 1192 homo
939 1148 1034 1203 sim,
1060 1163 1189 1208 quem
1215 1146 1381 1191 doceo?
1414 1161 1560 1206 quem,
1585 1145 1754 1200 fratres,

377 1223 458 1267 nisi
480 1237 596 1276 eum,
617 1221 693 1282 qui
707 1220 829 1265 audit
848 1220 1028 1263 verbum
1047 1234 1191 1262 meum
1209 1239 1219 1274 3
1242 1218 1283 1262 Si
1298 1232 1375 1274 ego
1394 1233 1493 1261 cum
1512 1217 1644 1260 homo
1657 1216 1755 1268 sim,

377 1294 503 1339 illum
522 1295 658 1337 doceo
680 1292 754 1352 qui
773 1290 894 1334 audit
913 1292 1095 1334 verbum
1119 1305 1288 1346 meum3
1313 1288 1435 1332 illum
1457 1290 1585 1332 docet
1614 1297 1656 1332 et
1679 1291 1760 1331 Pa-

378 1375 459 1420 ter,
485 1365 560 1424 qui
581 1363 702 1407 audit
718 1363 911 1406 Verbum
941 1362 1032 1421 ejus
1059 1380 1067 1405 :
1088 1362 1121 1404 si
1146 1360 1268 1403 ilium
1292 1360 1419 1404 docet
1443 1364 1568 1404 Pater
1590 1359 1663 1419 qui
1687 1373 1760 1401 au-

345 1490 349 1497 .
379 1436 444 1481 dit
463 1436 656 1479 Verbum
694 1435 810 1494 ejus3
841 1449 987 1493 quaere
1018 1432 1126 1492 quid
1158 1432 1212 1476 sit
1248 1432 1469 1485 Christus,
1495 1441 1538 1474 et
1569 1430 1760 1474 invenies

380 1508 575 1551 Verbum
590 1507 679 1567 ejus
700 1525 708 1550 z
735 1526 753 1547 «
770 1508 818 1549 In
834 1504 1043 1563 principio
1058 1512 1147 1547 erat
1160 1503 1349 1546 Verbum
1361 1505 1390 1545 ³.
1409 1522 1426 1543 »
1445 1505 1557 1556 Non,
1576 1505 1625 1545 In
1639 1501 1760 1560 prin-

381 1579 494 1638 cipio
521 1578 624 1623 fecit
652 1581 763 1622 Deus
787 1577 1007 1633 Verbum3
1033 1575 1271 1634 quomodo,
1302 1594 1321 1615 «
1354 1578 1404 1618 In
1427 1574 1637 1634 principio
1661 1572 1762 1616 fecit

382 1655 495 1695 Deus
530 1649 693 1694 coelum
727 1659 770 1692 et
802 1648 983 1692 terram⁴
1010 1667 1018 1691 2
1049 1665 1067 1687 »
1095 1662 1193 1690 ecce
1216 1647 1317 1706 quia
1341 1662 1428 1690 non
1457 1655 1520 1689 est
1546 1653 1758 1689 creatura.

382 1723 504 1766 Disce
536 1721 647 1765 trahi
680 1720 734 1763 ad
774 1719 933 1763 Filium
966 1735 988 1762 a
1017 1722 1164 1772 Patre,
1199 1717 1352 1762 doceat
1394 1727 1436 1762 te
1473 1721 1618 1771 Pater,
1660 1715 1760 1759 audi

383 1794 577 1838 Verbum
596 1793 700 1852 ejus.
722 1790 849 1843 Quod
871 1789 1061 1833 Verbum
1079 1791 1185 1850 ejus,
1210 1789 1368 1849 inquis,
1389 1788 1549 1832 audio?
1568 1791 1615 1831 ln
1637 1787 1759 1846 prin-

385 1865 497 1924 cipio
514 1873 605 1907 erat
617 1862 810 1905 Verbum
827 1880 836 1905 :
855 1876 944 1904 non
961 1860 1123 1903 factum
1142 1869 1225 1913 est,
1253 1860 1326 1903 sed
1350 1868 1439 1902 erat
1462 1879 1469 1903 :
1496 1861 1551 1903 Et
1566 1858 1760 1901 Verbum

385 1945 475 1979 erat
497 1934 614 1994 apud
636 1937 790 1986 Deum,
816 1941 859 1975 et
891 1934 1001 1974 Deus
1027 1939 1116 1973 erat
1134 1930 1342 1973 Verbum.
1365 1929 1594 1982 Quomodo
1620 1927 1762 1971 bomi-
1804 1955 1806 1971 ³

385 2022 460 2050 nes
481 2005 524 2049 in
548 2020 675 2049 carne
697 2002 920 2047 constituti
954 2000 1133 2044 audiant
1161 2000 1246 2043 tale
1276 2001 1497 2043 Verbum?
1520 1999 1629 2052 Quia
1654 2000 1762 2042 Ver-

386 2077 492 2122 bum
511 2091 610 2120 caro
635 2074 799 2119 factum
820 2081 909 2127 est,
935 2080 978 2114 et
998 2070 1211 2114 habitavit
1229 2070 1272 2112 in
1295 2070 1435 2113 nobis.

445 2150 521 2192 IX.
544 2145 733 2205 Exponit
746 2145 829 2187 hoc
849 2152 891 2186 et
911 2142 1016 2201 ipse,
1042 2150 1082 2184 et
1103 2140 1291 2184 ostendit
1313 2141 1436 2184 nobis
1459 2139 1567 2200 quid
1587 2138 1758 2192 dixerit,

391 2238 412 2261 «
447 2219 528 2272 Qui
540 2217 704 2261 audivit
725 2231 748 2259 a
772 2218 896 2258 Patre
909 2223 949 2256 et
972 2212 1136 2267 didicit⁷
1152 2211 1269 2255 venit
1291 2211 1345 2254 ad
1362 2227 1428 2254 me
1443 2214 1473 2254 ⁵.
1502 2229 1520 2251 n
1540 2210 1761 2255 Continuo

388 2291 568 2350 subjecit
611 2287 730 2347 quod
767 2286 954 2344 cogitare
989 2299 1208 2343 possemus
1234 2302 1242 2327 ε
1277 2302 1296 2324 «
1320 2285 1416 2327 Non
1450 2282 1550 2341 quia
1593 2285 1761 2325 Patrem

1807 2037 1809 2086 i

1805 2087 1809 2147 J

1804 2148 1809 2235 ἰ

1805 2284 1809 2294 i

1806 2295 1809 2303 »

1804 2332 1808 2344 t

393 2381 412 2404 »
446 2360 555 2406 vidit
576 2360 820 2419 quisquam,
836 2357 916 2400 nisi
936 2356 969 2398 is
986 2355 1062 2415 qui
1083 2364 1146 2398 est
1161 2371 1183 2398 a
1198 2357 1301 2408 Deo,
1322 2354 1391 2396 hie
1413 2352 1520 2396 vidit
1536 2355 1723 2396 Patrem.
1742 2369 1760 2391 »
1804 2356 1809 2402 ξ

437 2465 447 2482 ¹
472 2470 485 2490 1
501 2460 575 2491 Cor.
590 2468 644 2499 ιιι,
658 2466 691 2498 7.
710 2471 752 2479 —-
771 2460 785 2478 ²
802 2455 892 2486 Joan.
910 2450 1025 2494 v1‚45.
1041 2467 1083 2474 -
1107 2449 1184 2484 ³1d.
1204 2461 1228 2490 1,
1251 2461 1279 2482 1.
1295 2466 1336 2472 —
1350 2448 1366 2479 4
1384 2451 1462 2482 Gen.
1478 2461 1500 2490 1,
1524 2460 1552 2480 1.
1572 2465 1614 2471 —
1630 2445 1646 2470 5
1663 2449 1756 2480 Joan.
1806 2434 1807 2437 Ἴ

391 2526 439 2557 vi,
460 2514 512 2557 46.
