1825 3214
258 206 300 232 in
334 203 508 232 somnis
540 202 822 230 zvini-rourum
843 220 854 239 ‚
889 203 1034 230 Tritici.
1072 204 1195 230 xxix.
1320 192 1400 230 335

19 270 243 329 quomodo
269 272 374 314 tua?
399 271 440 314 Si
464 279 559 323 tua,
585 268 808 328 quomodo
829 283 916 312 non
942 270 1049 312 tua?
1074 272 1138 311 Tu
1161 268 1277 312 enim
1299 267 1404 311 dicis

19 350 255 401 utrumque
273 375 284 395 ‚
303 350 346 384 et
374 360 394 383 «
420 355 514 384 mea
536 338 734 384 doctrina
761 357 780 380 »
807 348 880 393 et,
911 358 931 380 «
957 354 1044 382 non
1058 354 1166 381 mea.
1202 357 1221 379 »
1243 341 1350 382 Nam
1373 338 1406 381 si

21 411 221 464 dixisset,
249 414 333 455 lsta
357 410 555 456 doctrina
578 426 667 454 non
696 418 760 454 est
782 424 875 453 mea
893 443 904 463 ,
932 408 1052 452 nulla
1075 417 1182 452 esset
1205 408 1404 467 quaestio.

21 484 146 527 Nunc
168 497 292 537 vero,
314 482 465 526 iratres
479 517 489 535 ,
509 482 708 540 primitus
729 479 942 524 intendite
964 480 1268 539 quaestionem,
1285 489 1328 522 et
1349 478 1409 522 sic

21 552 173 598 ordine
201 562 422 612 expectate
449 552 725 597 solutionem.
753 554 860 596 Nam
896 551 972 611 qui
1005 565 1092 594 non
1117 549 1234 593 videt
1266 565 1409 609 quaes-

23 622 186 667 tionem
207 639 307 683 quae
331 624 616 683 proponitur,
654 621 877 682 quomodo
901 620 1104 679 intelligit
1131 620 1251 679 quod
1274 635 1410 678 expo·

21 694 169 739 nitur?
209 697 303 740 Hoc
325 705 389 739 est
410 710 513 753 ergo
532 695 578 738 in
599 694 864 754 quaestione,
891 692 1013 752 quod
1034 692 1120 746 ait,
1153 709 1173 733 ι(
1198 706 1292 735 mea
1322 705 1412 735 non

24 781 46 806 »
79 780 201 809 mea:
229 783 250 807 »
275 765 360 810 hoc
376 765 550 809 videtur
570 780 661 808 esse
677 764 966 818 contrarium,
989 760 1248 823 quomodo«
1267 776 1409 815 mea‚»

20 836 243 894 quomodo
261 855 282 879 «
302 851 391 880 non
413 851 523 880 mea.
539 853 559 876 »
588 835 631 880 Si
649 851 751 894 ergo
773 835 1024 878 intueamur
1044 832 1275 892 diligenter
1291 830 1414 892 quod

21 905 112 965 ipse
132 906 178 951 in
214 906 390 952 exordio
412 907 518 951 dicit
554 916 727 951 sanctus
750 904 1025 965 Evangelista
1046 924 1055 950 :
1078 923 1099 946 «
1128 908 1179 949 ln
1200 903 1413 964 principio

21 995 43 1019 »
77 986 168 1022 erat
199 978 391 1022 Verbum
410 1013 421 1033 ,
447 987 490 1022 et
515 978 711 1022 Verbum
744 986 835 1022 erat
865 976 982 1036 apud
1012 980 1149 1021 Deum
1167 1010 1178 1032 ,
1216 984 1262 1020 et
1298 978 1413 1020 Deus

23 1065 45 1090 »
79 1057 170 1093 erat
196 1049 415 1093 Verbum¹
444 1069 454 1095 :
484 1050 586 1094 inde
608 1049 770 1108 pendet
790 1050 921 1108 hujus
949 1047 1109 1093 solutio
1141 1047 1409 1107 quaestionis.

21 1121 129 1172 Quae
143 1128 207 1164 est
220 1134 321 1177 ergo
336 1119 534 1164 doctrina
550 1120 700 1173 Patris,
718 1119 798 1162 nisi
816 1119 1010 1162 Verbum
1022 1118 1186 1162 Patris?
1201 1121 1297 1177 Ipse
1311 1132 1414 1175 ergo

20 1190 219 1235 Christus
240 1190 439 1235 doctrina
462 1191 613 1244 Patris,
638 1191 672 1234 si
690 1190 885 1234 Verbum
911 1191 1061 1234 Patris.
1091 1189 1175 1234 Sed
1193 1189 1294 1249 quia
1312 1191 1416 1232 Ver-

22 1260 127 1304 bum
142 1277 230 1305 non
249 1270 390 1320 potest
409 1277 498 1306 esse
526 1261 712 1315 nullius,
738 1260 813 1304 sed
853 1260 1034 1320 alicujus
1059 1279 1068 1304 2
1103 1268 1145 1303 et
1163 1275 1284 1304 suam
1307 1258 1414 1303 doe-

22 1332 180 1377 trinam
202 1331 332 1387 dixit,
347 1348 392 1376 se
407 1333 578 1392 ipsum,
603 1341 647 1376 et
669 1347 758 1376 non
781 1347 920 1385 suam,
945 1331 1045 1392 quia
1068 1331 1204 1375 Patris
1226 1339 1291 1375 est
1314 1332 1415 1373 Ver-

21 1402 143 1446 bum.
160 1403 277 1455 Quid
291 1404 407 1447 enim
422 1412 510 1447 tam
523 1413 649 1448 tuum
663 1418 796 1462 quam
814 1404 882 1446 tu?
895 1411 939 1446 et
957 1401 1065 1462 quid
1083 1410 1172 1446 tam
1185 1417 1275 1446 non
1289 1410 1415 1445 tuum

21 1489 154 1534 quam
178 1482 228 1517 tu
242 1508 254 1528 ,
274 1474 306 1518 si
325 1474 506 1534 alicujus
526 1484 590 1519 est
611 1474 733 1534 quod
755 1475 832 1518 es?

81 1547 157 1589 IV.
180 1545 375 1589 Verbum
397 1561 499 1604 ergo
522 1555 567 1590 et
588 1549 702 1590 Deus
723 1555 787 1590 est
803 1580 813 1600 ,
834 1554 878 1590 et
899 1543 1109 1590 doctrinae
1128 1543 1293 1589 stabilis
1312 1546 1415 1588 Ver·

22 1615 127 1659 bum
151 1624 214 1660 est
230 1651 242 1670 ‚
270 1632 361 1661 non
383 1616 589 1660 sonabilis
611 1632 688 1676 per
712 1615 900 1673 syllabas
927 1625 971 1660 et
1005 1614 1210 1669 volatilis,
1231 1613 1306 1659 sed
1325 1629 1418 1659 ma-

21 1687 163 1730 nentis
184 1701 286 1731 cuni
311 1690 451 1742 Patre,
467 1687 522 1732 ad
539 1704 671 1748 quam
689 1697 996 1732 convertamur
1012 1697 1280 1742 manentem,
1302 1687 1416 1731 sonis

22 1757 348 1800 transeuntibus
371 1757 599 1800 admoniti.
623 1761 721 1802 Non
741 1759 857 1802 enim
884 1774 962 1803 nos
986 1759 1046 1802 ita
1064 1758 1271 1802 admonet
1293 1756 1415 1817 quod

22 1827 197 1882 transit,
218 1838 269 1872 ut
290 1828 344 1872 ad
362 1829 605 1872 transitoria
624 1838 764 1873 vocet.
787 1829 1087 1874 Admonemur
1110 1839 1158 1874 ut
1180 1829 1417 1888 diligamus

24 1900 177 1941 Deum.
205 1901 364 1942 Totum
386 1899 468 1942 hoc
494 1898 615 1958 quod
646 1898 760 1953 dixi,
800 1899 981 1957 syllabae
1000 1898 1180 1945 fuerunt
1197 1935 1208 1954 ,
1235 1915 1418 1959 percus-

22 1983 119 2012 sum
157 1972 300 2012 aerem
327 1970 690 2024 verberaverunt,
724 1979 772 2014 ut
792 1970 846 2014 ad
870 1986 1043 2014 sensum
1066 1981 1308 2015 vestrarum
1333 1986 1413 2013 au-

24 2038 137 2081 rium
159 2038 435 2097 pervenirent
454 2073 465 2094 ,
486 2038 682 2083 sonando
707 2040 971 2084 transierunt
993 2060 1000 2085 :
1026 2056 1116 2085 non
1135 2050 1281 2085 tamen
1304 2038 1416 2084 illud

21 2108 142 2169 quod
164 2125 241 2153 vos
257 2109 484 2164 admonui,
510 2110 691 2154 transire
714 2110 869 2168 debet,
888 2111 990 2171 quia
1014 2111 1087 2155 ille
1104 2127 1237 2172 quem
1258 2126 1333 2156 vos
1355 2109 1416 2154 di-

22 2179 156 2239 ligere
175 2179 412 2234 admonui,
433 2195 524 2224 non
547 2181 728 2238 transit3
749 2190 792 2225 et
814 2198 916 2226 cum
940 2183 1264 2227 transeuntibus
1281 2180 1416 2239 sylla-

25 2252 92 2296 bis
106 2251 334 2306 admoniti,
355 2253 547 2296 conversi
565 2252 619 2296 ad
637 2268 737 2297 eum
755 2251 939 2309 fueritis,
961 2270 1042 2299 nec
1063 2270 1138 2299 vos
1161 2253 1414 2307 transibitis,

24 2323 100 2367 sed
127 2338 229 2367 cum
261 2331 465 2366 manente
495 2323 739 2367 manebitis.
778 2326 871 2368 Hoc
904 2334 967 2369 est
1005 2340 1108 2384 ergo
1144 2325 1189 2369 in
1219 2325 1417 2369 doctrina

24 2408 233 2454 magnum
250 2428 262 2449 ,
301 2393 441 2438 altum
463 2403 508 2438 et
543 2403 758 2438 aeternum
792 2394 913 2455 quod
947 2405 1123 2448 manet3
1147 2411 1237 2456 quo
1257 2404 1418 2441 vocant

77 2496 86 2513 ¹
106 2492 202 2523 Joan.
222 2501 246 2532 1,
262 2501 292 2523 ι.
