1825 3214
299 237 340 262 m
373 233 546 263 soumis
578 233 886 268 ΕνΑΝαΕωυΜ,
920 232 1066 259 τιιΑοΤ.
1104 233 1231 259 xxm.
1356 220 1439 259 265

62 301 245 355 bonitas,
264 317 405 361 neque
423 302 466 344 in
480 299 668 344 deterius
682 313 780 342 vera
801 298 1032 341 aeternitas.
1053 300 1160 341 Vera
1175 298 1291 342 enim
1313 306 1440 343 aeter-

60 372 169 416 nitas
186 380 264 425 est,
301 372 376 415 ubi
399 370 601 429 temporis
625 368 732 413 nihil
759 377 835 412 est.
873 370 974 411 Erat
997 376 1140 411 autem
1174 368 1302 412 modo
1340 369 1439 423 hoe,

59 451 102 487 et
124 441 255 486 modo
277 440 524 500 illudeam
549 449 719 499 tempus
742 437 973 483 admissum
1002 447 1093 491 est,
1119 447 1329 482 :eternum
1355 456 1442 484 non

60 522 136 556 est.
152 515 260 557 Nam
275 521 322 555 ut
341 511 562 562 noveritis,
583 510 789 570 quianon
811 510 868 553 sie
895 512 1006 553 Deus
1024 509 1245 568 quomodo
1265 512 1406 554 anima
1431 530 1439 554 :

60 591 175 627 certe
195 581 449 626 immortalis
472 590 535 625 est
557 581 698 624 anima
720 601 730 637 3
755 578 861 640 quid
885 594 985 637 ergo
1003 588 1066 622 est
1081 577 1201 638 quod
1226 578 1285 622 ait
1308 583 1444 637 Apos-

60 654 174 698 tolus
203 652 258 697 de
282 656 385 708 Deo,
417 672 436 695 ιι
457 652 541 706 Qui
566 651 681 695 solus
710 651 841 695 habet
864 649 1232 694 immortalitatem
1254 652 1264 673 ¹
1288 669 1297 693 :
1326 668 1344 690 »
1366 650 1444 694 nisi

59 726 159 785 quia
182 725 265 768 hoc
291 733 438 783 aperte
459 723 582 775 dixit,
615 722 730 766 solus
761 722 892 766 habet
922 720 1404 765 incommutabilitatem
1434 741 1442 766 :

59 795 159 854 quia
177 794 292 839 solus
312 794 442 838 habet
463 808 606 838 veram
622 793 938 837 :eternitatem‘3
956 795 1070 850 Ergo
1088 791 1144 835 ibi
1164 790 1283 835 nulla
1303 800 1446 836 muta-

61 865 217 910 bilitas.

117 938 171 979 X.
200 939 394 993 Agnosce
415 936 458 980 in
483 945 523 979 te
542 935 721 995 aliquid,
744 933 863 994 quod
881 933 980 978 volo
995 933 1154 987 dicere,
1175 933 1308 987 intus,
1329 933 1445 978 intus

58 1007 102 1050 in
127 1015 192 1062 te3
217 1022 304 1050 non
332 1007 376 1049 in
408 1015 450 1050 te
474 1006 595 1065 quasi
630 1007 674 1048 in
693 1020 872 1064 corpore
898 1014 997 1058 tuo,
1023 1019 1122 1047 nam
1153 1013 1196 1047 et
1217 1004 1278 1047 ibi
1304 1013 1447 1064 potest

58 1075 142 1121 diei
165 1077 208 1120 in
232 1085 288 1120 te.
319 1080 367 1120 ln
388 1086 429 1120 te
452 1086 514 1120 est
536 1077 651 1120 enim
670 1077 843 1127 sanitas,
864 1076 908 1118 in
932 1084 972 1119 te
995 1074 1204 1134 quaelibet
1227 1084 1346 1130 aetas,
1371 1075 1446 1119 scd

57 1145 296 1192 secundum
320 1162 508 1205 corpus3
544 1147 587 1189 in
613 1155 653 1190 te
675 1155 737 1189 est
760 1161 939 1202 manus3
966 1160 1039 1204 pes
1069 1154 1168 1189 tuus
1195 1163 1203 1190 ε
1231 1144 1306 1189 sed
1327 1145 1445 1190 aliud

56 1226 119 1262 est
146 1217 190 1261 in
234 1225 275 1261 to
307 1217 451 1271 intus,
478 1215 595 1260 aliud
630 1216 673 1260 in
712 1226 752 1260 te
778 1225 985 1276 tanquam
1017 1216 1062 1258 in
1099 1224 1215 1259 veste
1238 1225 1325 1260 tua.
1362 1216 1447 1260 Sed

57 1288 254 1349 relinque
277 1289 379 1334 foris
401 1298 443 1333 et
461 1298 622 1332 vestem
653 1297 770 1332 tuam
791 1298 833 1332 ct
857 1302 1029 1331 carnem
1061 1296 1178 1331 tuam
1195 1321 1206 1342 ‚
1233 1286 1446 1331 descende

57 1360 101 1404 in
130 1369 186 1414 te,
214 1360 283 1404 adi
316 1361 593 1404 secretarium
618 1369 743 1402 tuum
760 1394 770 1411 ‚
808 1367 997 1402 mentem
1023 1366 1162 1411 tuam,
1189 1366 1232 1402 et
1262 1358 1322 1401 ibi
1346 1357 1446 1402 vide

56 1433 176 1492 quod
196 1431 295 1476 volo
318 1432 475 1485 dicere,
493 1433 526 1475 si
546 1430 750 1491 potueris.
771 1432 810 1474 Si
825 1430 938 1474 enim
960 1439 1008 1474 tu
1022 1430 1149 1490 ipsea
1166 1438 1206 1473 te
1229 1429 1356 1488 longe
1374 1445 1442 1488 es;

0 1531 7 1535 -
55 1506 146 1547 Deo
168 1502 462 1562 propinquare
484 1501 599 1546 unde
617 1503 771 1561 potes?
793 1501 994 1545 Dicebam
1025 1501 1079 1545 de
1112 1504 1217 1555 Deo,
1245 1509 1287 1544 et
1314 1500 1445 1546 intel-

51 1572 268 1617 lecturum
292 1584 332 1616 te
352 1572 626 1616 arbitrabaris
654 1591 661 1617 ς
688 1571 742 1615 de
765 1572 907 1615 anima
932 1572 1052 1626 dico,
1077 1570 1132 1615 de
1158 1581 1198 1615 te
1221 1570 1348 1627 dico3
1372 1571 1441 1615 in-

58 1643 224 1702 tellige,
258 1643 318 1687 ibi
346 1653 388 1687 te
420 1643 632 1702 probabo.
659 1645 755 1687 Non
778 1643 892 1686 enim
928 1642 1053 1686 valde
1075 1642 1203 1700 longe
1231 1657 1366 1701 pergo
1398 1643 1443 1686 in

55 1713 272 1774 exempla,
304 1713 482 1773 quando
504 1715 558 1757 de
582 1722 727 1756 mente
752 1721 826 1756 tua
849 1713 948 1757 volo
976 1711 1164 1773 aliquam
1194 1712 1441 1756 similitudi-

54 1800 154 1828 nem
184 1783 288 1829 dare
315 1783 369 1827 ad
395 1787 535 1828 Deum
559 1793 685 1827 tuum
712 1803 720 1828 :
746 1784 847 1843 quia
870 1783 1022 1843 utique
1045 1798 1134 1827 non
1161 1783 1205 1826 in
1232 1798 1438 1843 corpore,

53 1856 128 1900 sed
155 1856 201 1898 in
224 1856 313 1915 ipsa
335 1864 481 1899 niente
513 1854 651 1899 factus
677 1864 740 1899 cst
761 1855 893 1900 homo
927 1854 981 1898 ad
1009 1854 1241 1913 imaginem
1268 1855 1359 1899 Dei.
1391 1858 1442 1900 In

51 1924 332 1969 similitudine
354 1940 429 1969 sua
453 1928 590 1969 Deum
620 1941 892 1985 quaeramus,
919 1925 963 1968 in
989 1925 1175 1984 imagine
1208 1940 1284 1968 sua
1306 1926 1439 1969 Crea-

52 2004 189 2040 torem
213 2010 509 2054 agnoscamus.
539 1995 604 2038 lbi
631 1995 764 2050 intus,
789 1997 822 2039 si
846 1996 1138 2055 potuerimus,
1168 1996 1439 2041 inveniamus

51 2067 134 2110 hoc
147 2065 268 2126 quod
297 2065 481 2110 dicimus
508 2065 758 2126 :quomodo
795 2066 1064 2111 demonstrat
1088 2070 1214 2111 Pater
1242 2067 1369 2120 Filio,
1396 2075 1439 2112 et

51 2136 187 2181 Filius
212 2136 357 2182 videat
377 2135 498 2197 quod
521 2137 788 2182 demonstrat
812 2141 937 2182 Pater
953 2173 964 2192 ‚
991 2147 1225 2198 antequam
1255 2139 1331 2182 fiat
1360 2138 1438 2182 ali-

49 2207 157 2267 quid
174 2223 198 2252 a
221 2211 368 2262 Patre,
394 2223 469 2267 per
487 2207 659 2251 Filium.
684 2207 767 2252 Sed
789 2224 888 2252 cum
912 2208 1058 2253 dixero
1082 2219 1125 2253 et
1146 2208 1432 2265 intellexeris,

49 2293 129 2322 nec
151 2278 210 2322 sic
223 2279 448 2338 putesjam
468 2277 577 2321 illud
601 2277 765 2338 aliquid
790 2279 874 2323 tale
896 2295 1000 2334 esse,
1021 2290 1070 2324 ut
1091 2295 1231 2324 serves
1254 2281 1315 2323 ibi
1338 2280 1431 2339 pie-

48 2357 179 2393 tatem
195 2383 206 2403 ,
242 2364 374 2409 quam
411 2348 508 2392 volo
532 2364 554 2391 a
577 2358 618 2392 te
642 2350 820 2404 servari,
852 2359 894 2394 et
927 2352 1145 2410 praecipue
1174 2366 1330 2395 moneo
1354 2369 1363 2394 t
1389 2350 1434 2394 id

48 2429 127 2483 est,
152 2428 201 2463 ut
222 2419 256 2463 si
274 2435 361 2463 non
381 2419 495 2462 vales
512 2419 881 2478 comprehendere
909 2425 1020 2466 Deus
1051 2421 1158 2482 quid
1181 2423 1250 2477 sit,
1277 2436 1429 2481 parum

47 2504 137 2534 non
153 2489 234 2534 tibi
249 2498 374 2549 putes
389 2504 478 2534 esse
498 2490 604 2534 scire
626 2489 732 2550 quid
754 2506 840 2536 non
865 2491 932 2536 sit.

99 2581 106 2597 ¹
135 2585 145 2606 ι
168 2575 246 2606 Tim.
273 2586 318 2616 Vl,
342 2574 391 2606 16.
