1825 3214
321 291 365 317 m
398 288 572 318 :omnis
602 285 913 324 ΕνΑΝαειιυΜ,
947 284 1093 313 ruer.
1129 285 1214 312 xxi.
1373 272 1457 313 235

75 356 119 400 in
141 354 319 407 coelum,
333 353 584 398 videntibus
606 351 834 412 Discipulis
851 351 964 396 suis:
985 359 1028 394 et
1043 365 1125 394 vox
1146 349 1229 394 illis
1246 349 1455 408 angelica,

77 445 96 467 «
133 426 250 479 Viri,
289 425 454 484 inquit,
494 422 686 478 Galilaei,
718 422 825 482 quid
853 422 972 465 statis
1006 420 1259 479 aspicientes
1291 421 1334 463 iu
1366 436 1458 464 αε-

76 515 96 537 »
131 495 250 540 lum?
268 499 350 539 lste
365 495 438 554 qui
458 503 703 553 assumptus
718 502 780 537 est
798 508 820 536 a
835 491 958 536 vobis
975 492 1019 535 in
1037 490 1200 535 coelum
1213 525 1223 544 ‚
1242 491 1299 534 sic
1316 492 1459 536 veniet

75 585 96 609 ν
131 565 502 628 quemadmodum
525 566 690 610 vidistis
705 580 803 609 eum
823 573 999 608 euntem
1015 564 1058 606 in
1075 561 1237 606 coelum
1256 564 1284 606 ¹.
1305 581 1323 603 »
1343 565 1459 615 Quo—

71 638 204 683 modo
221 654 320 682 eum
341 638 549 682 videbant
567 638 654 681 ire?
669 640 717 680 In
734 651 863 681 carne
881 671 892 691 ,
912 650 1043 695 quam
1061 634 1309 691 tetigerunt,
1326 649 1458 693 quam

70 709 379 770 palpaverunt,
416 709 538 767 cujus
568 708 696 754 etiarn
730 707 948 751 cicatrices
988 703 1205 763 tangendo
1242 704 1458 763 probave-

69 791 188 834 runt,
211 782 256 825 in
279 780 353 825 illo
381 795 560 839 corpore
589 780 632 822 iu
656 794 744 839 quo
766 794 866 823 cum
890 779 948 822 eis
969 777 1146 821 intravit
1166 785 1209 820 et
1230 777 1363 821 exivit
1384 792 1459 836 per

67 851 353 913 quadraginta
386 851 502 906 dies,
528 849 808 894 manifestans
839 865 882 894 se
910 850 969 895 eis
997 850 1043 893 in
1063 849 1268 906 veritate,
1298 864 1386 893 non
1414 849 1459 893 in

68 922 211 982 aliqua
234 920 421 966 falsitate
442 940 451 965 ε
478 936 566 964 non
590 921 845 980 phantasma
863 956 873 976 ,
899 936 988 964 non
1009 919 1165 964 umbra
1183 954 1194 974 ,
1216 934 1305 963 non
1330 919 1458 978 spiri-

66 1003 164 1051 tus3
187 991 261 1037 sed
281 992 654 1053 quemadmodum
674 992 764 1052 ipse
785 992 891 1036 dixit
910 1007 998 1036 non
1018 990 1192 1045 fallens,
1218 1009 1238 1032 «
1260 989 1454 1050 Palpate,

68 1081 90 1106 n
123 1073 167 1108 et
186 1063 330 1108 videte
345 1099 355 1118 ,
378 1063 479 1124 quia
494 1063 670 1122 spiritus
692 1078 865 1107 carnem
888 1072 932 1106 et
948 1077 1039 1106 ossa
1058 1077 1147 1105 non
1170 1061 1303 1105 habet
1317 1096 1328 1115 ‚
1347 1061 1459 1106 sicut

66 1152 88 1177 »
124 1149 195 1178 me
233 1133 386 1178 videtis
424 1134 585 1177 habere
602 1137 634 1176 ².
663 1151 683 1174 »
710 1136 785 1177 Est
822 1131 1001 1193 quidem
1033 1131 1144 1175 illud
1173 1133 1262 1192 jam
1300 1147 1458 1191 corpus

64 1204 245 1262 dignum
273 1204 439 1248 coelesti
472 1204 763 1258 habitatione,
800 1218 891 1248 non
922 1202 1150 1263 subjacens
1183 1202 1334 1258 morti,
1366 1218 1456 1248 non

64 1274 274 1320 mutabile
302 1290 378 1334 per
407 1283 571 1319 aetates.
598 1277 695 1319 Non
718 1274 834 1318 enim
856 1274 965 1318 sicut
987 1273 1041 1318 ad
1064 1272 1182 1317 illam
1204 1282 1378 1318 aetatem
1401 1274 1456 1318 ab

65 1344 245 1390 infantia
268 1354 484 1399 creverat,
515 1345 574 1389 sic
595 1345 650 1389 ab
672 1354 799 1390 aetate
826 1361 925 1406 quae
944 1346 1155 1405 juventus
1178 1353 1294 1400 erat,
1320 1345 1458 1403 vergit

64 1416 110 1460 in
141 1426 409 1460 senectutem
441 1425 621 1461 :manet
649 1416 761 1461 sicut
793 1415 1015 1471 ascendit,
1054 1425 1264 1460 venturus
1296 1415 1351 1460 ad
1385 1431 1457 1460 eos

64 1487 225 1547 quibus
263 1496 498 1547 antequam
533 1487 703 1542 veniat,
741 1488 924 1532 verbum
957 1502 1084 1532 suum
1116 1486 1257 1532 voluit
1293 1488 1456 1546 praedi-

64 1559 167 1602 cari.
196 1557 264 1602 Sic
287 1573 389 1616 ergo
413 1558 558 1602 veniet
579 1559 622 1602 in
645 1557 784 1604 forma
807 1561 999 1604 humana
1019 1578 1026 1603 :
1046 1560 1159 1604 hanc
1181 1558 1397 1603 videbunt
1414 1569 1457 1605 et

64 1628 185 1687 impii
203 1647 212 1672 :
233 1628 448 1672 videbunt
469 1638 511 1672 et
535 1628 590 1673 ad
613 1628 834 1674 dexteram
850 1631 1003 1689 positi,
1029 1630 1243 1675 videbunt
1265 1639 1309 1675 et
1327 1630 1380 1675 ad
1399 1631 1456 1675 si—

63 1699 242 1743 nistram
262 1699 470 1757 separati,
494 1699 605 1743 sicut
626 1701 834 1759 seriptum
857 1710 922 1745 est
936 1736 946 1756 ,
971 1720 991 1743 «
1013 1700 1238 1745 Videbunt
1260 1702 1307 1744 in
1323 1717 1456 1761 quem

67 1786 88 1810 »
122 1779 407 1828 pupugerunt
428 1771 458 1812 ³.
482 1787 502 1810 »
526 1770 569 1814 Si
593 1770 806 1815 videbunt
828 1771 873 1815 in
890 1787 1019 1831 quem
1039 1781 1338 1831 pupugerunt,
1354 1786 1454 1816 cor—

63 1855 145 1899 pus
169 1840 310 1899 ipsum
337 1839 576 1895 videbunt,
612 1841 734 1900 quod
767 1841 916 1886 lancea
950 1852 1281 1901 percusserunt:
1304 1841 1454 1888 lancea

63 1926 153 1956 non
178 1912 421 1971 percutitur
442 1912 625 1956 verbum
649 1932 657 1957 :
678 1913 762 1957 hoc
785 1929 888 1972 ergo
909 1914 1031 1973 impii
1052 1913 1197 1958 videre
1216 1924 1451 1974 poterunt,

61 1979 182 2041 quod
205 1991 247 2025 et
267 1981 497 2026 vulnerare
514 1992 769 2042 potuerunt.
797 1987 1024 2028 Latentem
1046 1988 1186 2029 Deum
1203 1976 1249 2028 iri
1272 2000 1454 2045 corpore

62 2067 152 2096 non
174 2052 388 2107 videbunt
407 2071 415 2096 :
436 2063 534 2112 post
545 2053 760 2114 judicium
781 2054 1004 2099 videbitur
1026 2055 1081 2098 ab
1103 2055 1168 2099 his
1185 2055 1260 2116 qui
1279 2056 1334 2100 ad
1354 2055 1453 2100 dex-

65 2130 197 2166 teram
224 2131 367 2166 erunt.
397 2126 491 2168 Hoc
519 2132 583 2167 est
605 2139 708 2183 ergo
730 2125 851 2185 quod
873 2125 931 2170 ait
945 2161 956 2180 ,
984 2145 1002 2167 «
1024 2129 1152 2169 Pater
1174 2141 1262 2170 non
1281 2127 1452 2187 judicat

64 2209 85 2233 »
120 2207 384 2252 quemquam
399 2228 410 2247 ,
428 2193 504 2237 sed
527 2209 656 2237 omne
667 2195 883 2254 judicium
904 2195 1025 2241 dedit
1044 2196 1155 2241 Filio
1171 2213 1182 2241 :
1201 2215 1221 2238 »
1241 2198 1341 2258 quia
1359 2213 1452 2242 ma-

61 2261 242 2307 nifestus
275 2262 331 2309 ad
356 2264 570 2323 judicium
603 2265 750 2309 veniet
780 2265 934 2321 Filius,
970 2267 1017 2310 in
1049 2268 1244 2312 humano
1265 2283 1448 2328 corpore

62 2348 272 2392 apparens
298 2334 571 2389 homiuibus,
604 2334 751 2379 diceus
786 2335 967 2392 dextris,
1001 2356 1022 2379 «
1042 2338 1212 2393 Venite,
1231 2337 1450 2383 benedicti

64 2422 84 2443 n
123 2405 255 2448 Patris
283 2405 389 2459 mei,
426 2405 634 2465 percipite
667 2421 848 2464 regnum
870 2407 1046 2452 :dicens
1080 2409 1279 2464 sinistris,
1308 2413 1372 2453 Ite
1404 2410 1449 2453 in

62 2492 82 2516 »
118 2475 262 2533 ignem
276 2485 505 2532 aeternum,
517 2478 593 2537 qui
606 2487 779 2537 paratus
790 2487 853 2523 est
865 2477 1041 2525 diabolo
1053 2490 1096 2526 et
1108 2480 1268 2539 angelis
1281 2482 1372 2540 ejus
1381 2481 1442 2524 ⁴.»

108 2575 116 2591 ¹
134 2571 204 2602 Act.
225 2582 250 2610 1,
270 2581 320 2602 11.
336 2587 378 2594 —
397 2577 410 2593 ²
429 2573 505 2605 Luc.
530 2583 618 2614 xxiv,
645 2572 699 2614 39.
721 2588 763 2597 --
782 2571 899 2608 3Joan.
915 2585 984 2618 xix,
1005 2575 1060 2618 37,
1079 2580 1114 2608 et
1136 2576 1232 2608 Zach·
1247 2586 1303 2617 xn,
1325 2586 1375 2608 ιο.
1398 2592 1441 2599 -

60 2622 76 2652 4
95 2625 211 2658 Matth.
229 2636 304 2667 xxv,
324 2625 379 2668 34,
400 2631 465 2661 etc.
