1825 3214
287 212 328 238 m
362 209 535 239 JoAmus
567 209 849 239 nuncianum
872 227 883 249 ‚
917 208 1063 238 miter.
1102 212 1173 238 xv.
1353 199 1429 237 131

52 291 190 336 usque
219 272 467 336 ba‘ptizandi
495 291 667 331 sumus,
692 278 816 320 Jesus
848 275 1055 335 baptizat.
1095 278 1279 321 Securus
1305 275 1438 321 homo

52 346 231 393 accedat
253 346 307 391 ad
326 346 575 392 inferiorem
592 347 839 392 ministrum
857 365 866 391 ε
882 346 1016 390 habet
1033 346 1148 390 enim
1174 347 1439 406 superiorem

53 417 325 476 magistrum.

112 490 187 532 IV.
217 486 300 533 Sed
323 487 435 532 forte
465 488 524 533 ait
547 487 727 548 aliquis,
752 486 946 546 Baptizat
967 485 1146 546 quidem
1169 486 1366 532 Christus
1396 488 1443 531 in

52 558 228 618 spiritu,
259 574 347 602 non
375 558 420 602 in
448 574 643 618 corpore.
671 557 803 611 Quasi
826 572 930 601 vero
958 555 1134 601 alterius
1162 556 1280 601 dono
1308 574 1442 617 quam

54 628 195 682 illius,
220 628 448 688 quisquam
472 629 602 673 ctiam
636 636 905 672 sacramento
933 626 1167 686 corporalis
1197 637 1240 671 et
1267 628 1444 672 visibilis

53 698 322 758 baptismatis
352 699 588 743 imbuatur.
615 698 689 743 Vis
720 713 845 742 nosse
873 698 976 758 quia
1004 698 1093 756 ipse
1115 698 1329 758 baptizat,
1355 714 1445 743 non

53 768 194 814 solum
216 769 368 828 spiritu
386 803 396 822 ‚
423 768 499 812 sed
520 769 649 813 etiam
672 783 784 828 aqua
800 769 818 812 P
835 768 951 812 Audi
974 768 1231 827 Apostolum
1254 787 1263 813 :
1285 787 1305 810 «
1325 769 1446 813 Sicut

58 859 78 882 η
112 840 325 894 Christus,
351 840 510 899 inquit,
537 839 687 884 dilexit
706 838 940 884 Ecclesiam
955 874 965 893 ‚
991 849 1094 884 etse
1113 840 1251 899 ipsum
1270 839 1448 885 tradidit

57 930 78 954 u
112 927 192 971 pro
213 927 262 956 ea
277 946 288 965 ‚
314 912 530 955 mundans
552 927 646 955 eam
670 911 841 956 lavacro
859 926 984 971 aquae
1007 911 1052 955 in
1074 912 1210 956 verbo
1225 947 1235 967 ‚
1259 921 1309 956 ut
1330 913 1447 956 exhi-

58 1000 78 1023 »
114 982 236 1025 beret
260 981 350 1040 ipse
372 981 451 1025 sibi
477 981 704 1040 gloriosam
726 980 961 1026 Ecclesiam
985 997 1073 1026 non
1097 982 1331 1027 habentem
1350 999 1447 1027 rna-

59 1070 78 1095 »
113 1051 257 1096 culam
281 1061 355 1096 aut
378 1067 529 1110 rugam
547 1087 557 1106 ‚
581 1062 654 1096 aut
677 1052 841 1112 aliquid
864 1052 1114 1111 hujusmodi
1132 1055 1160 1096 ¹.
1186 1072 1205 1095 »
1230 1054 1448 1099 Mundans

56 1138 166 1167 eam.
196 1122 350 1167 Unde?
373 1126 562 1167 Lavacro
585 1139 710 1183 aquae
733 1124 777 1166 in
799 1123 963 1167 verbo.‘
981 1123 1098 1175 Quid
1120 1133 1183 1168 est
1210 1125 1448 1184 baptismus

56 1194 241 1239 Christi?
266 1197 504 1238 Lavacrum
531 1208 656 1254 aquae
678 1193 722 1237 in
751 1188 901 1238 verbo.
928 1192 1048 1238 Tolle
1070 1209 1255 1254 aquam,
1278 1211 1367 1240 non
1384 1205 1447 1240 cst

56 1265 296 1324 baptismus
314 1284 322 1310 :
348 1263 453 1309 tolle
475 1265 682 1319 verbum,
707 1281 797 1310 non
812 1275 876 1309 est
894 1265 1149 1324 baptismus.

117 1338 170 1380 V.
197 1338 292 1380 Jam
322 1351 425 1394 ergo
453 1336 519 1380 his
541 1336 780 1396 praejactis,
807 1351 883 1395 per
905 1352 1006 1395 quae.
1027 1337 1145 1380 venit
1168 1335 1222 1380 ad
1251 1336 1448 1382 collocu-

59 1406 221 1450 tionem
256 1421 355 1450 cum
385 1405 456 1450 illa
493 1406 696 1461 muliere,
734 1405 959 1451 videamus
989 1422 1088 1465 quae
1121 1416 1284 1452 restant
1318 1408 1446 1468 plena

58 1476 298 1534 mysteriis,
336 1486 379 1520 ct
412 1476 586 1535 gravida
618 1477 907 1521 sacramentis.
957 1495 976 1518 «
1004 1478 1243 1536 Oportebat
1273 1487 1443 1535 autem,

62 1566 82 1588 »
118 1547 281 1607 inquit,
306 1562 405 1591 eum
436 1547 617 1591 transire
643 1562 720 1606 per
744 1547 980 1592 Samariam
1000 1563 1010 1589 .-
1030 1548 1150 1591 venit
1172 1563 1275 1607 ergo
1302 1549 1348 1592 in
1381 1550 1447 1593 ci-

61 1635 81 1658 »
115 1617 294 1662 vitatem
320 1617 520 1662 Samariae
553 1633 652 1676 quae
684 1616 843 1660 dicitur
878 1617 1052 1670 Sichar‚
1085 1618 1208 1677 juxta
1232 1618 1445 1677 praedium

60 1706 81 1730 »
115 1688 236 1748 quod
258 1687 378 1732 dedit
399 1687 534 1732 Jacob
557 1687 646 1731 filio
668 1703 746 1732 suo
769 1688 945 1746 Joseph.
974 1690 1077 1731 Erat
1099 1697 1243 1733 autem
1265 1689 1327 1733 ibi
1349 1689 1446 1735 fons

62 1776 82 1800 »
118 1758 271 1803 Jacob.
294 1761 311 1784 ²
331 1776 350 1798 »
374 1761 536 1802 Puteus
559 1766 649 1801 erat
667 1776 676 1802 :
697 1756 772 1802 sed
787 1757 926 1801 omnis
943 1766 1098 1816 puteus
1117 1757 1213 1802 fons
1227 1794 1238 1814 ‚
1255 1775 1348 1804 non⁴
1359 1775 1448 1804 om·

57 1827 123 1872 nis
144 1827 242 1872 fons
264 1836 421 1887 puteus
436 1861 445 1870 .
479 1826 560 1871 Ubi
586 1827 703 1870 enim
725 1842 838 1886 aqua
866 1826 921 1871 de
945 1835 1057 1871 terra
1078 1838 1248 1883 manat,
1281 1838 1323 1873 et
1344 1830 1443 1874 usui

57 1898 277 1958 praebetur
291 1896 615 1951 haurientibus,
630 1896 726 1941 fons
748 1896 909 1940 dicitur
929 1915 937 1942 ε
963 1896 1037 1942 sed
1051 1897 1085 1942 si
1105 1899 1151 1942 in
1172 1909 1379 1960 promptu
1402 1909 1445 1945 et

57 1968 283 2027 superficie
314 1967 395 2021 sit,
430 1964 527 2011 fons
556 1975 729 2010 tantum
760 1965 946 2025 dicitur3
976 1967 1010 2012 si
1044 1977 1190 2012 autem
1218 1970 1263 2014 in
1286 1970 1374 2015 alto
1401 1980 1445 2015 et

57 2037 280 2098 profundo
307 2038 385 2092 sit,
410 2037 469 2082 ita
502 2046 658 2097 puteus
686 2046 891 2093 vocatur,
922 2047 972 2082 ut
1004 2037 1137 2085 fontis
1165 2055 1327 2085 nomen
1354 2057 1445 2087 non

58 2109 243 2155 amittat.

117 2182 193 2224 VI.
218 2198 238 2221 «
255 2181 378 2223 Jesus
399 2192 503 2236 ergo
525 2177 727 2236 fatigatus
748 2193 799 2222 ex
821 2178 976 2222 itinere
992 2214 1002 2234 ,
1027 2179 1204 2224 sedebat
1231 2182 1290 2227 sic
1312 2198 1442 2242 super

61 2268 82 2292 »
116 2249 300 2295 fontem.
327 2251 441 2294 Hora
468 2257 561 2292 erat
584 2247 709 2307 quasi
730 2257 844 2292 sexta
864 2250 896 2292 3.
918 2266 938 2289 »
965 2251 1060 2292 Jam
1085 2250 1301 2310 incipiunt
1321 2268 1443 2311 mys-

59 2322 180 2366 teria.
206 2323 302 2366 Non
321 2320 434 2363 enim
459 2318 617 2363 frustra
635 2318 842 2378 fatigatur
859 2322 1007 2376 Jesus;
1033 2336 1122 2364 non
1146 2322 1261 2366 enim
1284 2323 1442 2369 frustra

59 2391 266 2451 fatigatur
282 2391 430 2435 Virtus
446 2389 544 2447 Dei3
564 2405 651 2434 non
664 2390 779 2433 enim
796 2390 954 2434 frustra
973 2390 1196 2450 fatigatur,
1218 2409 1293 2453 per
1309 2410 1441 2455 quem

59 2462 227 2524 fatigati
248 2471 497 2507 recreantur
513 2481 524 2519 3
544 2477 633 2507 non
647 2461 761 2507 enim
778 2460 935 2506 frustra
959 2460 1185 2522 fatigatur,
1211 2481 1300 2525 quo
1315 2466 1440 2510 dese-

109 2555 118 2571 ¹
145 2547 260 2590 Ephes.
283 2558 318 2588 v,
337 2545 391 2579 25.
411 2562 453 2569 —
472 2551 485 2568 2
505 2547 596 2579 Joan.
620 2556 666 2588 iv,
685 2544 718 2586 5,
736 2543 771 2577 6.
793 2561 834 2568 —
855 2543 868 2567 ³
894 2545 976 2578 Ibid.

1243 2602 1280 2640 9.
