<?xml version="1.0" encoding="UTF-8"?>
<!DOCTYPE html PUBLIC "-//W3C//DTD XHTML 1.0 Transitional//EN"
    "http://www.w3.org/TR/xhtml1/DTD/xhtml1-transitional.dtd">
<html xmlns="http://www.w3.org/1999/xhtml" xml:lang="en" lang="en">
 <head>
  <title>
</title>
<meta http-equiv="Content-Type" content="text/html;charset=utf-8" />
  <meta name='ocr-system' content='tesseract 3.04.00' />
  <meta name='ocr-capabilities' content='ocr_page ocr_carea ocr_par ocr_line ocrx_word'/>
</head>
<body>
  <div class='ocr_page' id='page_1' title='image "./operaomniaaccura15auguuoft_0145.png"; bbox 0 0 1825 3214; ppageno 0'>
   <div class='ocr_carea' id='block_1_1' title="bbox 303 247 1444 296">
    <p class='ocr_par' dir='ltr' id='par_1_1' title="bbox 303 247 1444 296">
     <span class='ocr_line' id='line_1_1' title="bbox 303 247 1444 296; baseline 0.001 -13"><span class='ocrx_word' id='word_1_1' title='bbox 303 259 342 284; x_wconf 74' lang='grc' dir='ltr'>ιΝ</span> <span class='ocrx_word' id='word_1_2' title='bbox 377 257 550 285; x_wconf 67' lang='lat' dir='ltr'>somnis</span> <span class='ocrx_word' id='word_1_3' title='bbox 583 256 887 296; x_wconf 62' lang='lat' dir='ltr'>numentum,</span> <span class='ocrx_word' id='word_1_4' title='bbox 922 258 1067 285; x_wconf 71' lang='lat' dir='ltr'>TnAc&#39;r.</span> <span class='ocrx_word' id='word_1_5' title='bbox 1107 257 1175 285; x_wconf 83' lang='lat' dir='ltr'>xv.</span> <span class='ocrx_word' id='word_1_6' title='bbox 1361 247 1444 285; x_wconf 78' lang='lat'>133</span> 
     </span>
    </p>
   </div>
   <div class='ocr_carea' id='block_1_2' title="bbox 65 322 1461 2562">
    <p class='ocr_par' dir='ltr' id='par_1_2' title="bbox 65 322 1458 1285">
     <span class='ocr_line' id='line_1_2' title="bbox 66 322 1445 383; baseline 0.001 -17"><span class='ocrx_word' id='word_1_7' title='bbox 66 332 174 367; x_wconf 82' lang='lat' dir='ltr'>trem</span> <span class='ocrx_word' id='word_1_8' title='bbox 199 330 341 366; x_wconf 85' lang='lat' dir='ltr'>tamen</span> <span class='ocrx_word' id='word_1_9' title='bbox 360 337 577 381; x_wconf 79' lang='lat' dir='ltr'>agnoscas.</span> <span class='ocrx_word' id='word_1_10' title='bbox 600 325 663 366; x_wconf 90' lang='lat' dir='ltr'>Ita</span> <span class='ocrx_word' id='word_1_11' title='bbox 687 323 734 366; x_wconf 79' lang='lat' dir='ltr'>fit</span> <span class='ocrx_word' id='word_1_12' title='bbox 755 322 830 366; x_wconf 85' lang='lat' dir='ltr'>alis</span> <span class='ocrx_word' id='word_1_13' title='bbox 849 322 1063 376; x_wconf 76' lang='lat' dir='ltr'>demissis,</span> <span class='ocrx_word' id='word_1_14' title='bbox 1086 323 1242 382; x_wconf 79' lang='lat' dir='ltr'>plumis</span> <span class='ocrx_word' id='word_1_15' title='bbox 1261 323 1445 383; x_wconf 88' lang='lat' dir='ltr'>bispida,</span> 
     </span>
     <span class='ocr_line' id='line_1_3' title="bbox 65 393 1451 454; baseline 0 -16"><span class='ocrx_word' id='word_1_16' title='bbox 65 408 172 438; x_wconf 87' lang='lat' dir='ltr'>voce</span> <span class='ocrx_word' id='word_1_17' title='bbox 186 393 543 447; x_wconf 83' lang='lat' dir='ltr'>rauea‚omnibus</span> <span class='ocrx_word' id='word_1_18' title='bbox 558 393 759 436; x_wconf 77' lang='lat' dir='ltr'>membris</span> <span class='ocrx_word' id='word_1_19' title='bbox 777 393 957 437; x_wconf 86' lang='lat' dir='ltr'>demissa</span> <span class='ocrx_word' id='word_1_20' title='bbox 977 402 1020 437; x_wconf 86' lang='lat' dir='ltr'>et</span> <span class='ocrx_word' id='word_1_21' title='bbox 1033 393 1215 452; x_wconf 81' lang='lat' dir='ltr'>abjecta,</span> <span class='ocrx_word' id='word_1_22' title='bbox 1237 403 1285 437; x_wconf 91' lang='lat' dir='ltr'>ut</span> <span class='ocrx_word' id='word_1_23' title='bbox 1300 409 1451 454; x_wconf 83' lang='lat' dir='ltr'>quem-</span> 
     </span>
     <span class='ocr_line' id='line_1_4' title="bbox 67 462 1450 517; baseline 0.001 -10"><span class='ocrx_word' id='word_1_24' title='bbox 67 462 303 508; x_wconf 85' lang='lat' dir='ltr'>admodum</span> <span class='ocrx_word' id='word_1_25' title='bbox 343 462 456 515; x_wconf 79' lang='lat' dir='ltr'>dixi,</span> <span class='ocrx_word' id='word_1_26' title='bbox 495 463 658 506; x_wconf 79' lang='lat' dir='ltr'>etiamsi</span> <span class='ocrx_word' id='word_1_27' title='bbox 695 463 804 506; x_wconf 82' lang='lat' dir='ltr'>filios</span> <span class='ocrx_word' id='word_1_28' title='bbox 839 479 927 507; x_wconf 87' lang='lat' dir='ltr'>non</span> <span class='ocrx_word' id='word_1_29' title='bbox 964 462 1108 507; x_wconf 83' lang='lat' dir='ltr'>videas</span> <span class='ocrx_word' id='word_1_30' title='bbox 1126 498 1136 517; x_wconf 93' lang='lat'>,</span> <span class='ocrx_word' id='word_1_31' title='bbox 1173 473 1353 507; x_wconf 90' lang='lat' dir='ltr'>matrem</span> <span class='ocrx_word' id='word_1_32' title='bbox 1386 473 1450 508; x_wconf 87' lang='lat' dir='ltr'>ta-</span> 
     </span>
     <span class='ocr_line' id='line_1_5' title="bbox 68 533 1452 593; baseline -0.001 -15"><span class='ocrx_word' id='word_1_33' title='bbox 68 533 410 593; x_wconf 80' lang='lat' dir='ltr'>menintelligas.</span> <span class='ocrx_word' id='word_1_34' title='bbox 433 533 500 578; x_wconf 84' lang='lat' dir='ltr'>Sic</span> <span class='ocrx_word' id='word_1_35' title='bbox 523 549 626 592; x_wconf 81' lang='lat' dir='ltr'>ergo</span> <span class='ocrx_word' id='word_1_36' title='bbox 648 534 847 578; x_wconf 84' lang='lat' dir='ltr'>infirmus</span> <span class='ocrx_word' id='word_1_37' title='bbox 871 537 1011 588; x_wconf 86' lang='lat' dir='ltr'>Jesus,</span> <span class='ocrx_word' id='word_1_38' title='bbox 1030 534 1230 592; x_wconf 82' lang='lat' dir='ltr'>fatigatus</span> <span class='ocrx_word' id='word_1_39' title='bbox 1250 535 1304 577; x_wconf 91' lang='lat' dir='ltr'>ab</span> <span class='ocrx_word' id='word_1_40' title='bbox 1324 535 1452 578; x_wconf 87' lang='lat' dir='ltr'>itine-</span> 
     </span>
     <span class='ocr_line' id='line_1_6' title="bbox 68 605 1453 665; baseline -0.001 -16"><span class='ocrx_word' id='word_1_41' title='bbox 68 620 128 649; x_wconf 90' lang='lat' dir='ltr'>re.</span> <span class='ocrx_word' id='word_1_42' title='bbox 154 608 240 648; x_wconf 82' lang='lat' dir='ltr'>lter</span> <span class='ocrx_word' id='word_1_43' title='bbox 262 605 392 664; x_wconf 87' lang='lat' dir='ltr'>ipsius</span> <span class='ocrx_word' id='word_1_44' title='bbox 415 613 478 648; x_wconf 89' lang='lat' dir='ltr'>est</span> <span class='ocrx_word' id='word_1_45' title='bbox 493 620 591 649; x_wconf 85' lang='lat' dir='ltr'>caro</span> <span class='ocrx_word' id='word_1_46' title='bbox 605 620 683 664; x_wconf 87' lang='lat' dir='ltr'>pro</span> <span class='ocrx_word' id='word_1_47' title='bbox 701 605 824 649; x_wconf 94' lang='lat' dir='ltr'>nobis</span> <span class='ocrx_word' id='word_1_48' title='bbox 840 615 1071 665; x_wconf 79' lang='lat' dir='ltr'>assumpta.</span> <span class='ocrx_word' id='word_1_49' title='bbox 1090 605 1321 658; x_wconf 85' lang='lat' dir='ltr'>Quomodo</span> <span class='ocrx_word' id='word_1_50' title='bbox 1336 607 1453 649; x_wconf 89' lang='lat' dir='ltr'>enim</span> 
     </span>
     <span class='ocr_line' id='line_1_7' title="bbox 69 675 1450 736; baseline 0.001 -18"><span class='ocrx_word' id='word_1_51' title='bbox 69 676 150 720; x_wconf 87' lang='lat' dir='ltr'>iter</span> <span class='ocrx_word' id='word_1_52' title='bbox 178 675 309 719; x_wconf 84' lang='lat' dir='ltr'>habet</span> <span class='ocrx_word' id='word_1_53' title='bbox 336 676 411 735; x_wconf 81' lang='lat' dir='ltr'>qui</span> <span class='ocrx_word' id='word_1_54' title='bbox 440 675 603 735; x_wconf 86' lang='lat' dir='ltr'>ubique</span> <span class='ocrx_word' id='word_1_55' title='bbox 626 684 710 729; x_wconf 87' lang='lat' dir='ltr'>est,</span> <span class='ocrx_word' id='word_1_56' title='bbox 746 676 821 736; x_wconf 86' lang='lat' dir='ltr'>qui</span> <span class='ocrx_word' id='word_1_57' title='bbox 853 691 1067 736; x_wconf 82' lang='lat' dir='ltr'>nusquam</span> <span class='ocrx_word' id='word_1_58' title='bbox 1101 675 1252 719; x_wconf 77' lang='lat' dir='ltr'>deest?</span> <span class='ocrx_word' id='word_1_59' title='bbox 1273 678 1370 728; x_wconf 90' lang='lat' dir='ltr'>Quo</span> <span class='ocrx_word' id='word_1_60' title='bbox 1393 677 1450 729; x_wconf 84' lang='lat' dir='ltr'>it,</span> 
     </span>
     <span class='ocr_line' id='line_1_8' title="bbox 69 745 1457 806; baseline 0 -16"><span class='ocrx_word' id='word_1_61' title='bbox 69 756 143 791; x_wconf 86' lang='lat' dir='ltr'>aut</span> <span class='ocrx_word' id='word_1_62' title='bbox 165 745 282 790; x_wconf 88' lang='lat' dir='ltr'>unde</span> <span class='ocrx_word' id='word_1_63' title='bbox 305 747 338 790; x_wconf 90' lang='lat' dir='ltr'>it</span> <span class='ocrx_word' id='word_1_64' title='bbox 363 782 373 800; x_wconf 86' lang='lat'>‚</span> <span class='ocrx_word' id='word_1_65' title='bbox 395 747 472 789; x_wconf 86' lang='lat' dir='ltr'>nisi</span> <span class='ocrx_word' id='word_1_66' title='bbox 491 747 591 806; x_wconf 85' lang='lat' dir='ltr'>quia</span> <span class='ocrx_word' id='word_1_67' title='bbox 609 762 697 791; x_wconf 93' lang='lat' dir='ltr'>non</span> <span class='ocrx_word' id='word_1_68' title='bbox 715 746 769 790; x_wconf 91' lang='lat' dir='ltr'>ad</span> <span class='ocrx_word' id='word_1_69' title='bbox 792 763 870 791; x_wconf 88' lang='lat' dir='ltr'>nos</span> <span class='ocrx_word' id='word_1_70' title='bbox 892 748 1075 802; x_wconf 85' lang='lat' dir='ltr'>veniret,</span> <span class='ocrx_word' id='word_1_71' title='bbox 1098 748 1177 791; x_wconf 90' lang='lat' dir='ltr'>nisi</span> <span class='ocrx_word' id='word_1_72' title='bbox 1196 746 1379 792; x_wconf 84' lang='lat' dir='ltr'>formam</span> <span class='ocrx_word' id='word_1_73' title='bbox 1396 748 1457 791; x_wconf 90' lang='lat' dir='ltr'>vi-</span> 
     </span>
     <span class='ocr_line' id='line_1_9' title="bbox 69 817 1455 876; baseline -0.001 -15"><span class='ocrx_word' id='word_1_74' title='bbox 69 817 202 862; x_wconf 88' lang='lat' dir='ltr'>sibilis</span> <span class='ocrx_word' id='word_1_75' title='bbox 229 818 367 860; x_wconf 87' lang='lat' dir='ltr'>earnis</span> <span class='ocrx_word' id='word_1_76' title='bbox 389 819 647 860; x_wconf 79' lang='lat' dir='ltr'>assumeret?</span> <span class='ocrx_word' id='word_1_77' title='bbox 670 818 776 869; x_wconf 84' lang='lat' dir='ltr'>Quia</span> <span class='ocrx_word' id='word_1_78' title='bbox 799 832 902 876; x_wconf 86' lang='lat' dir='ltr'>ergo</span> <span class='ocrx_word' id='word_1_79' title='bbox 924 818 1070 861; x_wconf 90' lang='lat' dir='ltr'>venire</span> <span class='ocrx_word' id='word_1_80' title='bbox 1095 817 1149 861; x_wconf 86' lang='lat' dir='ltr'>ad</span> <span class='ocrx_word' id='word_1_81' title='bbox 1173 833 1248 862; x_wconf 91' lang='lat' dir='ltr'>nos</span> <span class='ocrx_word' id='word_1_82' title='bbox 1277 833 1328 861; x_wconf 90' lang='lat' dir='ltr'>eo</span> <span class='ocrx_word' id='word_1_83' title='bbox 1359 833 1455 861; x_wconf 91' lang='lat' dir='ltr'>mo-</span> 
     </span>
     <span class='ocr_line' id='line_1_10' title="bbox 69 887 1454 949; baseline -0.001 -16"><span class='ocrx_word' id='word_1_84' title='bbox 69 889 127 933; x_wconf 91' lang='lat' dir='ltr'>do</span> <span class='ocrx_word' id='word_1_85' title='bbox 149 888 352 946; x_wconf 83' lang='lat' dir='ltr'>diguatus</span> <span class='ocrx_word' id='word_1_86' title='bbox 374 897 452 941; x_wconf 86' lang='lat' dir='ltr'>est,</span> <span class='ocrx_word' id='word_1_87' title='bbox 479 897 526 931; x_wconf 91' lang='lat' dir='ltr'>ut</span> <span class='ocrx_word' id='word_1_88' title='bbox 549 888 592 930; x_wconf 89' lang='lat' dir='ltr'>in</span> <span class='ocrx_word' id='word_1_89' title='bbox 616 887 751 932; x_wconf 85' lang='lat' dir='ltr'>forma</span> <span class='ocrx_word' id='word_1_90' title='bbox 763 889 871 932; x_wconf 89' lang='lat' dir='ltr'>servi</span> <span class='ocrx_word' id='word_1_91' title='bbox 896 898 1111 948; x_wconf 88' lang='lat' dir='ltr'>assumpta</span> <span class='ocrx_word' id='word_1_92' title='bbox 1130 905 1258 933; x_wconf 88' lang='lat' dir='ltr'>carne</span> <span class='ocrx_word' id='word_1_93' title='bbox 1272 904 1454 949; x_wconf 89' lang='lat' dir='ltr'>appare-</span> 
     </span>
     <span class='ocr_line' id='line_1_11' title="bbox 69 958 1455 1019; baseline 0 -17"><span class='ocrx_word' id='word_1_94' title='bbox 69 967 154 1012; x_wconf 85' lang='lat' dir='ltr'>ret,</span> <span class='ocrx_word' id='word_1_95' title='bbox 182 959 268 1017; x_wconf 83' lang='lat' dir='ltr'>ipsa</span> <span class='ocrx_word' id='word_1_96' title='bbox 292 958 431 1002; x_wconf 82' lang='lat' dir='ltr'>earnis</span> <span class='ocrx_word' id='word_1_97' title='bbox 453 959 688 1017; x_wconf 86' lang='lat' dir='ltr'>assumptio</span> <span class='ocrx_word' id='word_1_98' title='bbox 705 968 766 1002; x_wconf 91' lang='lat' dir='ltr'>est</span> <span class='ocrx_word' id='word_1_99' title='bbox 784 959 865 1003; x_wconf 90' lang='lat' dir='ltr'>iter</span> <span class='ocrx_word' id='word_1_100' title='bbox 887 959 1032 1018; x_wconf 85' lang='lat' dir='ltr'>ipsius.</span> <span class='ocrx_word' id='word_1_101' title='bbox 1056 959 1160 1004; x_wconf 89' lang='lat' dir='ltr'>Ideo</span> <span class='ocrx_word' id='word_1_102' title='bbox 1179 959 1382 1019; x_wconf 83' lang='lat' dir='ltr'>fatigatus</span> <span class='ocrx_word' id='word_1_103' title='bbox 1401 959 1455 1003; x_wconf 93' lang='lat' dir='ltr'>ab</span> 
     </span>
     <span class='ocr_line' id='line_1_12' title="bbox 68 1028 1456 1090; baseline 0 -16"><span class='ocrx_word' id='word_1_104' title='bbox 68 1030 244 1084; x_wconf 88' lang='lat' dir='ltr'>itinere,</span> <span class='ocrx_word' id='word_1_105' title='bbox 266 1028 372 1088; x_wconf 82' lang='lat' dir='ltr'>quid</span> <span class='ocrx_word' id='word_1_106' title='bbox 388 1038 452 1073; x_wconf 87' lang='lat' dir='ltr'>est</span> <span class='ocrx_word' id='word_1_107' title='bbox 473 1029 591 1073; x_wconf 85' lang='lat' dir='ltr'>aliud</span> <span class='ocrx_word' id='word_1_108' title='bbox 608 1065 617 1083; x_wconf 89' lang='lat'><em>‚</em></span> <span class='ocrx_word' id='word_1_109' title='bbox 638 1045 770 1090; x_wconf 87' lang='lat' dir='ltr'>quam</span> <span class='ocrx_word' id='word_1_110' title='bbox 789 1029 992 1089; x_wconf 82' lang='lat' dir='ltr'>fatigatus</span> <span class='ocrx_word' id='word_1_111' title='bbox 1014 1031 1058 1074; x_wconf 90' lang='lat' dir='ltr'>in</span> <span class='ocrx_word' id='word_1_112' title='bbox 1081 1033 1235 1075; x_wconf 70' lang='lat' dir='ltr'>earne?</span> <span class='ocrx_word' id='word_1_113' title='bbox 1254 1032 1456 1074; x_wconf 77' lang='lat' dir='ltr'>Infirmus</span> 
     </span>
     <span class='ocr_line' id='line_1_13' title="bbox 70 1099 1458 1158; baseline -0.001 -14"><span class='ocrx_word' id='word_1_114' title='bbox 70 1101 112 1144; x_wconf 92' lang='lat' dir='ltr'>in</span> <span class='ocrx_word' id='word_1_115' title='bbox 130 1115 259 1144; x_wconf 87' lang='lat' dir='ltr'>carne</span> <span class='ocrx_word' id='word_1_116' title='bbox 283 1102 406 1143; x_wconf 88' lang='lat' dir='ltr'>Jesus</span> <span class='ocrx_word' id='word_1_117' title='bbox 427 1115 435 1140; x_wconf 92' lang='lat'>:</span> <span class='ocrx_word' id='word_1_118' title='bbox 463 1099 537 1144; x_wconf 88' lang='lat' dir='ltr'>sed</span> <span class='ocrx_word' id='word_1_119' title='bbox 560 1099 651 1143; x_wconf 92' lang='lat' dir='ltr'>noli</span> <span class='ocrx_word' id='word_1_120' title='bbox 673 1109 722 1144; x_wconf 88' lang='lat' dir='ltr'>tu</span> <span class='ocrx_word' id='word_1_121' title='bbox 744 1100 978 1158; x_wconf 57' lang='lat' dir='ltr'>infirmarig</span> <span class='ocrx_word' id='word_1_122' title='bbox 1001 1101 1046 1144; x_wconf 90' lang='lat' dir='ltr'>in</span> <span class='ocrx_word' id='word_1_123' title='bbox 1070 1100 1184 1144; x_wconf 87' lang='lat' dir='ltr'>illius</span> <span class='ocrx_word' id='word_1_124' title='bbox 1207 1101 1458 1144; x_wconf 73' lang='lat' dir='ltr'>infirmitate</span> 
     </span>
     <span class='ocr_line' id='line_1_14' title="bbox 70 1169 1458 1230; baseline 0 -15"><span class='ocrx_word' id='word_1_125' title='bbox 70 1180 118 1215; x_wconf 92' lang='lat' dir='ltr'>tu</span> <span class='ocrx_word' id='word_1_126' title='bbox 136 1169 258 1215; x_wconf 71' lang='lat' dir='ltr'>fortis</span> <span class='ocrx_word' id='word_1_127' title='bbox 280 1179 371 1215; x_wconf 90' lang='lat' dir='ltr'>esto</span> <span class='ocrx_word' id='word_1_128' title='bbox 391 1189 399 1216; x_wconf 89' lang='grc'>;</span> <span class='ocrx_word' id='word_1_129' title='bbox 419 1171 519 1230; x_wconf 87' lang='lat' dir='ltr'>quia</span> <span class='ocrx_word' id='word_1_130' title='bbox 542 1170 662 1230; x_wconf 88' lang='lat' dir='ltr'>quod</span> <span class='ocrx_word' id='word_1_131' title='bbox 683 1169 904 1214; x_wconf 85' lang='lat' dir='ltr'>infirmum</span> <span class='ocrx_word' id='word_1_132' title='bbox 923 1179 986 1215; x_wconf 92' lang='lat' dir='ltr'>est</span> <span class='ocrx_word' id='word_1_133' title='bbox 1003 1171 1102 1225; x_wconf 82' lang='lat' dir='ltr'>Dei⁷</span> <span class='ocrx_word' id='word_1_134' title='bbox 1129 1169 1282 1215; x_wconf 74' lang='lat' dir='ltr'>t&#39;ortius</span> <span class='ocrx_word' id='word_1_135' title='bbox 1304 1179 1366 1214; x_wconf 89' lang='lat' dir='ltr'>est</span> <span class='ocrx_word' id='word_1_136' title='bbox 1382 1171 1458 1215; x_wconf 90' lang='lat' dir='ltr'>ho-</span> 
     </span>
     <span class='ocr_line' id='line_1_15' title="bbox 68 1241 547 1285; baseline -0.004 0"><span class='ocrx_word' id='word_1_137' title='bbox 68 1241 259 1285; x_wconf 88' lang='lat' dir='ltr'>minibus</span> <span class='ocrx_word' id='word_1_138' title='bbox 276 1243 305 1284; x_wconf 93' lang='lat'>¹.</span> <span class='ocrx_word' id='word_1_139' title='bbox 543 1245 547 1248; x_wconf 82' lang='lat'>&#39;</span> 
     </span>
    </p>

    <p class='ocr_par' dir='ltr' id='par_1_3' title="bbox 68 1310 1461 2562">
     <span class='ocr_line' id='line_1_16' title="bbox 126 1310 1459 1371; baseline 0 -16"><span class='ocrx_word' id='word_1_140' title='bbox 126 1313 249 1355; x_wconf 79' lang='lat' dir='ltr'>vlu.</span> <span class='ocrx_word' id='word_1_141' title='bbox 273 1311 363 1356; x_wconf 89' lang='lat' dir='ltr'>Sub</span> <span class='ocrx_word' id='word_1_142' title='bbox 387 1312 467 1355; x_wconf 84' lang='lat' dir='ltr'>hae</span> <span class='ocrx_word' id='word_1_143' title='bbox 490 1326 633 1355; x_wconf 89' lang='lat' dir='ltr'>rerum</span> <span class='ocrx_word' id='word_1_144' title='bbox 657 1311 842 1369; x_wconf 80' lang='lat' dir='ltr'>imagine</span> <span class='ocrx_word' id='word_1_145' title='bbox 867 1310 1007 1355; x_wconf 85' lang='lat' dir='ltr'>Adam</span> <span class='ocrx_word' id='word_1_146' title='bbox 1028 1311 1102 1371; x_wconf 89' lang='lat' dir='ltr'>qui</span> <span class='ocrx_word' id='word_1_147' title='bbox 1125 1320 1215 1354; x_wconf 86' lang='lat' dir='ltr'>erat</span> <span class='ocrx_word' id='word_1_148' title='bbox 1237 1311 1375 1355; x_wconf 86' lang='lat' dir='ltr'>forma</span> <span class='ocrx_word' id='word_1_149' title='bbox 1396 1310 1459 1355; x_wconf 86' lang='lat' dir='ltr'>su-</span> 
     </span>
     <span class='ocr_line' id='line_1_17' title="bbox 69 1380 1460 1440; baseline 0 -14"><span class='ocrx_word' id='word_1_150' title='bbox 69 1381 183 1436; x_wconf 86' lang='lat' dir='ltr'>turi,</span> <span class='ocrx_word' id='word_1_151' title='bbox 215 1380 404 1440; x_wconf 68' lang='lat' dir='ltr'>praebuit</span> <span class='ocrx_word' id='word_1_152' title='bbox 433 1381 557 1425; x_wconf 90' lang='lat' dir='ltr'>nobis</span> <span class='ocrx_word' id='word_1_153' title='bbox 589 1395 796 1439; x_wconf 83' lang='lat' dir='ltr'>magnum</span> <span class='ocrx_word' id='word_1_154' title='bbox 831 1380 1040 1426; x_wconf 87' lang='lat' dir='ltr'>indicium</span> <span class='ocrx_word' id='word_1_155' title='bbox 1064 1382 1346 1437; x_wconf 81' lang='lat' dir='ltr'>sacramenti,</span> <span class='ocrx_word' id='word_1_156' title='bbox 1373 1382 1460 1426; x_wconf 92' lang='lat' dir='ltr'>imo</span> 
     </span>
     <span class='ocr_line' id='line_1_18' title="bbox 69 1450 1460 1510; baseline -0.001 -15"><span class='ocrx_word' id='word_1_157' title='bbox 69 1454 183 1495; x_wconf 89' lang='lat' dir='ltr'>Deus</span> <span class='ocrx_word' id='word_1_158' title='bbox 208 1451 252 1494; x_wconf 90' lang='lat' dir='ltr'>in</span> <span class='ocrx_word' id='word_1_159' title='bbox 274 1450 349 1495; x_wconf 90' lang='lat' dir='ltr'>illo</span> <span class='ocrx_word' id='word_1_160' title='bbox 372 1452 558 1510; x_wconf 83' lang='lat' dir='ltr'>praebuit</span> <span class='ocrx_word' id='word_1_161' title='bbox 576 1454 606 1493; x_wconf 70' lang='lat'>2.</span> <span class='ocrx_word' id='word_1_162' title='bbox 631 1453 740 1495; x_wconf 89' lang='lat' dir='ltr'>Nam</span> <span class='ocrx_word' id='word_1_163' title='bbox 763 1459 806 1494; x_wconf 88' lang='lat' dir='ltr'>et</span> <span class='ocrx_word' id='word_1_164' title='bbox 828 1450 1047 1496; x_wconf 89' lang='lat' dir='ltr'>dormiens</span> <span class='ocrx_word' id='word_1_165' title='bbox 1069 1453 1229 1496; x_wconf 87' lang='lat' dir='ltr'>meruit</span> <span class='ocrx_word' id='word_1_166' title='bbox 1265 1451 1460 1510; x_wconf 82' lang='lat' dir='ltr'>accipere</span> 
     </span>
     <span class='ocr_line' id='line_1_19' title="bbox 70 1520 1460 1581; baseline -0.001 -16"><span class='ocrx_word' id='word_1_167' title='bbox 70 1537 245 1566; x_wconf 79' lang='lat' dir='ltr'>uxorem</span> <span class='ocrx_word' id='word_1_168' title='bbox 277 1531 320 1565; x_wconf 89' lang='lat' dir='ltr'>et</span> <span class='ocrx_word' id='word_1_169' title='bbox 350 1522 405 1565; x_wconf 90' lang='lat' dir='ltr'>de</span> <span class='ocrx_word' id='word_1_170' title='bbox 428 1531 543 1566; x_wconf 79' lang='lat' dir='ltr'>costa</span> <span class='ocrx_word' id='word_1_171' title='bbox 567 1522 656 1581; x_wconf 86' lang='lat' dir='ltr'>ejus</span> <span class='ocrx_word' id='word_1_172' title='bbox 685 1520 798 1565; x_wconf 85' lang='lat' dir='ltr'>sacta</span> <span class='ocrx_word' id='word_1_173' title='bbox 827 1531 891 1566; x_wconf 92' lang='lat' dir='ltr'>est</span> <span class='ocrx_word' id='word_1_174' title='bbox 920 1522 958 1565; x_wconf 90' lang='lat' dir='ltr'>ei</span> <span class='ocrx_word' id='word_1_175' title='bbox 979 1537 1090 1566; x_wconf 80' lang='lat' dir='ltr'>uxor</span> <span class='ocrx_word' id='word_1_176' title='bbox 1114 1524 1154 1567; x_wconf 76' lang='lat'>3:</span> <span class='ocrx_word' id='word_1_177' title='bbox 1174 1522 1380 1581; x_wconf 86' lang='lat' dir='ltr'>quoniam</span> <span class='ocrx_word' id='word_1_178' title='bbox 1405 1521 1460 1564; x_wconf 88' lang='lat' dir='ltr'>de</span> 
     </span>
     <span class='ocr_line' id='line_1_20' title="bbox 70 1589 1460 1636; baseline -0.001 -1"><span class='ocrx_word' id='word_1_179' title='bbox 70 1593 241 1636; x_wconf 90' lang='lat' dir='ltr'>Christo</span> <span class='ocrx_word' id='word_1_180' title='bbox 264 1592 307 1635; x_wconf 91' lang='lat' dir='ltr'>in</span> <span class='ocrx_word' id='word_1_181' title='bbox 330 1607 458 1636; x_wconf 88' lang='lat' dir='ltr'>cruce</span> <span class='ocrx_word' id='word_1_182' title='bbox 480 1590 724 1635; x_wconf 84' lang='lat' dir='ltr'>dormiente</span> <span class='ocrx_word' id='word_1_183' title='bbox 753 1589 898 1635; x_wconf 89' lang='lat' dir='ltr'>futura</span> <span class='ocrx_word' id='word_1_184' title='bbox 922 1600 1012 1635; x_wconf 85' lang='lat' dir='ltr'>erat</span> <span class='ocrx_word' id='word_1_185' title='bbox 1039 1590 1228 1635; x_wconf 83' lang='lat' dir='ltr'>Ecclesia</span> <span class='ocrx_word' id='word_1_186' title='bbox 1251 1591 1304 1634; x_wconf 87' lang='lat' dir='ltr'>de</span> <span class='ocrx_word' id='word_1_187' title='bbox 1326 1590 1460 1634; x_wconf 84' lang='lat' dir='ltr'>latere</span> 
     </span>
     <span class='ocr_line' id='line_1_21' title="bbox 69 1661 1460 1723; baseline -0.001 -17"><span class='ocrx_word' id='word_1_188' title='bbox 69 1664 175 1723; x_wconf 87' lang='lat' dir='ltr'>ejus,</span> <span class='ocrx_word' id='word_1_189' title='bbox 190 1662 244 1706; x_wconf 91' lang='lat' dir='ltr'>de</span> <span class='ocrx_word' id='word_1_190' title='bbox 256 1663 389 1707; x_wconf 89' lang='lat' dir='ltr'>latere</span> <span class='ocrx_word' id='word_1_191' title='bbox 402 1661 564 1707; x_wconf 86' lang='lat' dir='ltr'>seilicet</span> <span class='ocrx_word' id='word_1_192' title='bbox 578 1661 831 1706; x_wconf 89' lang='lat' dir='ltr'>dormientis</span> <span class='ocrx_word' id='word_1_193' title='bbox 845 1681 854 1707; x_wconf 87' lang='lat'>:</span> <span class='ocrx_word' id='word_1_194' title='bbox 869 1662 970 1722; x_wconf 87' lang='lat' dir='ltr'>quia</span> <span class='ocrx_word' id='word_1_195' title='bbox 989 1671 1031 1706; x_wconf 92' lang='lat' dir='ltr'>et</span> <span class='ocrx_word' id='word_1_196' title='bbox 1049 1663 1103 1706; x_wconf 92' lang='lat' dir='ltr'>de</span> <span class='ocrx_word' id='word_1_197' title='bbox 1120 1662 1252 1706; x_wconf 85' lang='lat' dir='ltr'>latere</span> <span class='ocrx_word' id='word_1_198' title='bbox 1268 1662 1313 1705; x_wconf 91' lang='lat' dir='ltr'>in</span> <span class='ocrx_word' id='word_1_199' title='bbox 1331 1677 1460 1706; x_wconf 87' lang='lat' dir='ltr'>cruce</span> 
     </span>
     <span class='ocr_line' id='line_1_22' title="bbox 68 1732 1460 1793; baseline -0.001 -16"><span class='ocrx_word' id='word_1_200' title='bbox 68 1734 299 1793; x_wconf 86' lang='lat' dir='ltr'>pendentis</span> <span class='ocrx_word' id='word_1_201' title='bbox 321 1733 469 1777; x_wconf 85' lang='lat' dir='ltr'>lancea</span> <span class='ocrx_word' id='word_1_202' title='bbox 491 1747 693 1792; x_wconf 85' lang='lat' dir='ltr'>percusso</span> <span class='ocrx_word' id='word_1_203' title='bbox 718 1743 983 1777; x_wconf 85' lang='lat' dir='ltr'>sacramenta</span> <span class='ocrx_word' id='word_1_204' title='bbox 1005 1732 1209 1778; x_wconf 77' lang='lat' dir='ltr'>Ecclesiae</span> <span class='ocrx_word' id='word_1_205' title='bbox 1237 1733 1460 1792; x_wconf 73' lang='lat' dir='ltr'>profluxe-</span> 
     </span>
     <span class='ocr_line' id='line_1_23' title="bbox 69 1802 1461 1863; baseline -0.001 -17"><span class='ocrx_word' id='word_1_206' title='bbox 69 1813 173 1847; x_wconf 89' lang='lat' dir='ltr'>runt</span> <span class='ocrx_word' id='word_1_207' title='bbox 192 1805 221 1847; x_wconf 75' lang='lat'>⁴.</span> <span class='ocrx_word' id='word_1_208' title='bbox 245 1802 329 1848; x_wconf 85' lang='lat' dir='ltr'>Sed</span> <span class='ocrx_word' id='word_1_209' title='bbox 350 1818 485 1863; x_wconf 86' lang='lat' dir='ltr'>quare</span> <span class='ocrx_word' id='word_1_210' title='bbox 509 1803 590 1846; x_wconf 90' lang='lat' dir='ltr'>hoc</span> <span class='ocrx_word' id='word_1_211' title='bbox 612 1802 756 1846; x_wconf 87' lang='lat' dir='ltr'>dicere</span> <span class='ocrx_word' id='word_1_212' title='bbox 779 1802 919 1858; x_wconf 84' lang='lat' dir='ltr'>volui,</span> <span class='ocrx_word' id='word_1_213' title='bbox 939 1802 1118 1847; x_wconf 75' lang='lat' dir='ltr'>iratres?</span> <span class='ocrx_word' id='word_1_214' title='bbox 1141 1802 1251 1855; x_wconf 88' lang='lat' dir='ltr'>Quia</span> <span class='ocrx_word' id='word_1_215' title='bbox 1280 1802 1461 1846; x_wconf 88' lang='lat' dir='ltr'>infirmi-</span> 
     </span>
     <span class='ocr_line' id='line_1_24' title="bbox 69 1871 1456 1932; baseline -0.002 -13"><span class='ocrx_word' id='word_1_216' title='bbox 69 1883 132 1919; x_wconf 87' lang='lat' dir='ltr'>tas</span> <span class='ocrx_word' id='word_1_217' title='bbox 164 1874 323 1918; x_wconf 88' lang='lat' dir='ltr'>Christi</span> <span class='ocrx_word' id='word_1_218' title='bbox 352 1888 429 1918; x_wconf 93' lang='lat' dir='ltr'>nos</span> <span class='ocrx_word' id='word_1_219' title='bbox 462 1872 564 1917; x_wconf 86' lang='lat' dir='ltr'>facit</span> <span class='ocrx_word' id='word_1_220' title='bbox 598 1871 744 1918; x_wconf 81' lang='lat' dir='ltr'>fortes,</span> <span class='ocrx_word' id='word_1_221' title='bbox 772 1876 930 1932; x_wconf 85' lang='lat' dir='ltr'>Magna</span> <span class='ocrx_word' id='word_1_222' title='bbox 963 1873 1024 1917; x_wconf 88' lang='lat' dir='ltr'>ibi</span> <span class='ocrx_word' id='word_1_223' title='bbox 1052 1873 1195 1932; x_wconf 83' lang='lat' dir='ltr'>imago</span> <span class='ocrx_word' id='word_1_224' title='bbox 1224 1874 1456 1932; x_wconf 70' lang='lat' dir='ltr'>prreeessit.</span> 
     </span>
     <span class='ocr_line' id='line_1_25' title="bbox 70 1941 1460 1988; baseline -0.001 0"><span class='ocrx_word' id='word_1_225' title='bbox 70 1944 215 1988; x_wconf 89' lang='lat' dir='ltr'>Potuit</span> <span class='ocrx_word' id='word_1_226' title='bbox 232 1946 343 1987; x_wconf 89' lang='lat' dir='ltr'>Deus</span> <span class='ocrx_word' id='word_1_227' title='bbox 366 1957 539 1987; x_wconf 87' lang='lat' dir='ltr'>carnem</span> <span class='ocrx_word' id='word_1_228' title='bbox 561 1942 789 1987; x_wconf 84' lang='lat' dir='ltr'>detrahere</span> <span class='ocrx_word' id='word_1_229' title='bbox 810 1943 976 1988; x_wconf 91' lang='lat' dir='ltr'>homini</span> <span class='ocrx_word' id='word_1_230' title='bbox 998 1944 1117 1987; x_wconf 91' lang='lat' dir='ltr'>unde</span> <span class='ocrx_word' id='word_1_231' title='bbox 1134 1941 1292 1987; x_wconf 87' lang='lat' dir='ltr'>faceret</span> <span class='ocrx_word' id='word_1_232' title='bbox 1315 1943 1460 1986; x_wconf 78' lang='lat' dir='ltr'>foemi-</span> 
     </span>
     <span class='ocr_line' id='line_1_26' title="bbox 68 2012 1461 2073; baseline -0.001 -15"><span class='ocrx_word' id='word_1_233' title='bbox 68 2029 171 2058; x_wconf 87' lang='lat' dir='ltr'>nam</span> <span class='ocrx_word' id='word_1_234' title='bbox 188 2048 198 2068; x_wconf 88' lang='lat'>,</span> <span class='ocrx_word' id='word_1_235' title='bbox 220 2022 262 2058; x_wconf 89' lang='lat' dir='ltr'>et</span> <span class='ocrx_word' id='word_1_236' title='bbox 295 2014 429 2071; x_wconf 87' lang='lat' dir='ltr'>magis</span> <span class='ocrx_word' id='word_1_237' title='bbox 461 2012 632 2057; x_wconf 87' lang='lat' dir='ltr'>videtur</span> <span class='ocrx_word' id='word_1_238' title='bbox 664 2013 787 2073; x_wconf 88' lang='lat' dir='ltr'>quasi</span> <span class='ocrx_word' id='word_1_239' title='bbox 815 2027 1055 2072; x_wconf 84' lang='lat' dir='ltr'>congruere</span> <span class='ocrx_word' id='word_1_240' title='bbox 1074 2014 1279 2072; x_wconf 84' lang='lat' dir='ltr'>potuisse.</span> <span class='ocrx_word' id='word_1_241' title='bbox 1306 2013 1461 2057; x_wconf 88' lang='lat' dir='ltr'>Fiebat</span> 
     </span>
     <span class='ocr_line' id='line_1_27' title="bbox 71 2083 1460 2142; baseline -0.001 -15"><span class='ocrx_word' id='word_1_242' title='bbox 71 2084 184 2127; x_wconf 87' lang='lat' dir='ltr'>enim</span> <span class='ocrx_word' id='word_1_243' title='bbox 215 2099 340 2128; x_wconf 83' lang='lat' dir='ltr'>sexus</span> <span class='ocrx_word' id='word_1_244' title='bbox 365 2083 603 2137; x_wconf 81' lang='lat' dir='ltr'>infirmior,</span> <span class='ocrx_word' id='word_1_245' title='bbox 635 2091 678 2126; x_wconf 87' lang='lat' dir='ltr'>et</span> <span class='ocrx_word' id='word_1_246' title='bbox 709 2083 843 2142; x_wconf 84' lang='lat' dir='ltr'>magis</span> <span class='ocrx_word' id='word_1_247' title='bbox 871 2083 926 2127; x_wconf 89' lang='lat' dir='ltr'>de</span> <span class='ocrx_word' id='word_1_248' title='bbox 953 2098 1081 2127; x_wconf 88' lang='lat' dir='ltr'>carne</span> <span class='ocrx_word' id='word_1_249' title='bbox 1111 2083 1338 2127; x_wconf 85' lang='lat' dir='ltr'>infirmitas</span> <span class='ocrx_word' id='word_1_250' title='bbox 1367 2084 1460 2127; x_wconf 85' lang='lat' dir='ltr'>fieri</span> 
     </span>
     <span class='ocr_line' id='line_1_28' title="bbox 70 2153 1456 2213; baseline 0.001 -16"><span class='ocrx_word' id='word_1_251' title='bbox 70 2153 224 2198; x_wconf 91' lang='lat' dir='ltr'>debuit</span> <span class='ocrx_word' id='word_1_252' title='bbox 250 2168 381 2213; x_wconf 87' lang='lat' dir='ltr'>quam</span> <span class='ocrx_word' id='word_1_253' title='bbox 406 2153 460 2197; x_wconf 89' lang='lat' dir='ltr'>de</span> <span class='ocrx_word' id='word_1_254' title='bbox 482 2168 600 2197; x_wconf 88' lang='lat' dir='ltr'>osse:</span> <span class='ocrx_word' id='word_1_255' title='bbox 627 2167 719 2197; x_wconf 90' lang='lat' dir='ltr'>ossa</span> <span class='ocrx_word' id='word_1_256' title='bbox 753 2154 869 2197; x_wconf 88' lang='lat' dir='ltr'>enim</span> <span class='ocrx_word' id='word_1_257' title='bbox 898 2154 944 2197; x_wconf 85' lang='lat' dir='ltr'>in</span> <span class='ocrx_word' id='word_1_258' title='bbox 971 2169 1099 2198; x_wconf 88' lang='lat' dir='ltr'>carne</span> <span class='ocrx_word' id='word_1_259' title='bbox 1127 2154 1316 2198; x_wconf 87' lang='lat' dir='ltr'>firmiora</span> <span class='ocrx_word' id='word_1_260' title='bbox 1339 2163 1456 2198; x_wconf 78' lang='lat' dir='ltr'>sunt,</span> 
     </span>
     <span class='ocr_line' id='line_1_29' title="bbox 70 2222 1461 2283; baseline 0 -14"><span class='ocrx_word' id='word_1_261' title='bbox 70 2226 166 2269; x_wconf 92' lang='lat' dir='ltr'>Non</span> <span class='ocrx_word' id='word_1_262' title='bbox 184 2224 368 2269; x_wconf 79' lang='lat' dir='ltr'>detraxit</span> <span class='ocrx_word' id='word_1_263' title='bbox 385 2239 555 2268; x_wconf 88' lang='lat' dir='ltr'>carnem</span> <span class='ocrx_word' id='word_1_264' title='bbox 581 2222 699 2268; x_wconf 88' lang='lat' dir='ltr'>unde</span> <span class='ocrx_word' id='word_1_265' title='bbox 718 2223 878 2268; x_wconf 88' lang='lat' dir='ltr'>faceret</span> <span class='ocrx_word' id='word_1_266' title='bbox 898 2225 1150 2283; x_wconf 80' lang='lat' dir='ltr'>mulierem3</span> <span class='ocrx_word' id='word_1_267' title='bbox 1178 2224 1253 2268; x_wconf 89' lang='lat' dir='ltr'>sed</span> <span class='ocrx_word' id='word_1_268' title='bbox 1275 2224 1461 2269; x_wconf 72' lang='lat' dir='ltr'>detraxit</span> 
     </span>
     <span class='ocr_line' id='line_1_30' title="bbox 73 2292 1459 2350; baseline 0 -12"><span class='ocrx_word' id='word_1_269' title='bbox 73 2309 140 2348; x_wconf 90' lang='lat' dir='ltr'>os,</span> <span class='ocrx_word' id='word_1_270' title='bbox 159 2303 202 2338; x_wconf 89' lang='lat' dir='ltr'>et</span> <span class='ocrx_word' id='word_1_271' title='bbox 232 2293 427 2338; x_wconf 85' lang='lat' dir='ltr'>detracto</span> <span class='ocrx_word' id='word_1_272' title='bbox 449 2309 542 2338; x_wconf 86' lang='lat' dir='ltr'>osse</span> <span class='ocrx_word' id='word_1_273' title='bbox 564 2292 749 2338; x_wconf 86' lang='lat' dir='ltr'>formata</span> <span class='ocrx_word' id='word_1_274' title='bbox 771 2304 834 2338; x_wconf 88' lang='lat' dir='ltr'>est</span> <span class='ocrx_word' id='word_1_275' title='bbox 855 2294 1012 2338; x_wconf 88' lang='lat' dir='ltr'>mulier</span> <span class='ocrx_word' id='word_1_276' title='bbox 1028 2331 1038 2350; x_wconf 84' lang='grc'>,</span> <span class='ocrx_word' id='word_1_277' title='bbox 1057 2304 1099 2339; x_wconf 85' lang='lat' dir='ltr'>et</span> <span class='ocrx_word' id='word_1_278' title='bbox 1121 2296 1165 2338; x_wconf 90' lang='lat' dir='ltr'>in</span> <span class='ocrx_word' id='word_1_279' title='bbox 1188 2295 1333 2340; x_wconf 88' lang='lat' dir='ltr'>locum</span> <span class='ocrx_word' id='word_1_280' title='bbox 1356 2295 1459 2339; x_wconf 83' lang='lat' dir='ltr'>ossis</span> 
     </span>
     <span class='ocr_line' id='line_1_31' title="bbox 73 2363 1459 2424; baseline 0 -16"><span class='ocrx_word' id='word_1_281' title='bbox 73 2379 172 2408; x_wconf 87' lang='lat' dir='ltr'>caro</span> <span class='ocrx_word' id='word_1_282' title='bbox 202 2363 435 2423; x_wconf 87' lang='lat' dir='ltr'>adimpleta</span> <span class='ocrx_word' id='word_1_283' title='bbox 461 2373 538 2408; x_wconf 91' lang='lat' dir='ltr'>est.</span> <span class='ocrx_word' id='word_1_284' title='bbox 565 2367 740 2408; x_wconf 91' lang='lat' dir='ltr'>Poterat</span> <span class='ocrx_word' id='word_1_285' title='bbox 767 2379 846 2423; x_wconf 90' lang='lat' dir='ltr'>pro</span> <span class='ocrx_word' id='word_1_286' title='bbox 868 2380 959 2409; x_wconf 90' lang='lat' dir='ltr'>osse</span> <span class='ocrx_word' id='word_1_287' title='bbox 983 2380 1029 2409; x_wconf 92' lang='lat' dir='ltr'>os</span> <span class='ocrx_word' id='word_1_288' title='bbox 1057 2364 1238 2409; x_wconf 87' lang='lat' dir='ltr'>reddere</span> <span class='ocrx_word' id='word_1_289' title='bbox 1255 2400 1265 2419; x_wconf 85' lang='lat'>,</span> <span class='ocrx_word' id='word_1_290' title='bbox 1289 2374 1459 2424; x_wconf 85' lang='lat' dir='ltr'>poterat</span> 
     </span>
     <span class='ocr_line' id='line_1_32' title="bbox 75 2433 1455 2489; baseline 0 -12"><span class='ocrx_word' id='word_1_291' title='bbox 75 2434 128 2478; x_wconf 87' lang='lat' dir='ltr'>ad</span> <span class='ocrx_word' id='word_1_292' title='bbox 153 2433 393 2477; x_wconf 87' lang='lat' dir='ltr'>faciendam</span> <span class='ocrx_word' id='word_1_293' title='bbox 422 2433 647 2477; x_wconf 89' lang='lat' dir='ltr'>mulierem</span> <span class='ocrx_word' id='word_1_294' title='bbox 671 2449 760 2477; x_wconf 92' lang='lat' dir='ltr'>non</span> <span class='ocrx_word' id='word_1_295' title='bbox 789 2443 973 2489; x_wconf 84' lang='lat' dir='ltr'>costam,</span> <span class='ocrx_word' id='word_1_296' title='bbox 999 2434 1073 2479; x_wconf 87' lang='lat' dir='ltr'>sed</span> <span class='ocrx_word' id='word_1_297' title='bbox 1105 2450 1279 2478; x_wconf 86' lang='lat' dir='ltr'>carnem</span> <span class='ocrx_word' id='word_1_298' title='bbox 1310 2435 1455 2478; x_wconf 86' lang='lat' dir='ltr'>detra-</span> 
     </span>
     <span class='ocr_line' id='line_1_33' title="bbox 73 2502 1457 2562; baseline -0.001 -15"><span class='ocrx_word' id='word_1_299' title='bbox 73 2503 189 2547; x_wconf 85' lang='lat' dir='ltr'>here.</span> <span class='ocrx_word' id='word_1_300' title='bbox 229 2502 344 2555; x_wconf 76' lang='lat' dir='ltr'>Quid</span> <span class='ocrx_word' id='word_1_301' title='bbox 371 2503 503 2562; x_wconf 85' lang='lat' dir='ltr'>igitur</span> <span class='ocrx_word' id='word_1_302' title='bbox 531 2503 819 2562; x_wconf 80' lang='lat' dir='ltr'>significavit?</span> <span class='ocrx_word' id='word_1_303' title='bbox 841 2506 972 2549; x_wconf 85' lang='lat' dir='ltr'>Facta</span> <span class='ocrx_word' id='word_1_304' title='bbox 1001 2514 1063 2548; x_wconf 88' lang='lat' dir='ltr'>est</span> <span class='ocrx_word' id='word_1_305' title='bbox 1087 2505 1244 2548; x_wconf 82' lang='lat' dir='ltr'>mulier</span> <span class='ocrx_word' id='word_1_306' title='bbox 1275 2505 1319 2547; x_wconf 88' lang='lat' dir='ltr'>in</span> <span class='ocrx_word' id='word_1_307' title='bbox 1339 2513 1457 2547; x_wconf 85' lang='lat' dir='ltr'>costa</span> 
     </span>
    </p>
   </div>
   <div class='ocr_carea' id='block_1_3' title="bbox 124 2585 1421 2628">
    <p class='ocr_par' dir='ltr' id='par_1_4' title="bbox 124 2585 1421 2628">
     <span class='ocr_line' id='line_1_34' title="bbox 124 2585 1421 2628; baseline 0 -10"><span class='ocrx_word' id='word_1_308' title='bbox 124 2594 131 2609; x_wconf 91' lang='lat'><em>¹</em></span> <span class='ocrx_word' id='word_1_309' title='bbox 157 2597 168 2618; x_wconf 90' lang='grc' dir='ltr'><strong>ι</strong></span> <span class='ocrx_word' id='word_1_310' title='bbox 189 2586 378 2627; x_wconf 81' lang='lat' dir='ltr'>Cor.r,15.</span> <span class='ocrx_word' id='word_1_311' title='bbox 403 2604 441 2610; x_wconf 90' lang='lat'>-—</span> <span class='ocrx_word' id='word_1_312' title='bbox 461 2594 474 2610; x_wconf 83' lang='lat'>&#39;¹</span> <span class='ocrx_word' id='word_1_313' title='bbox 497 2590 588 2619; x_wconf 81' lang='lat' dir='ltr'>Rom.</span> <span class='ocrx_word' id='word_1_314' title='bbox 609 2598 640 2626; x_wconf 81' lang='lat' dir='ltr'>v,</span> <span class='ocrx_word' id='word_1_315' title='bbox 670 2586 721 2627; x_wconf 69' lang='grc'>14.</span> <span class='ocrx_word' id='word_1_316' title='bbox 739 2603 780 2609; x_wconf 88' lang='grc'>-</span> <span class='ocrx_word' id='word_1_317' title='bbox 802 2585 814 2610; x_wconf 87' lang='lat'>3</span> <span class='ocrx_word' id='word_1_318' title='bbox 833 2589 910 2620; x_wconf 84' lang='lat' dir='ltr'>Gen.</span> <span class='ocrx_word' id='word_1_319' title='bbox 933 2599 971 2628; x_wconf 84' lang='lat'>11,</span> <span class='ocrx_word' id='word_1_320' title='bbox 995 2586 1421 2627; x_wconf 61' lang='lat' dir='ltr'>21.—4.1‹)an.x·1x,34.</span> 
     </span>
    </p>
   </div>
  </div>
 </body>
</html>
