1809 3173
362 185 442 225 104
795 194 827 221 s.
863 195 1093 224 Avensa-Im
1126 197 1305 224 15121500121

358 260 530 306 Domini
552 260 784 305 videretur.
813 262 880 304 Ad
901 261 983 305 hoc
1007 269 1151 304 autem
1173 261 1285 305 viam
1314 261 1503 320 praebuit
1531 262 1738 306 Dominus

358 341 503 376 noster
534 332 656 374 Jesus
674 331 868 376 Christus
884 366 895 386 ,
921 331 1030 374 sicut
1055 329 1254 386 audistis,
1276 330 1450 386 fratres,
1472 346 1526 374 ne
1548 331 1645 391 quis
1668 347 1738 375 ar-

358 417 510 460 rogans
533 401 654 462 quod
675 401 834 446 habeat
855 401 1167 445 abundantiam
1191 401 1373 462 alicujus
1392 402 1561 460 gratiae,
1588 401 1740 460 dedig-
1808 429 1809 432 =

358 483 485 520 netur
505 473 714 533 baptizari
737 472 950 532 baptismo
975 472 1156 517 Domini.
1186 476 1598 533 Quantumcumque
1626 474 1737 517 enim

357 545 694 590 catechumenus
716 544 935 602 proficiat,
966 543 1111 595 adhuc
1146 544 1357 587 sarcinam
1387 544 1624 604 iniquitatis
1653 559 1741 588 suae

356 624 501 677 portat
527 634 535 660 ;
559 629 648 659 non
682 612 745 657 illi
773 613 1030 669 dimittitur,
1057 614 1134 658 nisi
1169 628 1269 658 cum
1292 614 1459 658 venerit
1491 614 1546 658 ad
1578 614 1743 673 baptis-

358 701 494 731 mum.
513 684 745 738 Quomodo
768 699 856 728 non
874 685 1012 728 caruit
1034 683 1221 743 populus
1240 683 1373 727 Isra'e'l
1390 684 1555 743 populo
1575 687 1742 744 AEgyp-

359 758 536 810 tiorum,
553 755 634 799 nisi
657 769 757 798 cum
773 754 957 798 venisset
980 753 1036 798 ad
1057 768 1175 797 mare
1198 753 1382 797 rubrum
1397 756 1409 779 ¹
1431 773 1440 798 :
1464 754 1523 797 sic
1545 769 1742 813 pressura

358 837 637 888 peccatorum
671 840 800 870 nemo
828 833 971 879 caret,
1010 824 1091 868 nisi
1120 839 1220 868 cum
1254 824 1310 868 ad
1346 823 1513 870 fontem
1542 824 1743 885 baptismi

360 906 544 943 venerit.

419 970 517 1011 VII.
535 985 554 1008 «
573 969 705 1010 Facta
723 973 788 1009 est
803 979 906 1023 ergo
924 964 1106 1024 quaestio
1129 978 1179 1008 ex
1200 963 1420 1024 discipulis
1444 966 1623 1009 Joannis
1645 980 1746 1009 cum

362 1058 383 1081 »
419 1037 581 1082 Judaeis
604 1035 659 1080 de
677 1036 980 1095 purificatione
995 1037 1026 1078 ².
1051 1054 1071 1076 »
1097 1035 1352 1095 Baptizabat
1373 1038 1561 1080 Joannes
1575 1069 1586 1091 ,
1608 1035 1747 1095 bapti-

360 1110 485 1154 zabat
508 1108 704 1153 Christus
731 1126 740 1152 z
770 1107 876 1152 moti
904 1115 1007 1150 sunt
1041 1105 1241 1166 discipuli
1274 1107 1480 1162 Joannis,
1512 1122 1747 1152 concurre-

361 1182 490 1225 batur
511 1177 844 1233 ad,Christum,
881 1177 1139 1222 veniebatur
1167 1176 1220 1220 ad
1243 1179 1472 1221 Joannem.
1513 1177 1599 1230 Qui
1631 1178 1747 1221 enim

360 1250 597 1297 veniebant
614 1248 669 1293 ad
686 1251 711 1292 J
715 1263 917 1303 oannem,
934 1248 1135 1292 mittebat
1155 1247 1252 1292 illos
1271 1248 1326 1291 ad
1344 1250 1365 1291 J
1373 1263 1491 1292 esum
1514 1248 1744 1307 baptizari,

362 1338 451 1367 non
480 1321 767 1365 mittebantur
790 1320 845 1364 ad
869 1322 1104 1374 Joannem,
1126 1319 1203 1379 qui
1225 1335 1248 1363 a
1270 1319 1442 1364 Christo
1465 1320 1749 1379 baptizaban-

363 1404 449 1439 tur.
477 1391 656 1436 Turbati
676 1400 777 1435 sunt
806 1390 1007 1450 discipuli
1025 1390 1204 1435 Joannis
1228 1399 1271 1434 et
1292 1399 1521 1450 coeperunt
1543 1391 1749 1450 quaestio-

362 1478 462 1507 nem
485 1471 668 1506 tractare
689 1476 791 1505 cum
813 1464 837 1504 J
842 1461 999 1514 udaeis,
1024 1459 1247 1521 quomodo
1270 1460 1379 1504 solet
1396 1460 1502 1504 fieri.
1529 1459 1748 1519 Intelligas

361 1533 516 1578 dixisse
537 1532 713 1576 Judaeos
729 1565 740 1586 ,
772 1532 979 1590 majorem
1003 1546 1090 1575 esse
1112 1531 1355 1585 Christum,
1381 1539 1423 1574 et
1445 1529 1501 1574 ad
1523 1532 1614 1590 ejus
1637 1530 1749 1590 bap-

364 1604 539 1648 tismum
578 1601 739 1646 debere
760 1600 974 1645 concurri.
1016 1599 1084 1643 Illi
1108 1599 1305 1644 nondum
1333 1599 1644 1658 intelligentes,
1669 1600 1749 1644 de-

362 1673 603 1719 fendebant
644 1672 911 1732 baptismum
944 1671 1136 1715 Joannis.
1179 1674 1371 1715 Ventum
1408 1680 1473 1716 est
1509 1670 1565 1715 ad
1606 1672 1749 1731 ipsum

364 1748 388 1788 J
392 1758 594 1797 oannem,
615 1751 666 1786 ut
682 1742 867 1787 solveret
884 1732 1184 1802 quaestionem.
1199 1739 1418 1798 Intelligat
1439 1741 1634 1786 Charitas
1651 1744 1750 1786 Ves-

366 1825 430 1859 tra
460 1833 469 1858 ε
494 1816 551 1857 Et
571 1812 642 1856 hic
665 1811 827 1856 utilitas
860 1812 949 1871 ipsa
968 1810 1225 1854 humilitatis
1248 1811 1517 1868 agnoscitur,
1537 1821 1581 1856 et
1603 1821 1749 1856 osten-

366 1885 485 1929 ditur
517 1891 666 1927 utrum
698 1882 743 1926 in
772 1881 863 1940 ipsa
890 1880 1134 1940 quaestione
1163 1895 1263 1924 cum
1294 1890 1487 1926 errarent
1522 1881 1747 1938 homines,

366 1953 539 2014 gloriari
563 1950 682 2012 apud
719 1966 763 1995 se
794 1950 981 1995 voluerit
1003 1952 1207 1995 Joannes.
1235 1953 1433 1995 Fortasse
1461 1951 1579 1995 enim
1602 1951 1710 1996 dixit
1738 1971 1747 1996 :

369 2029 529 2070 Verum
551 2023 709 2078 dicitis,
736 2030 851 2066 recte
868 2020 1147 2076 contenditis,
1173 2020 1412 2081 baptismus
1434 2037 1556 2066 meus
1576 2031 1639 2067 est
1661 2020 1752 2067 nie-

366 2097 477 2141 lior?
498 2097 607 2140 Nam
630 2102 680 2138 ut
711 2093 917 2138 noveritis
939 2091 1057 2152 quod
1083 2092 1323 2152 baptismus
1341 2107 1462 2136 meus
1484 2102 1549 2137 est
1569 2092 1722 2138 melior
1736 2128 1748 2149 ,

367 2169 508 2227 ipsum
528 2165 750 2210 Christum
767 2178 847 2222 ego
864 2162 1093 2222 baptizavi.
1106 2165 1281 2207 Poterat
1296 2163 1381 2207 hoc
1403 2161 1544 2207 dicere
1562 2165 1586 2207 J
1590 2178 1751 2208 oannes

367 2236 586 2296 baptizato
609 2235 795 2280 Christo.
822 2235 1045 2286 Quantum
1062 2248 1105 2277 se
1123 2233 1157 2277 si
1181 2231 1310 2277 vellet
1335 2232 1587 2288 extendere,
1612 2233 1751 2278 habe-

367 2309 443 2352 bat
474 2306 551 2350 ubi
583 2321 627 2350 se
648 2305 927 2350 extenderet?
950 2303 1034 2349 Sed
1048 2303 1200 2348 melius
1225 2313 1403 2349 noverat
1423 2303 1541 2364 apud
1558 2320 1689 2364 quem
1707 2320 1752 2349 se

367 2377 616 2422 humiliaret
647 2396 654 2420 :
680 2391 811 2436 quem
848 2391 891 2419 se
922 2384 1100 2420 noverat
1132 2373 1349 2420 nascendo
1383 2375 1662 2431 antecedere,
1688 2374 1750 2419 illi

370 2449 507 2494 voluit
529 2446 779 2492 confitendo
813 2445 966 2491 cedere
996 2466 1004 2490 ε
1037 2446 1219 2491 salutem
1255 2460 1377 2492 suam
1410 2445 1682 2505 intelligebat
1702 2447 1747 2491 in

422 2541 429 2557 ¹
447 2533 545 2565 Exod.
566 2543 636 2575 xiv,
655 2541 710 2575 27.
731 2548 772 2557 —·
790 2538 802 2556 ²
819 2534 912 2566 Joan.
936 2542 983 2573 ιιι,
998 2531 1054 2564 25.
