1825 3214
263 205 302 230 nv
337 202 510 231 sommis
545 202 853 241 EVANGELtuM,
889 205 1034 232 Tme'r.
1073 207 1190 232 mn.
1336 196 1414 234 477

37 268 135 326 quia
160 267 360 312 volumus
378 269 465 312 nati
484 283 648 321 sumus,
677 284 755 311 nec
778 271 973 328 quandiu
997 270 1196 315 volumus
1217 273 1416 327 vivimus,

38 355 115 382 nce.
137 340 359 398 quomodo
379 338 577 383 volumus
603 340 810 383 morimur
837 361 844 384 ;
880 342 950 384 itte
969 353 1200 402 antequam
1222 360 1419 388 nascere-

39 419 108 454 tur
131 410 258 470 oli-git
280 411 333 455 do
355 427 439 470 qua
473 421 720 456 nasceretur
737 446 748 465 ,
774 422 899 455 natus
919 413 1018 457 fvt-it
1042 424 1091 457 ut
1109 432 1130 458 a
1156 417 1290 474 Magis
1313 416 1421 461 ado-

39 491 226 535 rai-etur,
252 482 385 525 crevit
411 480 575 534 iniims,
607 491 649 526 vt
675 482 889 526 miraculis
912 499 955 527 se
981 487 1116 528 Deum
1137 487 1418 541 ostendebat,

37 562 80 596 et
112 552 361 596 infirmitate
395 553 614 596 hominvm
651 553 923 612 praet'ervbat.
963 558 1182 600 Postremo
1221 557 1349 614 (elegit
1381 568 1423 602 vt

39 638 173 682 genus
196 624 365 677 mortis,
398 624 480 667 hoc
512 634 574 667 est
596 659 606 675 ,
641 634 688 667 ut
717 625 760 667 in
799 641 927 668 eruco
950 625 1184 685 penderet,
1221 637 1263 670 et
1288 629 1421 686 ipsam

37 709 210 738 crucem
236 694 278 737 in
300 693 518 738 frontibus
536 693 730 737 fidolium
751 695 919 753 figeret:
939 705 985 740 ut
1000 696 1114 741 dicat
1129 698 1419 742 Christianus:

43 783 63 807 α
97 765 204 809 Mihi
227 774 372 808 autem
396 765 506 809 absit
529 764 724 822 gloriari,
751 766 826 809 nisi
853 767 895 810 in
919 783 1046 811 cruce
1086 769 1257 812 Domini
1291 771 1424 814 nostri

42 853 62 876 »
99 837 202 879 Jesu
224 835 383 880 Christi
403 838 432 878 ¹.
463 855 480 876 ι)
513 838 561 879 In
596 838 682 895 ipsa
712 853 840 881 cruce
874 838 1051 896 quando
1074 839 1240 894 voluit,
1269 856 1426 900 corpus

41 906 222 960 dimisit,
243 916 284 950 et
307 907 510 951 abscessit
532 927 540 952 ε
561 908 605 950 in
630 909 719 966 ipso
742 908 941 968 sepulcro
964 910 1160 969 quandiu
1180 910 1343 966 voluit,
1359 914 1427 971 ja-

40 977 161 1036 cuit3
187 976 365 1038 quando
394 977 555 1032 voluit,
593 987 799 1038 tanquam
828 980 882 1022 de
914 980 1027 1024 lecto
1049 983 1246 1025 surrexit.
1280 985 1392 1040 Ergo
1414 1019 1424 1037 ‚

40 1047 216 1102 fratres,
244 1049 486 1093 secundum
520 1049 656 1108 ipsam
681 1049 865 1093 formam
890 1051 1024 1102 servi,
1046 1053 1170 1108 (nam
1195 1052 1304 1095 illud
1334 1055 1428 1113 quis

41 1118 170 1176 digne
192 1118 387 1178 loquitur
405 1155 415 1174 ‚
446 1140 464 1161 «
494 1124 542 1163 In
574 1120 786 1179 principio
808 1130 899 1164 crat
924 1121 1116 1164 Verbum
1132 1157 1142 1176 ,
1168 1132 1211 1166 et
1234 1124 1427 1167 Verbum

45 1206 65 1230 »
101 1199 192 1234 erat
222 1191 340 1249 apud
370 1194 507 1234 Deum
526 1226 536 1245 ,
572 1200 614 1233 ct
649 1194 761 1234 Deus
784 1200 874 1234 crat
899 1192 1091 1235 Verbum
1110 1194 1126 1235 Ρ
1148 1194 1164 1249 )
1186 1197 1428 1238 secundum

42 1260 178 1320 ipsam
194 1296 205 1315 ,
229 1262 407 1322 inquam
426 1297 436 1316 ‚
465 1260 648 1306 sormam
667 1262 775 1306 servi
796 1261 983 1305 multum
1008 1263 1186 1307 interest
1209 1264 1321 1308 inici·
1344 1266 1431 1324 glo-

44 1331 151 1375 riam
182 1332 367 1386 Christi,
393 1342 436 1376 et
469 1332 649 1391 gloriam
688 1333 913 1376 hominum
944 1342 1216 1378 caeterorum.
1255 1339 1312 1379 Do
1340 1337 1430 1393 ipsa

43 1402 176 1461 gloria
199 1403 394 1457 dicebat,
423 1403 601 1463 quando
633 1404 753 1463 quod
782 1403 1048 1448 daemonium
1075 1405 1253 1449 haberet
1281 1407 1431 1451 audic-

43 1474 140 1527 bat,
166 1493 185 1515 «
211 1477 304 1533 Ego
327 1490 414 1519 non
438 1490 587 1534 quaero
610 1474 788 1533 gloriani
813 1490 952 1518 meam
970 1510 980 1530 ‚
1008 1484 1070 1520 est
1102 1476 1178 1536 qui
1202 1489 1366 1538 quaerat
1390 1489 1433 1524 et

45 1563 66 1587 »
98 1544 281 1605 judicet.
311 1564 331 1586 »

53 1630 55 1634 ’
103 1619 158 1660 Χ.
183 1619 247 1660 Tu
266 1626 410 1660 autom
432 1615 486 1661 de
510 1626 552 1660 te
580 1616 765 1661 Domine
782 1615 887 1676 quid
912 1615 1048 1661 dicis?
1074 1637 1093 1659 «
1117 1621 1255 1664 Amen
1272 1655 1283 1675 ,
1307 1637 1434 1666 amen

48 1706 69 1729 »
105 1687 203 1733 dico
225 1688 370 1741 vobis,
396 1689 428 1731 si
453 1688 548 1747 quis
570 1703 812 1732 sermonem
841 1703 987 1731 meum
1023 1691 1281 1744 servaverit,
1316 1708 1434 1737 mor-

50 1778 70 1801 »
106 1769 194 1804 tem
216 1775 305 1804 non
328 1758 494 1803 videbit
517 1760 561 1802 in
583 1768 795 1802 aeternum
812 1762 843 1800 ⁴².
875 1776 894 1798 »
924 1761 1036 1813 Vos,
1064 1760 1230 1820 inquit,
1256 1762 1396 1808 dicitis
1424 1785 1432 1809 ;

53 1849 73 1872 «
107 1830 382 1874 Daemonium
414 1829 579 1873 habes:
608 1847 628 1869 »
656 1843 734 1886 ego
766 1844 840 1872 vos
863 1827 918 1872 ad
940 1829 1071 1873 vitam
1104 1846 1241 1876 voco:
1272 1845 1436 1879 servate

48 1916 292 1946 sermonem
309 1915 471 1954 meum,
492 1909 535 1943 et
551 1915 639 1943 non
661 1898 1000 1943 moriemini.llli
1019 1900 1268 1947 audiebant.
1283 1923 1302 1945 «
1319 1908 1436 1949 Mor-

53 1990 73 2014 »
110 1981 197 2016 tem
218 1987 309 2016 non
330 1970 497 2015 videbit
523 1971 567 2013 in
590 1978 802 2013 aeternum
825 1970 900 2029 qui
915 1985 1158 2015 sermonem
1178 1988 1323 2018 meum
1346 1991 1438 2019 ser-

53 2060 74 2084 »
109 2042 275 2087 vaverit
301 2060 310 2086 :
336 2061 354 2083 υ
380 2049 423 2084 et
446 2040 764 2093 irascebantur,
797 2040 898 2099 quia
927 2042 1017 2100 jam
1040 2043 1200 2086 mortui
1222 2054 1346 2088 erant
1367 2045 1441 2090 illa

52 2121 192 2157 morte
208 2147 219 2167 ,
245 2127 344 2172 quae
375 2111 549 2155 vitanda
575 2119 680 2154 erat.
718 2129 737 2151 «
758 2110 967 2154 Dixerunt
990 2126 1092 2170 ergo
1114 2114 1137 2156 J
1144 2112 1256 2156 udaei
1277 2133 1286 2159 ε
1312 2118 1349 2161 N
1356 2132 1441 2162 unc

57 2201 78 2225 »
113 2183 397 2243 cognovimus
425 2181 528 2241 quia
561 2180 829 2225 daemonium
856 2181 990 2225 habes
1024 2200 1033 2227 ι
1065 2182 1287 2228 Abraham
1322 2201 1441 2232 mor-

58 2273 79 2298 »
115 2265 217 2299 tuus
239 2263 303 2298 est
323 2262 366 2298 et
403 2253 633 2312 Prophetae
650 2287 661 2307 ,
686 2261 729 2296 et
766 2261 814 2296 tu
843 2251 949 2296 dicis
977 2272 986 2298 ε
1016 2254 1058 2298 Si
1081 2255 1178 2314 quis
1199 2271 1442 2304 sermonem

59 2343 81 2367 »
116 2341 262 2370 meum
285 2324 532 2378 servaverit,
558 2332 741 2366 mortem
764 2338 853 2367 non
877 2324 1068 2382 gustabit
1083 2325 1128 2368 in
1143 2335 1355 2371 aeternum
1372 2331 1403 2372 ³.
1419 2347 1438 2370 »

58 2399 214 2442 Videte
224 2397 489 2441 locutionem
511 2395 830 2453 scripturarum
848 2413 854 2438 :
873 2398 1095 2439 «Mortem
1119 2412 1208 2441 non
1229 2398 1440 2454 videbit,»

61 2468 106 2514 id
124 2478 212 2523 est,
241 2466 488 2526 «gustabit.
520 2468 705 2509 Mortem
739 2464 933 2519 videbit,
968 2480 1054 2510 moi
1067 2475 1152 2510 tem
1187 2469 1392 2526 gustabit.
1421 2489 1441 2511 »

108 2560 116 2576 ¹
141 2553 245 2586 Galat.
264 2563 310 2593 vi,
331 2551 379 2594 ¹4·
401 2567 439 2573 -
459 2557 471 2573 ²
489 2552 582 2582 Joan.
603 2561 672 2590 vm,
693 2549 745 2581 5ι.
766 2565 808 2572 -
830 2548 843 2572 3
861 2548 944 2582 lbid.
968 2550 1023 2584 52.
