1825 3214
241 228 284 254 m
317 224 490 254 somnis
521 223 831 265 EVANGELIUM,
866 225 1011 255 TnAcT.
1048 229 1226 256 xxxviii.
1354 217 1437 256 419

56 307 76 330 »
110 291 412 349 semetipsum,
431 291 532 350 quia
550 289 672 343 dixit,
689 292 786 342 Quo
801 305 879 349 ego
904 291 1030 346 vado,
1057 308 1131 336 vos
1154 308 1239 337 non
1258 295 1433 352 potestis

55 377 74 400 n
108 361 286 405 venire?
303 382 322 402 »
347 362 459 407 Side
482 371 620 405 morte
640 361 826 406 hominis
857 362 1043 418 diceret,
1065 365 1162 423 quis
1189 366 1321 409 homo
1345 380 1433 409 non

51 430 266 475 moritur?
288 434 401 489 Ergo
421 450 442 473 «
462 446 551 492 quo
574 446 654 491 ego
680 430 792 476 vado
817 450 836 472 n
863 432 992 486 dixit,
1019 448 1107 477 non
1129 449 1228 478 cum
1253 435 1340 478 itur
1378 434 1434 479 ad

52 509 257 555 mortem,
283 500 358 545 sed
389 517 477 561 quo
507 502 596 546 ibat
628 502 718 560 ipse
742 511 835 561 post
857 512 1056 547 mortem.
1086 503 1153 547 llli
1175 505 1321 565 itaque
1344 521 1434 551 non

52 570 342 630 intelligentes
361 607 371 625 ‚
397 573 473 616 ista
504 572 837 632 responderunt.

114 645 187 686 tv.
209 645 266 687 Et
288 645 494 688 Dominus
515 644 571 688 ad
598 659 670 688 eos
692 644 767 704 qui
796 654 956 688 terram
978 644 1170 704 sapiebat
1188 680 1198 700 ,
1221 646 1329 706 quid
1352 647 1441 692 ait?

57 731 77 755 α
103 716 159 757 Et
173 714 345 759 dicebat
359 716 433 769 eis,
453 718 539 759 Vos
552 715 607 759 de
623 714 824 759 deorsum
840 716 979 759 estis-¹.
1000 734 1019 755 n
1038 715 1142 760 Ideo
1162 725 1316 760 terram
1335 719 1444 777 sapi-

52 780 121 838 tis,
138 785 240 845 quia
259 787 369 830 sicut
390 796 608 846 serpentes
624 799 782 830 terram
803 786 1087 831 manducatis.
1108 788 1225 840 Quid
1249 798 1327 843 est,
1348 798 1438 833 ter-

53 871 144 899 ram
160 857 459 902 manducatis?
478 858 673 902 Terrenis
686 858 925 918 pascimini,
946 860 1126 903 terrenis
1143 859 1437 917 delectamini,

55 929 230 972 terrenis
247 930 436 984 inhiatis,
452 946 621 974 sursum
640 946 714 975 cor
729 947 816 974 non
828 930 1013 974 habetis.
1035 933 1156 975 «Vos
1172 930 1226 975 de
1240 931 1442 977 deorsum

55 1016 75 1039 »
101 999 200 1043 estis
217 1019 225 1044 :
244 1015 324 1058 ego
337 1001 392 1044 de
406 1001 603 1060 supernis
618 1016 729 1045 sum.
749 1003 834 1045 Vos
844 1002 900 1044 de
915 1000 1082 1046 mundo
1097 1002 1180 1046 hoc
1207 1003 1305 1047 estis
1330 1022 1338 1047 :
1361 1018 1440 1061 ego

56 1088 75 1110 »
98 1085 186 1115 non
199 1086 293 1114 sum
307 1071 362 1115 de
377 1072 459 1116 hoc
475 1072 655 1116 mundo.
673 1072 932 1125 »Quomodo
945 1072 1059 1116 enim
1076 1082 1165 1117 erat
1181 1073 1235 1117 de
1253 1074 1434 1131 mundo,

55 1156 129 1200 per
145 1157 277 1201 quem
292 1141 428 1186 sactus
451 1152 513 1186 est
530 1142 747 1187 mundus?
767 1144 930 1187 Omnes
944 1143 998 1188 de
1016 1143 1182 1188 mundo
1200 1154 1295 1203 post
1315 1161 1444 1190 mun-

52 1212 157 1255 dum
173 1233 184 1268 3
204 1213 304 1272 quia
318 1214 435 1272 prius
451 1213 656 1261 mundus,
673 1224 715 1257 et
731 1214 790 1258 sic
810 1214 940 1257 homo
955 1213 1009 1257 de
1025 1214 1189 1259 mundo
1209 1235 1216 1259 :
1234 1217 1350 1274 prius
1369 1233 1445 1261 au-

54 1291 139 1325 tem
176 1282 399 1337 Christus,
431 1283 590 1327 deinde
614 1283 828 1342 mundus3
864 1285 1071 1345 quoniam
1102 1294 1202 1329 ante
1226 1286 1444 1332 mundum

51 1352 262 1407 Christus,
279 1363 378 1398 ante
398 1355 622 1399 Christum
638 1355 746 1399 nihil
763 1355 889 1415 :quia
908 1375 927 1397 «
944 1355 989 1399 in
1006 1355 1218 1415 principio
1233 1367 1324 1401 erat
1337 1360 1442 1402 Ver-

56 1441 74 1464 »
98 1423 219 1477 bum,
240 1426 383 1468 omnia
399 1440 475 1484 per
494 1425 635 1484 ipsum
654 1423 765 1469 facta
788 1428 932 1470 sunt‘2.
952 1444 971 1466 »
990 1426 1059 1470 Sic
1072 1441 1175 1485 ergo
1194 1436 1286 1470 erat
1299 1427 1372 1472 ille
1390 1428 1445 1473 de

51 1495 261 1553 supernis.
284 1498 345 1538 De
362 1495 522 1554 quibus
548 1496 744 1554 supernis
762 1497 778 1537 ⁶?
795 1495 850 1540 de
873 1499 1000 1540 aere?
1023 1497 1146 1542 Absit
1167 1517 1175 1541 :
1202 1498 1261 1542 ihi
1283 1509 1326 1543 et
1349 1515 1447 1546 aves

51 1564 248 1610 volitant.
278 1569 337 1610 Dc
349 1566 463 1610 coelo
481 1566 600 1626 quod
613 1566 839 1610 videmus?
858 1570 913 1611 Et
928 1568 1011 1611 hoc
1023 1568 1133 1612 absit
1150 1569 1235 1619 3ibi
1251 1579 1293 1613 et
1307 1569 1444 1615 stellae

51 1645 93 1680 et
110 1636 175 1680 sol
196 1645 240 1680 et
260 1635 363 1680 luna
387 1637 675 1681 circumeunt.
703 1640 765 1680 De
780 1639 984 1696 Angelis?
999 1641 1150 1698 Neque
1173 1640 1255 1684 hoc
1278 1640 1444 1685 intelli-

51 1707 158 1765 gatis
183 1726 194 1751 ι
213 1722 290 1766 per
310 1706 435 1750 illum
449 1716 492 1750 et
505 1707 775 1766 Angelifacti
789 1718 906 1762 sunt,
924 1724 999 1768 per
1017 1725 1147 1769 quem
1168 1712 1313 1756 omnia
1329 1712 1442 1758 lacta

49 1787 166 1822 sunt.
182 1781 240 1821 De
252 1778 412 1838 quihus
426 1793 529 1837 ergo
542 1780 737 1838 supernis
748 1780 975 1824 Christus?
987 1780 1054 1824 Ab
1067 1781 1158 1839 ipso
1173 1785 1311 1826 Patre.
1324 1784 1442 1829 Nihil

48 1847 124 1891 illo
142 1852 228 1892 Deo
243 1849 462 1907 superius,
482 1850 559 1908 qui
577 1849 771 1892 Verbum
790 1850 941 1908 gen-uit
959 1850 1127 1910 aequale
1144 1852 1242 1906 sibi,
1263 1863 1443 1898 coaeter-

48 1933 156 1962 num
177 1919 257 1962 sihi
273 1953 284 1972 ,
307 1919 595 1976 unigenitum,
620 1919 711 1962 sine
731 1929 924 1976 tempore
940 1954 950 1974 ,
976 1935 1053 1979 per
1073 1937 1206 1981 quem
1228 1923 1436 1970 conderet

50 1997 258 2047 tempora.
281 1988 348 2032 Sic
361 2003 463 2047 ergo
483 1988 628 2047 accipe
641 1989 862 2033 Christum
879 1988 934 2033 de
951 1992 1145 2049 supernis
1157 2027 1167 2046 ,
1186 2002 1234 2036 ut
1257 1994 1436 2040 excedas

46 2059 309 2117 cogitatione
331 2067 405 2102 tua
427 2073 556 2102 omne
572 2058 694 2117 quod
710 2057 873 2103 iactum
887 2068 970 2114 est,
987 2061 1234 2106 universam
1255 2065 1436 2111 omnino

47 2138 305 2182 creatu-ram,
323 2143 450 2173 omne
466 2143 640 2187 corpus,
662 2144 838 2172 omnem
860 2129 1087 2174 conditum
1107 2132 1321 2190 spiritum,
1343 2151 1434 2180 om-

45 2215 146 2243 nem
168 2215 257 2243 rem
277 2215 456 2260 quoquo
477 2198 609 2243 modo
632 2199 889 2244 mutabilem
916 2219 924 2244 :
944 2209 1087 2245 totum
1112 2204 1295 2260 excede,
1321 2207 1431 2252 sicut

45 2271 225 2316 excessit
246 2274 435 2315 ,loannes
451 2305 462 2324 ‚
485 2279 535 2314 ut
555 2270 824 2328 contingeret
842 2306 853 2325 ‚
875 2291 895 2313 «
918 2274 967 2315 In
992 2272 1202 2332 principio
1214 2285 1306 2320 erat
1323 2280 1433 2322 Ver-

46 2358 67 2382 »
93 2341 215 2396 bum,
227 2341 474 2385 etVerbum
490 2350 580 2384 erat
593 2339 710 2399 apud
726 2343 880 2395 Deum,
892 2351 942 2385 ⁴et
958 2345 1067 2385 Deus
1081 2354 1168 2388 erat
1183 2347 1424 2391 Verbum.»

102 2413 156 2455 V.
187 2431 207 2453 «
236 2414 329 2469 Ego
352 2429 372 2451 ι)
405 2426 511 2469 ergo
528 2446 539 2466 ,
569 2411 739 2470 inquit,
769 2429 788 2451 «
815 2409 872 2454 de
893 2413 1090 2470 supernis
1117 2429 1230 2458 sum.
1260 2419 1347 2461 Vos
1370 2418 1426 2463 de

46 2499 69 2523 »
99 2482 186 2527 hoc
203 2481 374 2527 mundo
397 2481 496 2526 estis
522 2500 532 2526 :
559 2496 640 2540 ego
674 2497 765 2526 non
792 2497 891 2527 sum
926 2482 984 2527 de
1009 2484 1096 2529 hoe
1121 2487 1300 2531 mundo.
1333 2489 1427 2533 Dixi

94 2571 104 2588 ¹
123 2567 218 2598 Joan.
237 2577 305 2607 vm,
319 2566 374 2599 23.
395 2581 438 2589 —
462 2572 474 2588 ²
494 2566 540 2597 ld.
558 2576 586 2606 1,
607 2575 621 2597 1
641 2569 675 2597 et
694 2565 725 2597 3.

1199 2624 1263 2662 ΞΤ.
