<?xml version="1.0" encoding="UTF-8"?>
<!DOCTYPE html PUBLIC "-//W3C//DTD XHTML 1.0 Transitional//EN"
    "http://www.w3.org/TR/xhtml1/DTD/xhtml1-transitional.dtd">
<html xmlns="http://www.w3.org/1999/xhtml" xml:lang="en" lang="en">
 <head>
  <title>
</title>
<meta http-equiv="Content-Type" content="text/html;charset=utf-8" />
  <meta name='ocr-system' content='tesseract 3.04.00' />
  <meta name='ocr-capabilities' content='ocr_page ocr_carea ocr_par ocr_line ocrx_word'/>
</head>
<body>
  <div class='ocr_page' id='page_1' title='image "./operaomniaaccura15auguuoft_0368.png"; bbox 0 0 1809 3173; ppageno 0'>
   <div class='ocr_carea' id='block_1_1' title="bbox 354 189 1299 227">
    <p class='ocr_par' dir='ltr' id='par_1_1' title="bbox 354 189 1299 227">
     <span class='ocr_line' id='line_1_1' title="bbox 354 189 1299 227; baseline 0.001 -1"><span class='ocrx_word' id='word_1_1' title='bbox 354 189 434 227; x_wconf 75' lang='lat' dir='ltr'>35e</span> <span class='ocrx_word' id='word_1_2' title='bbox 793 197 825 225; x_wconf 83' lang='lat' dir='ltr'>s.</span> <span class='ocrx_word' id='word_1_3' title='bbox 862 196 1088 227; x_wconf 68' lang='lat' dir='ltr'>Aooostle</span> <span class='ocrx_word' id='word_1_4' title='bbox 1121 201 1299 227; x_wconf 61' lang='lat' dir='ltr'>Eri—mom</span> 
     </span>
    </p>
   </div>
   <div class='ocr_carea' id='block_1_2' title="bbox 343 262 1741 2446">
    <p class='ocr_par' dir='ltr' id='par_1_2' title="bbox 350 262 1728 395">
     <span class='ocr_line' id='line_1_2' title="bbox 352 262 1728 326; baseline 0.005 -21"><span class='ocrx_word' id='word_1_5' title='bbox 352 284 370 305; x_wconf 91' lang='lat'>»</span> <span class='ocrx_word' id='word_1_6' title='bbox 393 264 488 307; x_wconf 84' lang='lat' dir='ltr'>ditu</span> <span class='ocrx_word' id='word_1_7' title='bbox 509 263 621 307; x_wconf 89' lang='lat' dir='ltr'>auris</span> <span class='ocrx_word' id='word_1_8' title='bbox 641 262 913 308; x_wconf 87' lang='lat' dir='ltr'>obaudidivit</span> <span class='ocrx_word' id='word_1_9' title='bbox 926 266 1030 308; x_wconf 89' lang='lat' dir='ltr'>mihi</span> <span class='ocrx_word' id='word_1_10' title='bbox 1044 267 1072 308; x_wconf 86' lang='lat'>¹.</span> <span class='ocrx_word' id='word_1_11' title='bbox 1093 283 1112 307; x_wconf 66' lang='grc' dir='ltr'>η</span> <span class='ocrx_word' id='word_1_12' title='bbox 1132 264 1199 309; x_wconf 91' lang='lat' dir='ltr'>llli</span> <span class='ocrx_word' id='word_1_13' title='bbox 1215 281 1304 310; x_wconf 91' lang='lat' dir='ltr'>non</span> <span class='ocrx_word' id='word_1_14' title='bbox 1321 266 1554 310; x_wconf 88' lang='lat' dir='ltr'>audierunt</span> <span class='ocrx_word' id='word_1_15' title='bbox 1567 267 1611 310; x_wconf 91' lang='lat' dir='ltr'>in</span> <span class='ocrx_word' id='word_1_16' title='bbox 1625 283 1728 326; x_wconf 86' lang='lat' dir='ltr'>quo-</span> 
     </span>
     <span class='ocr_line' id='line_1_3' title="bbox 350 332 1726 395; baseline 0.002 -18"><span class='ocrx_word' id='word_1_17' title='bbox 350 349 447 378; x_wconf 89' lang='lat' dir='ltr'>rum</span> <span class='ocrx_word' id='word_1_18' title='bbox 469 333 602 378; x_wconf 91' lang='lat' dir='ltr'>oculis</span> <span class='ocrx_word' id='word_1_19' title='bbox 625 332 709 376; x_wconf 82' lang='lat' dir='ltr'>fuit</span> <span class='ocrx_word' id='word_1_20' title='bbox 725 368 735 389; x_wconf 85' lang='lat'>,</span> <span class='ocrx_word' id='word_1_21' title='bbox 752 332 814 376; x_wconf 88' lang='lat' dir='ltr'>illi</span> <span class='ocrx_word' id='word_1_22' title='bbox 837 333 1069 378; x_wconf 88' lang='lat' dir='ltr'>audierunt</span> <span class='ocrx_word' id='word_1_23' title='bbox 1090 337 1135 378; x_wconf 92' lang='lat' dir='ltr'>in</span> <span class='ocrx_word' id='word_1_24' title='bbox 1161 351 1348 395; x_wconf 83' lang='lat' dir='ltr'>quorum</span> <span class='ocrx_word' id='word_1_25' title='bbox 1371 337 1550 380; x_wconf 87' lang='lat' dir='ltr'>auribus</span> <span class='ocrx_word' id='word_1_26' title='bbox 1568 338 1726 381; x_wconf 87' lang='lat' dir='ltr'>sonuit.</span> 
     </span>
    </p>

    <p class='ocr_par' dir='ltr' id='par_1_3' title="bbox 343 403 1741 2446">
     <span class='ocr_line' id='line_1_4' title="bbox 408 403 1728 466; baseline 0.003 -19"><span class='ocrx_word' id='word_1_27' title='bbox 408 406 510 447; x_wconf 80' lang='lat' dir='ltr'>XII.</span> <span class='ocrx_word' id='word_1_28' title='bbox 539 403 658 448; x_wconf 86' lang='lat' dir='ltr'>Illius</span> <span class='ocrx_word' id='word_1_29' title='bbox 680 404 796 448; x_wconf 89' lang='lat' dir='ltr'>enim</span> <span class='ocrx_word' id='word_1_30' title='bbox 825 404 1028 449; x_wconf 78' lang='lat' dir='ltr'>Ecclesiae</span> <span class='ocrx_word' id='word_1_31' title='bbox 1051 415 1245 450; x_wconf 76' lang='lat' dir='ltr'>venturae</span> <span class='ocrx_word' id='word_1_32' title='bbox 1267 406 1321 450; x_wconf 84' lang='lat' dir='ltr'>de</span> <span class='ocrx_word' id='word_1_33' title='bbox 1343 407 1544 466; x_wconf 83' lang='lat' dir='ltr'>gentibus</span> <span class='ocrx_word' id='word_1_34' title='bbox 1577 416 1728 466; x_wconf 86' lang='lat' dir='ltr'>typum</span> 
     </span>
     <span class='ocr_line' id='line_1_5' title="bbox 351 475 1732 536; baseline 0.002 -18"><span class='ocrx_word' id='word_1_35' title='bbox 351 475 527 534; x_wconf 81' lang='lat' dir='ltr'>gerebat</span> <span class='ocrx_word' id='word_1_36' title='bbox 554 475 707 519; x_wconf 91' lang='lat' dir='ltr'>mulier</span> <span class='ocrx_word' id='word_1_37' title='bbox 723 491 822 536; x_wconf 83' lang='lat' dir='ltr'>quae</span> <span class='ocrx_word' id='word_1_38' title='bbox 850 475 1016 520; x_wconf 87' lang='lat' dir='ltr'>fluxum</span> <span class='ocrx_word' id='word_1_39' title='bbox 1039 476 1257 534; x_wconf 81' lang='lat' dir='ltr'>sanguinis</span> <span class='ocrx_word' id='word_1_40' title='bbox 1282 478 1524 536; x_wconf 82' lang='lat' dir='ltr'>patiebatur</span> <span class='ocrx_word' id='word_1_41' title='bbox 1551 497 1559 522; x_wconf 89' lang='grc'>;</span> <span class='ocrx_word' id='word_1_42' title='bbox 1580 487 1732 535; x_wconf 81' lang='lat' dir='ltr'>tange-</span> 
     </span>
     <span class='ocr_line' id='line_1_6' title="bbox 350 546 1733 606; baseline 0.002 -17"><span class='ocrx_word' id='word_1_43' title='bbox 350 546 425 590; x_wconf 83' lang='lat' dir='ltr'>bat</span> <span class='ocrx_word' id='word_1_44' title='bbox 447 555 489 590; x_wconf 89' lang='lat' dir='ltr'>et</span> <span class='ocrx_word' id='word_1_45' title='bbox 517 561 605 590; x_wconf 87' lang='lat' dir='ltr'>non</span> <span class='ocrx_word' id='word_1_46' title='bbox 636 546 888 601; x_wconf 83' lang='lat' dir='ltr'>videbatur,</span> <span class='ocrx_word' id='word_1_47' title='bbox 923 546 1194 590; x_wconf 82' lang='lat' dir='ltr'>nesciebatur</span> <span class='ocrx_word' id='word_1_48' title='bbox 1223 556 1266 591; x_wconf 83' lang='lat' dir='ltr'>et</span> <span class='ocrx_word' id='word_1_49' title='bbox 1299 548 1543 592; x_wconf 81' lang='lat' dir='ltr'><strong>sanabatur.</strong></span> <span class='ocrx_word' id='word_1_50' title='bbox 1576 549 1733 606; x_wconf 80' lang='lat' dir='ltr'>Figura</span> 
     </span>
     <span class='ocr_line' id='line_1_7' title="bbox 349 616 1733 678; baseline 0.002 -18"><span class='ocrx_word' id='word_1_51' title='bbox 349 618 511 678; x_wconf 86' lang='lat' dir='ltr'>quippe</span> <span class='ocrx_word' id='word_1_52' title='bbox 529 627 635 672; x_wconf 86' lang='lat' dir='ltr'>erat,</span> <span class='ocrx_word' id='word_1_53' title='bbox 662 616 781 676; x_wconf 84' lang='lat' dir='ltr'>quod</span> <span class='ocrx_word' id='word_1_54' title='bbox 807 617 1016 661; x_wconf 84' lang='lat' dir='ltr'>Dominus</span> <span class='ocrx_word' id='word_1_55' title='bbox 1037 617 1343 676; x_wconf 82' lang='lat' dir='ltr'>interrogavit,</span> <span class='ocrx_word' id='word_1_56' title='bbox 1367 637 1386 660; x_wconf 89' lang='lat'>«</span> <span class='ocrx_word' id='word_1_57' title='bbox 1411 619 1515 671; x_wconf 90' lang='lat' dir='ltr'>Quis</span> <span class='ocrx_word' id='word_1_58' title='bbox 1539 633 1606 662; x_wconf 88' lang='lat' dir='ltr'>mc</span> <span class='ocrx_word' id='word_1_59' title='bbox 1631 620 1733 663; x_wconf 84' lang='lat' dir='ltr'>teti-</span> 
     </span>
     <span class='ocr_line' id='line_1_8' title="bbox 352 687 1733 749; baseline 0.004 -21"><span class='ocrx_word' id='word_1_60' title='bbox 352 706 372 729; x_wconf 84' lang='lat'>»</span> <span class='ocrx_word' id='word_1_61' title='bbox 400 689 461 746; x_wconf 85' lang='lat' dir='ltr'>git</span> <span class='ocrx_word' id='word_1_62' title='bbox 473 690 515 730; x_wconf 73' lang='lat'>2?</span> <span class='ocrx_word' id='word_1_63' title='bbox 534 707 551 729; x_wconf 68' lang='grc' dir='ltr'><strong>υ</strong></span> <span class='ocrx_word' id='word_1_64' title='bbox 565 687 695 740; x_wconf 82' lang='lat' dir='ltr'>Quasi</span> <span class='ocrx_word' id='word_1_65' title='bbox 709 687 908 745; x_wconf 85' lang='lat' dir='ltr'>ignorans</span> <span class='ocrx_word' id='word_1_66' title='bbox 924 688 1165 746; x_wconf 85' lang='lat' dir='ltr'>ignoratam</span> <span class='ocrx_word' id='word_1_67' title='bbox 1181 689 1346 734; x_wconf 87' lang='lat' dir='ltr'>sanavit</span> <span class='ocrx_word' id='word_1_68' title='bbox 1363 708 1372 734; x_wconf 89' lang='lat'>:</span> <span class='ocrx_word' id='word_1_69' title='bbox 1390 690 1448 733; x_wconf 88' lang='lat' dir='ltr'>sic</span> <span class='ocrx_word' id='word_1_70' title='bbox 1464 690 1566 734; x_wconf 82' lang='lat' dir='ltr'>fecit</span> <span class='ocrx_word' id='word_1_71' title='bbox 1580 699 1621 734; x_wconf 84' lang='lat' dir='ltr'>et</span> <span class='ocrx_word' id='word_1_72' title='bbox 1636 706 1733 749; x_wconf 82' lang='lat' dir='ltr'>gen-</span> 
     </span>
     <span class='ocr_line' id='line_1_9' title="bbox 350 757 1732 815; baseline 0.001 -13"><span class='ocrx_word' id='word_1_73' title='bbox 350 759 482 802; x_wconf 90' lang='lat' dir='ltr'>tibus.</span> <span class='ocrx_word' id='word_1_74' title='bbox 508 761 605 803; x_wconf 89' lang='lat' dir='ltr'>Non</span> <span class='ocrx_word' id='word_1_75' title='bbox 630 773 729 801; x_wconf 84' lang='lat' dir='ltr'>eum</span> <span class='ocrx_word' id='word_1_76' title='bbox 744 757 972 803; x_wconf 87' lang='lat' dir='ltr'>didicimus</span> <span class='ocrx_word' id='word_1_77' title='bbox 994 760 1207 815; x_wconf 81' lang='lat' dir='ltr'>incarne,</span> <span class='ocrx_word' id='word_1_78' title='bbox 1235 770 1277 805; x_wconf 86' lang='lat' dir='ltr'>et</span> <span class='ocrx_word' id='word_1_79' title='bbox 1298 761 1536 805; x_wconf 87' lang='lat' dir='ltr'>meruimus</span> <span class='ocrx_word' id='word_1_80' title='bbox 1559 777 1732 805; x_wconf 85' lang='lat' dir='ltr'>carnem</span> 
     </span>
     <span class='ocr_line' id='line_1_10' title="bbox 350 828 1734 891; baseline 0.003 -19"><span class='ocrx_word' id='word_1_81' title='bbox 350 830 440 889; x_wconf 86' lang='lat' dir='ltr'>ejus</span> <span class='ocrx_word' id='word_1_82' title='bbox 462 828 740 883; x_wconf 83' lang='lat' dir='ltr'>manducare,</span> <span class='ocrx_word' id='word_1_83' title='bbox 757 830 858 872; x_wconf 88' lang='lat' dir='ltr'>etin</span> <span class='ocrx_word' id='word_1_84' title='bbox 874 845 1001 874; x_wconf 88' lang='lat' dir='ltr'>carne</span> <span class='ocrx_word' id='word_1_85' title='bbox 1018 831 1108 890; x_wconf 87' lang='lat' dir='ltr'>ejus</span> <span class='ocrx_word' id='word_1_86' title='bbox 1122 832 1316 876; x_wconf 86' lang='lat' dir='ltr'>membra</span> <span class='ocrx_word' id='word_1_87' title='bbox 1333 847 1436 876; x_wconf 86' lang='lat' dir='ltr'>esse.</span> <span class='ocrx_word' id='word_1_88' title='bbox 1449 834 1620 884; x_wconf 79' lang='lat' dir='ltr'>Quare?</span> <span class='ocrx_word' id='word_1_89' title='bbox 1633 832 1734 891; x_wconf 86' lang='lat' dir='ltr'>quia</span> 
     </span>
     <span class='ocr_line' id='line_1_11' title="bbox 350 900 1733 961; baseline 0.003 -19"><span class='ocrx_word' id='word_1_90' title='bbox 350 900 464 943; x_wconf 82' lang='lat' dir='ltr'>misit</span> <span class='ocrx_word' id='word_1_91' title='bbox 485 900 540 943; x_wconf 86' lang='lat' dir='ltr'>ad</span> <span class='ocrx_word' id='word_1_92' title='bbox 563 914 656 943; x_wconf 89' lang='lat' dir='ltr'>nos.</span> <span class='ocrx_word' id='word_1_93' title='bbox 677 901 824 952; x_wconf 85' lang='lat' dir='ltr'>Quos?</span> <span class='ocrx_word' id='word_1_94' title='bbox 842 915 1061 959; x_wconf 79' lang='lat' dir='ltr'>praecones</span> <span class='ocrx_word' id='word_1_95' title='bbox 1078 917 1176 945; x_wconf 90' lang='lat' dir='ltr'>suos</span> <span class='ocrx_word' id='word_1_96' title='bbox 1194 936 1205 957; x_wconf 86' lang='grc'>,</span> <span class='ocrx_word' id='word_1_97' title='bbox 1236 901 1468 961; x_wconf 86' lang='lat' dir='ltr'>discipulos</span> <span class='ocrx_word' id='word_1_98' title='bbox 1494 917 1592 946; x_wconf 89' lang='lat' dir='ltr'>suos</span> <span class='ocrx_word' id='word_1_99' title='bbox 1606 937 1616 957; x_wconf 82' lang='grc'>,</span> <span class='ocrx_word' id='word_1_100' title='bbox 1643 917 1733 946; x_wconf 85' lang='lat' dir='ltr'>scr-</span> 
     </span>
     <span class='ocr_line' id='line_1_12' title="bbox 350 969 1735 1032; baseline 0.001 -17"><span class='ocrx_word' id='word_1_101' title='bbox 350 986 425 1015; x_wconf 88' lang='lat' dir='ltr'>vos</span> <span class='ocrx_word' id='word_1_102' title='bbox 442 985 557 1026; x_wconf 81' lang='lat' dir='ltr'>SUOS,</span> <span class='ocrx_word' id='word_1_103' title='bbox 578 969 825 1029; x_wconf 82' lang='lat' dir='ltr'>redemptos</span> <span class='ocrx_word' id='word_1_104' title='bbox 841 985 940 1015; x_wconf 90' lang='lat' dir='ltr'>suos</span> <span class='ocrx_word' id='word_1_105' title='bbox 953 986 1060 1031; x_wconf 87' lang='lat' dir='ltr'>quos</span> <span class='ocrx_word' id='word_1_106' title='bbox 1077 973 1258 1027; x_wconf 78' lang='lat' dir='ltr'>creavit,</span> <span class='ocrx_word' id='word_1_107' title='bbox 1279 974 1352 1017; x_wconf 86' lang='lat' dir='ltr'>sed</span> <span class='ocrx_word' id='word_1_108' title='bbox 1372 989 1480 1032; x_wconf 86' lang='lat' dir='ltr'>quos</span> <span class='ocrx_word' id='word_1_109' title='bbox 1495 983 1537 1017; x_wconf 88' lang='lat' dir='ltr'>et</span> <span class='ocrx_word' id='word_1_110' title='bbox 1553 973 1735 1017; x_wconf 86' lang='lat' dir='ltr'>redemit</span> 
     </span>
     <span class='ocr_line' id='line_1_13' title="bbox 348 1042 1732 1102; baseline 0.001 -17"><span class='ocrx_word' id='word_1_111' title='bbox 348 1042 500 1085; x_wconf 82' lang='lat' dir='ltr'>fratres</span> <span class='ocrx_word' id='word_1_112' title='bbox 521 1055 618 1085; x_wconf 90' lang='lat' dir='ltr'>suos</span> <span class='ocrx_word' id='word_1_113' title='bbox 639 1057 647 1082; x_wconf 91' lang='lat'>:</span> <span class='ocrx_word' id='word_1_114' title='bbox 679 1050 819 1085; x_wconf 88' lang='lat' dir='ltr'>totum</span> <span class='ocrx_word' id='word_1_115' title='bbox 846 1057 998 1100; x_wconf 87' lang='lat' dir='ltr'>parum</span> <span class='ocrx_word' id='word_1_116' title='bbox 1022 1042 1108 1086; x_wconf 82' lang='lat' dir='ltr'>dixi</span> <span class='ocrx_word' id='word_1_117' title='bbox 1132 1062 1139 1087; x_wconf 92' lang='lat'>:</span> <span class='ocrx_word' id='word_1_118' title='bbox 1166 1044 1360 1087; x_wconf 87' lang='lat' dir='ltr'>membra</span> <span class='ocrx_word' id='word_1_119' title='bbox 1378 1060 1453 1088; x_wconf 86' lang='lat' dir='ltr'>sua</span> <span class='ocrx_word' id='word_1_120' title='bbox 1470 1079 1480 1099; x_wconf 87' lang='lat'>,</span> <span class='ocrx_word' id='word_1_121' title='bbox 1501 1060 1544 1087; x_wconf 84' lang='lat' dir='ltr'>se</span> <span class='ocrx_word' id='word_1_122' title='bbox 1562 1044 1701 1102; x_wconf 86' lang='lat' dir='ltr'>ipsum</span> <span class='ocrx_word' id='word_1_123' title='bbox 1721 1064 1732 1102; x_wconf 79' lang='lat'>3</span> 
     </span>
     <span class='ocr_line' id='line_1_14' title="bbox 349 1111 1730 1168; baseline 0.001 -13"><span class='ocrx_word' id='word_1_124' title='bbox 349 1113 464 1156; x_wconf 89' lang='lat' dir='ltr'>misit</span> <span class='ocrx_word' id='word_1_125' title='bbox 485 1113 600 1155; x_wconf 91' lang='lat' dir='ltr'>enim</span> <span class='ocrx_word' id='word_1_126' title='bbox 618 1111 671 1156; x_wconf 84' lang='lat' dir='ltr'>ad</span> <span class='ocrx_word' id='word_1_127' title='bbox 699 1127 776 1156; x_wconf 89' lang='lat' dir='ltr'>nos</span> <span class='ocrx_word' id='word_1_128' title='bbox 798 1113 992 1156; x_wconf 88' lang='lat' dir='ltr'>membra</span> <span class='ocrx_word' id='word_1_129' title='bbox 1012 1128 1108 1168; x_wconf 77' lang='lat' dir='ltr'>sua,</span> <span class='ocrx_word' id='word_1_130' title='bbox 1129 1123 1172 1157; x_wconf 83' lang='lat' dir='ltr'>et</span> <span class='ocrx_word' id='word_1_131' title='bbox 1187 1113 1292 1158; x_wconf 83' lang='lat' dir='ltr'>fecit</span> <span class='ocrx_word' id='word_1_132' title='bbox 1317 1130 1394 1159; x_wconf 89' lang='lat' dir='ltr'>nos</span> <span class='ocrx_word' id='word_1_133' title='bbox 1420 1115 1615 1158; x_wconf 84' lang='lat' dir='ltr'>membra</span> <span class='ocrx_word' id='word_1_134' title='bbox 1640 1130 1730 1157; x_wconf 67' lang='lat' dir='ltr'>sua„</span> 
     </span>
     <span class='ocr_line' id='line_1_15' title="bbox 353 1183 1736 1244; baseline 0.002 -18"><span class='ocrx_word' id='word_1_135' title='bbox 353 1186 515 1227; x_wconf 87' lang='lat' dir='ltr'>Tamen</span> <span class='ocrx_word' id='word_1_136' title='bbox 532 1183 770 1227; x_wconf 89' lang='lat' dir='ltr'>secundum</span> <span class='ocrx_word' id='word_1_137' title='bbox 793 1183 979 1242; x_wconf 82' lang='lat' dir='ltr'>speciem</span> <span class='ocrx_word' id='word_1_138' title='bbox 1000 1184 1189 1243; x_wconf 86' lang='lat' dir='ltr'>corporis</span> <span class='ocrx_word' id='word_1_139' title='bbox 1214 1200 1346 1244; x_wconf 85' lang='lat' dir='ltr'>quam</span> <span class='ocrx_word' id='word_1_140' title='bbox 1370 1184 1512 1228; x_wconf 75' lang='lat' dir='ltr'>Judaei</span> <span class='ocrx_word' id='word_1_141' title='bbox 1532 1185 1736 1229; x_wconf 84' lang='lat' dir='ltr'>viderunt</span> 
     </span>
     <span class='ocr_line' id='line_1_16' title="bbox 351 1254 1736 1315; baseline 0.001 -18"><span class='ocrx_word' id='word_1_142' title='bbox 351 1262 395 1297; x_wconf 89' lang='lat' dir='ltr'>et</span> <span class='ocrx_word' id='word_1_143' title='bbox 424 1262 798 1313; x_wconf 78' lang='lat' dir='ltr'>contempserunt,</span> <span class='ocrx_word' id='word_1_144' title='bbox 830 1270 919 1298; x_wconf 89' lang='lat' dir='ltr'>non</span> <span class='ocrx_word' id='word_1_145' title='bbox 947 1254 1064 1314; x_wconf 88' lang='lat' dir='ltr'>apud</span> <span class='ocrx_word' id='word_1_146' title='bbox 1092 1270 1169 1299; x_wconf 92' lang='lat' dir='ltr'>nos</span> <span class='ocrx_word' id='word_1_147' title='bbox 1199 1254 1281 1299; x_wconf 83' lang='lat' dir='ltr'>fuit</span> <span class='ocrx_word' id='word_1_148' title='bbox 1313 1256 1509 1300; x_wconf 87' lang='lat' dir='ltr'>Christus</span> <span class='ocrx_word' id='word_1_149' title='bbox 1536 1275 1544 1299; x_wconf 88' lang='lat'><strong>:</strong></span> <span class='ocrx_word' id='word_1_150' title='bbox 1571 1257 1672 1315; x_wconf 88' lang='lat' dir='ltr'>quia</span> <span class='ocrx_word' id='word_1_151' title='bbox 1693 1265 1736 1299; x_wconf 88' lang='lat' dir='ltr'>et</span> 
     </span>
     <span class='ocr_line' id='line_1_17' title="bbox 350 1324 1730 1386; baseline 0.001 -18"><span class='ocrx_word' id='word_1_152' title='bbox 350 1325 434 1369; x_wconf 87' lang='lat' dir='ltr'>hoc</span> <span class='ocrx_word' id='word_1_153' title='bbox 464 1334 507 1368; x_wconf 84' lang='lat' dir='ltr'>et</span> <span class='ocrx_word' id='word_1_154' title='bbox 539 1324 592 1368; x_wconf 87' lang='lat' dir='ltr'>de</span> <span class='ocrx_word' id='word_1_155' title='bbox 619 1325 694 1369; x_wconf 88' lang='lat' dir='ltr'>illo</span> <span class='ocrx_word' id='word_1_156' title='bbox 726 1324 894 1369; x_wconf 90' lang='lat' dir='ltr'>dictum</span> <span class='ocrx_word' id='word_1_157' title='bbox 934 1335 1052 1380; x_wconf 80' lang='lat' dir='ltr'>erat,</span> <span class='ocrx_word' id='word_1_158' title='bbox 1090 1325 1200 1369; x_wconf 88' lang='lat' dir='ltr'>sicut</span> <span class='ocrx_word' id='word_1_159' title='bbox 1239 1335 1282 1369; x_wconf 89' lang='lat' dir='ltr'>et</span> <span class='ocrx_word' id='word_1_160' title='bbox 1317 1326 1548 1386; x_wconf 87' lang='lat' dir='ltr'>Apostolus</span> <span class='ocrx_word' id='word_1_161' title='bbox 1582 1326 1686 1370; x_wconf 88' lang='lat' dir='ltr'>dicit</span> <span class='ocrx_word' id='word_1_162' title='bbox 1721 1345 1730 1371; x_wconf 92' lang='lat'><strong>:</strong></span> 
     </span>
     <span class='ocr_line' id='line_1_18' title="bbox 343 1395 1735 1444; baseline 0.001 -6"><span class='ocrx_word' id='word_1_163' title='bbox 343 1414 376 1444; x_wconf 66' lang='lat'>⁵«</span> <span class='ocrx_word' id='word_1_164' title='bbox 412 1395 515 1439; x_wconf 87' lang='lat' dir='ltr'>Dico</span> <span class='ocrx_word' id='word_1_165' title='bbox 551 1396 666 1438; x_wconf 89' lang='lat' dir='ltr'>enim</span> <span class='ocrx_word' id='word_1_166' title='bbox 701 1396 923 1440; x_wconf 87' lang='lat' dir='ltr'>Christum</span> <span class='ocrx_word' id='word_1_167' title='bbox 961 1396 1205 1440; x_wconf 84' lang='lat' dir='ltr'>ministrum</span> <span class='ocrx_word' id='word_1_168' title='bbox 1238 1396 1366 1441; x_wconf 83' lang='lat' dir='ltr'>fuisse</span> <span class='ocrx_word' id='word_1_169' title='bbox 1401 1397 1735 1442; x_wconf 88' lang='lat' dir='ltr'>circumcisionis</span> 
     </span>
     <span class='ocr_line' id='line_1_19' title="bbox 354 1467 1735 1529; baseline 0.003 -21"><span class='ocrx_word' id='word_1_170' title='bbox 354 1485 374 1508; x_wconf 86' lang='lat'>»</span> <span class='ocrx_word' id='word_1_171' title='bbox 410 1476 586 1527; x_wconf 87' lang='lat' dir='ltr'>propter</span> <span class='ocrx_word' id='word_1_172' title='bbox 615 1468 838 1512; x_wconf 87' lang='lat' dir='ltr'>veritatem</span> <span class='ocrx_word' id='word_1_173' title='bbox 866 1468 970 1524; x_wconf 85' lang='lat' dir='ltr'>Dei,</span> <span class='ocrx_word' id='word_1_174' title='bbox 1007 1467 1061 1512; x_wconf 79' lang='lat' dir='ltr'>ad</span> <span class='ocrx_word' id='word_1_175' title='bbox 1088 1469 1403 1513; x_wconf 86' lang='lat' dir='ltr'>confirmandas</span> <span class='ocrx_word' id='word_1_176' title='bbox 1436 1470 1735 1529; x_wconf 88' lang='lat' dir='ltr'>promissiones</span> 
     </span>
     <span class='ocr_line' id='line_1_20' title="bbox 355 1539 1735 1601; baseline 0.004 -21"><span class='ocrx_word' id='word_1_177' title='bbox 355 1557 376 1580; x_wconf 87' lang='lat'>»</span> <span class='ocrx_word' id='word_1_178' title='bbox 413 1543 591 1583; x_wconf 87' lang='lat' dir='ltr'>Patrum</span> <span class='ocrx_word' id='word_1_179' title='bbox 609 1540 639 1582; x_wconf 80' lang='lat'>3.</span> <span class='ocrx_word' id='word_1_180' title='bbox 665 1558 684 1580; x_wconf 89' lang='lat'>»</span> <span class='ocrx_word' id='word_1_181' title='bbox 711 1539 778 1583; x_wconf 88' lang='lat' dir='ltr'>Ad</span> <span class='ocrx_word' id='word_1_182' title='bbox 805 1539 901 1584; x_wconf 90' lang='lat' dir='ltr'>illos</span> <span class='ocrx_word' id='word_1_183' title='bbox 925 1540 1076 1584; x_wconf 87' lang='lat' dir='ltr'>debuit</span> <span class='ocrx_word' id='word_1_184' title='bbox 1098 1542 1267 1596; x_wconf 80' lang='lat' dir='ltr'>venire,</span> <span class='ocrx_word' id='word_1_185' title='bbox 1289 1558 1310 1585; x_wconf 85' lang='lat' dir='ltr'>a</span> <span class='ocrx_word' id='word_1_186' title='bbox 1333 1557 1519 1601; x_wconf 86' lang='lat' dir='ltr'>quorum</span> <span class='ocrx_word' id='word_1_187' title='bbox 1540 1541 1735 1601; x_wconf 88' lang='lat' dir='ltr'>patribus</span> 
     </span>
     <span class='ocr_line' id='line_1_21' title="bbox 353 1610 1736 1670; baseline 0.001 -16"><span class='ocrx_word' id='word_1_188' title='bbox 353 1619 417 1655; x_wconf 87' lang='lat' dir='ltr'>cst</span> <span class='ocrx_word' id='word_1_189' title='bbox 438 1612 669 1670; x_wconf 89' lang='lat' dir='ltr'>promissus</span> <span class='ocrx_word' id='word_1_190' title='bbox 691 1628 701 1653; x_wconf 75' lang='grc' dir='ltr'>ε</span> <span class='ocrx_word' id='word_1_191' title='bbox 727 1610 824 1655; x_wconf 89' lang='lat' dir='ltr'>ideo</span> <span class='ocrx_word' id='word_1_192' title='bbox 848 1620 891 1655; x_wconf 87' lang='lat' dir='ltr'>et</span> <span class='ocrx_word' id='word_1_193' title='bbox 912 1613 1001 1670; x_wconf 91' lang='lat' dir='ltr'>ipsc</span> <span class='ocrx_word' id='word_1_194' title='bbox 1020 1612 1077 1656; x_wconf 89' lang='lat' dir='ltr'>sic</span> <span class='ocrx_word' id='word_1_195' title='bbox 1096 1612 1154 1655; x_wconf 85' lang='lat' dir='ltr'>ait</span> <span class='ocrx_word' id='word_1_196' title='bbox 1181 1632 1189 1656; x_wconf 72' lang='grc' dir='ltr'>ε</span> <span class='ocrx_word' id='word_1_197' title='bbox 1216 1632 1234 1654; x_wconf 88' lang='lat'>«</span> <span class='ocrx_word' id='word_1_198' title='bbox 1259 1615 1354 1658; x_wconf 91' lang='lat' dir='ltr'>Non</span> <span class='ocrx_word' id='word_1_199' title='bbox 1374 1628 1469 1656; x_wconf 91' lang='lat' dir='ltr'>sum</span> <span class='ocrx_word' id='word_1_200' title='bbox 1487 1613 1638 1656; x_wconf 86' lang='lat' dir='ltr'>missus</span> <span class='ocrx_word' id='word_1_201' title='bbox 1656 1612 1736 1655; x_wconf 90' lang='lat' dir='ltr'>nisi</span> 
     </span>
     <span class='ocr_line' id='line_1_22' title="bbox 356 1682 1737 1743; baseline 0.001 -18"><span class='ocrx_word' id='word_1_202' title='bbox 356 1699 377 1721; x_wconf 77' lang='lat'>&gt;›</span> <span class='ocrx_word' id='word_1_203' title='bbox 413 1682 468 1725; x_wconf 90' lang='lat' dir='ltr'>ad</span> <span class='ocrx_word' id='word_1_204' title='bbox 483 1697 582 1726; x_wconf 86' lang='lat' dir='ltr'>oves</span> <span class='ocrx_word' id='word_1_205' title='bbox 608 1698 707 1742; x_wconf 81' lang='lat' dir='ltr'>quae</span> <span class='ocrx_word' id='word_1_206' title='bbox 725 1682 947 1741; x_wconf 86' lang='lat' dir='ltr'>perierunt</span> <span class='ocrx_word' id='word_1_207' title='bbox 972 1682 1126 1727; x_wconf 90' lang='lat' dir='ltr'>domus</span> <span class='ocrx_word' id='word_1_208' title='bbox 1147 1683 1277 1727; x_wconf 68' lang='lat' dir='ltr'>Israel</span> <span class='ocrx_word' id='word_1_209' title='bbox 1292 1685 1324 1726; x_wconf 70' lang='lat'>⁴.</span> <span class='ocrx_word' id='word_1_210' title='bbox 1346 1702 1365 1724; x_wconf 89' lang='lat'>»</span> <span class='ocrx_word' id='word_1_211' title='bbox 1388 1682 1472 1728; x_wconf 89' lang='lat' dir='ltr'>Sed</span> <span class='ocrx_word' id='word_1_212' title='bbox 1500 1683 1606 1743; x_wconf 86' lang='lat' dir='ltr'>quid</span> <span class='ocrx_word' id='word_1_213' title='bbox 1633 1682 1737 1726; x_wconf 84' lang='lat' dir='ltr'>dicit</span> 
     </span>
     <span class='ocr_line' id='line_1_23' title="bbox 355 1753 1737 1814; baseline 0.001 -17"><span class='ocrx_word' id='word_1_214' title='bbox 355 1753 588 1812; x_wconf 84' lang='lat' dir='ltr'>Apostolus</span> <span class='ocrx_word' id='word_1_215' title='bbox 604 1753 649 1796; x_wconf 87' lang='lat' dir='ltr'>in</span> <span class='ocrx_word' id='word_1_216' title='bbox 666 1754 896 1812; x_wconf 84' lang='lat' dir='ltr'>sequenti?</span> <span class='ocrx_word' id='word_1_217' title='bbox 914 1773 933 1795; x_wconf 88' lang='lat'>«</span> <span class='ocrx_word' id='word_1_218' title='bbox 954 1756 1113 1798; x_wconf 87' lang='lat' dir='ltr'>Gentes</span> <span class='ocrx_word' id='word_1_219' title='bbox 1135 1764 1279 1798; x_wconf 87' lang='lat' dir='ltr'>autem</span> <span class='ocrx_word' id='word_1_220' title='bbox 1302 1770 1431 1814; x_wconf 84' lang='lat' dir='ltr'>super</span> <span class='ocrx_word' id='word_1_221' title='bbox 1447 1754 1737 1799; x_wconf 86' lang='lat' dir='ltr'>misericordia</span> 
     </span>
     <span class='ocr_line' id='line_1_24' title="bbox 359 1823 1738 1883; baseline 0.002 -19"><span class='ocrx_word' id='word_1_222' title='bbox 359 1842 379 1864; x_wconf 87' lang='lat'>»</span> <span class='ocrx_word' id='word_1_223' title='bbox 401 1823 639 1881; x_wconf 81' lang='lat' dir='ltr'>glorificare</span> <span class='ocrx_word' id='word_1_224' title='bbox 655 1826 832 1868; x_wconf 61' lang='lat' dir='ltr'>Deumss.</span> <span class='ocrx_word' id='word_1_225' title='bbox 855 1842 874 1864; x_wconf 91' lang='lat'>»</span> <span class='ocrx_word' id='word_1_226' title='bbox 892 1824 1007 1876; x_wconf 89' lang='lat' dir='ltr'>Quid</span> <span class='ocrx_word' id='word_1_227' title='bbox 1023 1834 1064 1868; x_wconf 89' lang='lat' dir='ltr'>et</span> <span class='ocrx_word' id='word_1_228' title='bbox 1081 1825 1171 1883; x_wconf 83' lang='lat' dir='ltr'>ipse</span> <span class='ocrx_word' id='word_1_229' title='bbox 1186 1826 1423 1869; x_wconf 77' lang='lat' dir='ltr'>Dominus?</span> <span class='ocrx_word' id='word_1_230' title='bbox 1440 1825 1624 1869; x_wconf 89' lang='lat' dir='ltr'>«Habeo</span> <span class='ocrx_word' id='word_1_231' title='bbox 1637 1825 1738 1868; x_wconf 88' lang='lat' dir='ltr'>alias</span> 
     </span>
     <span class='ocr_line' id='line_1_25' title="bbox 359 1893 1738 1954; baseline 0.001 -19"><span class='ocrx_word' id='word_1_232' title='bbox 359 1912 380 1936; x_wconf 84' lang='grc'>»</span> <span class='ocrx_word' id='word_1_233' title='bbox 408 1909 507 1939; x_wconf 88' lang='lat' dir='ltr'>oves</span> <span class='ocrx_word' id='word_1_234' title='bbox 531 1910 629 1954; x_wconf 86' lang='lat' dir='ltr'>quae</span> <span class='ocrx_word' id='word_1_235' title='bbox 651 1909 740 1938; x_wconf 91' lang='lat' dir='ltr'>non</span> <span class='ocrx_word' id='word_1_236' title='bbox 757 1902 858 1937; x_wconf 90' lang='lat' dir='ltr'>sunt</span> <span class='ocrx_word' id='word_1_237' title='bbox 878 1908 926 1936; x_wconf 82' lang='lat' dir='ltr'>ex</span> <span class='ocrx_word' id='word_1_238' title='bbox 950 1893 1033 1937; x_wconf 85' lang='lat' dir='ltr'>hoc</span> <span class='ocrx_word' id='word_1_239' title='bbox 1053 1894 1154 1937; x_wconf 87' lang='lat' dir='ltr'>olivi</span> <span class='ocrx_word' id='word_1_240' title='bbox 1169 1896 1198 1937; x_wconf 75' lang='lat'>⁰.</span> <span class='ocrx_word' id='word_1_241' title='bbox 1233 1913 1251 1934; x_wconf 88' lang='lat'>»</span> <span class='ocrx_word' id='word_1_242' title='bbox 1277 1895 1362 1947; x_wconf 85' lang='lat' dir='ltr'>Qui</span> <span class='ocrx_word' id='word_1_243' title='bbox 1379 1895 1566 1950; x_wconf 83' lang='lat' dir='ltr'>dixerat,</span> <span class='ocrx_word' id='word_1_244' title='bbox 1599 1914 1618 1936; x_wconf 88' lang='lat'>«</span> <span class='ocrx_word' id='word_1_245' title='bbox 1643 1897 1738 1940; x_wconf 92' lang='lat' dir='ltr'>Non</span> 
     </span>
     <span class='ocr_line' id='line_1_26' title="bbox 359 1963 1735 2024; baseline 0 -19"><span class='ocrx_word' id='word_1_246' title='bbox 359 1983 380 2006; x_wconf 84' lang='lat'>»</span> <span class='ocrx_word' id='word_1_247' title='bbox 416 1981 511 2009; x_wconf 89' lang='lat' dir='ltr'>sum</span> <span class='ocrx_word' id='word_1_248' title='bbox 530 1965 681 2009; x_wconf 85' lang='lat' dir='ltr'>missus</span> <span class='ocrx_word' id='word_1_249' title='bbox 698 1965 777 2008; x_wconf 89' lang='lat' dir='ltr'>nisi</span> <span class='ocrx_word' id='word_1_250' title='bbox 795 1963 848 2007; x_wconf 89' lang='lat' dir='ltr'>ad</span> <span class='ocrx_word' id='word_1_251' title='bbox 871 1979 970 2008; x_wconf 88' lang='lat' dir='ltr'>oves</span> <span class='ocrx_word' id='word_1_252' title='bbox 992 1981 1090 2024; x_wconf 84' lang='lat' dir='ltr'>quae</span> <span class='ocrx_word' id='word_1_253' title='bbox 1109 1966 1330 2023; x_wconf 84' lang='lat' dir='ltr'>perierunt</span> <span class='ocrx_word' id='word_1_254' title='bbox 1344 1965 1497 2009; x_wconf 89' lang='lat' dir='ltr'>domus</span> <span class='ocrx_word' id='word_1_255' title='bbox 1520 1965 1651 2009; x_wconf 70' lang='lat' dir='ltr'>Israel</span> <span class='ocrx_word' id='word_1_256' title='bbox 1678 1985 1686 2009; x_wconf 75' lang='lat'><em>2</em></span> <span class='ocrx_word' id='word_1_257' title='bbox 1715 1983 1735 2005; x_wconf 85' lang='lat'>»</span> 
     </span>
     <span class='ocr_line' id='line_1_27' title="bbox 358 2035 1739 2097; baseline 0 -18"><span class='ocrx_word' id='word_1_258' title='bbox 358 2037 580 2097; x_wconf 84' lang='lat' dir='ltr'>quomodo</span> <span class='ocrx_word' id='word_1_259' title='bbox 597 2037 728 2080; x_wconf 85' lang='lat' dir='ltr'>habet</span> <span class='ocrx_word' id='word_1_260' title='bbox 742 2035 843 2079; x_wconf 88' lang='lat' dir='ltr'>alias</span> <span class='ocrx_word' id='word_1_261' title='bbox 863 2051 962 2080; x_wconf 88' lang='lat' dir='ltr'>oves</span> <span class='ocrx_word' id='word_1_262' title='bbox 977 2036 1031 2079; x_wconf 89' lang='lat' dir='ltr'>ad</span> <span class='ocrx_word' id='word_1_263' title='bbox 1050 2052 1155 2095; x_wconf 79' lang='lat' dir='ltr'>quas</span> <span class='ocrx_word' id='word_1_264' title='bbox 1174 2052 1261 2080; x_wconf 87' lang='lat' dir='ltr'>non</span> <span class='ocrx_word' id='word_1_265' title='bbox 1276 2045 1338 2080; x_wconf 87' lang='lat' dir='ltr'>est</span> <span class='ocrx_word' id='word_1_266' title='bbox 1356 2036 1521 2091; x_wconf 72' lang='lat' dir='ltr'>missus,</span> <span class='ocrx_word' id='word_1_267' title='bbox 1538 2037 1619 2080; x_wconf 90' lang='lat' dir='ltr'>nisi</span> <span class='ocrx_word' id='word_1_268' title='bbox 1637 2036 1739 2096; x_wconf 83' lang='lat' dir='ltr'>quia</span> 
     </span>
     <span class='ocr_line' id='line_1_28' title="bbox 358 2106 1738 2166; baseline -0.001 -16"><span class='ocrx_word' id='word_1_269' title='bbox 358 2107 614 2165; x_wconf 84' lang='lat' dir='ltr'>significavit</span> <span class='ocrx_word' id='word_1_270' title='bbox 642 2106 914 2166; x_wconf 81' lang='lat' dir='ltr'>praesentiam</span> <span class='ocrx_word' id='word_1_271' title='bbox 945 2106 1212 2165; x_wconf 80' lang='lat' dir='ltr'>corporalem</span> <span class='ocrx_word' id='word_1_272' title='bbox 1238 2122 1326 2151; x_wconf 85' lang='lat' dir='ltr'>non</span> <span class='ocrx_word' id='word_1_273' title='bbox 1351 2122 1394 2150; x_wconf 89' lang='lat' dir='ltr'>se</span> <span class='ocrx_word' id='word_1_274' title='bbox 1416 2108 1594 2150; x_wconf 89' lang='lat' dir='ltr'>missum</span> <span class='ocrx_word' id='word_1_275' title='bbox 1617 2107 1738 2150; x_wconf 78' lang='lat' dir='ltr'>exhi-</span> 
     </span>
     <span class='ocr_line' id='line_1_29' title="bbox 358 2176 1739 2237; baseline 0 -16"><span class='ocrx_word' id='word_1_276' title='bbox 358 2178 460 2221; x_wconf 81' lang='lat' dir='ltr'>bere</span> <span class='ocrx_word' id='word_1_277' title='bbox 493 2179 572 2221; x_wconf 89' lang='lat' dir='ltr'>nisi</span> <span class='ocrx_word' id='word_1_278' title='bbox 603 2178 701 2221; x_wconf 86' lang='lat' dir='ltr'>solis</span> <span class='ocrx_word' id='word_1_279' title='bbox 723 2176 910 2232; x_wconf 79' lang='lat' dir='ltr'>Judaeis,</span> <span class='ocrx_word' id='word_1_280' title='bbox 949 2178 1024 2237; x_wconf 86' lang='lat' dir='ltr'>qui</span> <span class='ocrx_word' id='word_1_281' title='bbox 1057 2178 1262 2221; x_wconf 84' lang='lat' dir='ltr'>viderunt</span> <span class='ocrx_word' id='word_1_282' title='bbox 1304 2187 1347 2221; x_wconf 84' lang='lat' dir='ltr'>ct</span> <span class='ocrx_word' id='word_1_283' title='bbox 1381 2177 1661 2222; x_wconf 78' lang='lat' dir='ltr'>occiderunt?</span> <span class='ocrx_word' id='word_1_284' title='bbox 1683 2179 1739 2221; x_wconf 80' lang='lat' dir='ltr'>Et</span> 
     </span>
     <span class='ocr_line' id='line_1_30' title="bbox 359 2247 1739 2307; baseline 0 -17"><span class='ocrx_word' id='word_1_285' title='bbox 359 2247 488 2291; x_wconf 88' lang='lat' dir='ltr'>multi</span> <span class='ocrx_word' id='word_1_286' title='bbox 519 2257 661 2291; x_wconf 84' lang='lat' dir='ltr'>tamen</span> <span class='ocrx_word' id='word_1_287' title='bbox 689 2247 789 2291; x_wconf 87' lang='lat' dir='ltr'>inde</span> <span class='ocrx_word' id='word_1_288' title='bbox 817 2257 859 2291; x_wconf 78' lang='lat' dir='ltr'>et</span> <span class='ocrx_word' id='word_1_289' title='bbox 881 2258 1006 2291; x_wconf 83' lang='lat' dir='ltr'>antea</span> <span class='ocrx_word' id='word_1_290' title='bbox 1029 2257 1071 2291; x_wconf 87' lang='lat' dir='ltr'>ct</span> <span class='ocrx_word' id='word_1_291' title='bbox 1092 2258 1238 2307; x_wconf 84' lang='lat' dir='ltr'>postea</span> <span class='ocrx_word' id='word_1_292' title='bbox 1276 2247 1566 2291; x_wconf 84' lang='lat' dir='ltr'>crediderunt.</span> <span class='ocrx_word' id='word_1_293' title='bbox 1593 2247 1739 2291; x_wconf 85' lang='lat' dir='ltr'>Messis</span> 
     </span>
     <span class='ocr_line' id='line_1_31' title="bbox 359 2317 1740 2376; baseline -0.001 -16"><span class='ocrx_word' id='word_1_294' title='bbox 359 2318 499 2376; x_wconf 87' lang='lat' dir='ltr'>prima</span> <span class='ocrx_word' id='word_1_295' title='bbox 527 2317 580 2361; x_wconf 92' lang='lat' dir='ltr'>de</span> <span class='ocrx_word' id='word_1_296' title='bbox 612 2333 738 2361; x_wconf 88' lang='lat' dir='ltr'>cruce</span> <span class='ocrx_word' id='word_1_297' title='bbox 775 2317 979 2362; x_wconf 83' lang='lat' dir='ltr'>ventilata</span> <span class='ocrx_word' id='word_1_298' title='bbox 1014 2327 1098 2373; x_wconf 82' lang='lat' dir='ltr'>est,</span> <span class='ocrx_word' id='word_1_299' title='bbox 1124 2327 1174 2362; x_wconf 87' lang='lat' dir='ltr'>ut</span> <span class='ocrx_word' id='word_1_300' title='bbox 1209 2327 1316 2362; x_wconf 88' lang='lat' dir='ltr'>esset</span> <span class='ocrx_word' id='word_1_301' title='bbox 1342 2333 1489 2362; x_wconf 86' lang='lat' dir='ltr'>semen</span> <span class='ocrx_word' id='word_1_302' title='bbox 1518 2317 1635 2360; x_wconf 88' lang='lat' dir='ltr'>unde</span> <span class='ocrx_word' id='word_1_303' title='bbox 1657 2317 1740 2360; x_wconf 86' lang='lat' dir='ltr'>alia</span> 
     </span>
     <span class='ocr_line' id='line_1_32' title="bbox 359 2387 1741 2446; baseline -0.001 -15"><span class='ocrx_word' id='word_1_304' title='bbox 359 2388 504 2433; x_wconf 86' lang='lat' dir='ltr'>messis</span> <span class='ocrx_word' id='word_1_305' title='bbox 539 2397 830 2446; x_wconf 57' lang='lat' dir='ltr'>consurget-eh</span> <span class='ocrx_word' id='word_1_306' title='bbox 867 2390 993 2433; x_wconf 91' lang='lat' dir='ltr'>Nunc</span> <span class='ocrx_word' id='word_1_307' title='bbox 1024 2404 1127 2433; x_wconf 85' lang='lat' dir='ltr'>vcro</span> <span class='ocrx_word' id='word_1_308' title='bbox 1159 2404 1259 2432; x_wconf 92' lang='lat' dir='ltr'>cum</span> <span class='ocrx_word' id='word_1_309' title='bbox 1298 2387 1411 2432; x_wconf 86' lang='lat' dir='ltr'>fama</span> <span class='ocrx_word' id='word_1_310' title='bbox 1443 2387 1665 2445; x_wconf 84' lang='lat' dir='ltr'>Evangelii</span> <span class='ocrx_word' id='word_1_311' title='bbox 1697 2395 1741 2430; x_wconf 87' lang='lat' dir='ltr'>et</span> 
     </span>
    </p>
   </div>
   <div class='ocr_carea' id='block_1_3' title="bbox 363 2483 1733 2583">
    <p class='ocr_par' dir='ltr' id='par_1_4' title="bbox 363 2483 1733 2583">
     <span class='ocr_line' id='line_1_33' title="bbox 411 2483 1733 2527; baseline -0.002 -10"><span class='ocrx_word' id='word_1_312' title='bbox 411 2491 418 2507; x_wconf 90' lang='lat'><strong>¹</strong></span> <span class='ocrx_word' id='word_1_313' title='bbox 440 2485 521 2517; x_wconf 83' lang='lat' dir='ltr'>Psal.</span> <span class='ocrx_word' id='word_1_314' title='bbox 536 2497 615 2526; x_wconf 81' lang='lat' dir='ltr'>xvn,</span> <span class='ocrx_word' id='word_1_315' title='bbox 632 2484 684 2527; x_wconf 76' lang='grc'>34.</span> <span class='ocrx_word' id='word_1_316' title='bbox 721 2502 747 2507; x_wconf 95' lang='grc'>-</span> <span class='ocrx_word' id='word_1_317' title='bbox 769 2491 781 2506; x_wconf 88' lang='lat'>2</span> <span class='ocrx_word' id='word_1_318' title='bbox 801 2486 877 2517; x_wconf 87' lang='lat' dir='ltr'>Luc.</span> <span class='ocrx_word' id='word_1_319' title='bbox 898 2496 967 2526; x_wconf 81' lang='lat' dir='ltr'>vui,</span> <span class='ocrx_word' id='word_1_320' title='bbox 987 2484 1041 2526; x_wconf 78' lang='grc'>45.</span> <span class='ocrx_word' id='word_1_321' title='bbox 1063 2502 1103 2508; x_wconf 91' lang='grc'>-</span> <span class='ocrx_word' id='word_1_322' title='bbox 1120 2484 1132 2509; x_wconf 80' lang='lat'><em>3</em></span> <span class='ocrx_word' id='word_1_323' title='bbox 1148 2487 1238 2518; x_wconf 84' lang='lat' dir='ltr'>Rom.</span> <span class='ocrx_word' id='word_1_324' title='bbox 1258 2496 1313 2526; x_wconf 78' lang='lat' dir='ltr'>xv,</span> <span class='ocrx_word' id='word_1_325' title='bbox 1332 2486 1363 2517; x_wconf 81' lang='lat'>8.</span> <span class='ocrx_word' id='word_1_326' title='bbox 1389 2501 1430 2508; x_wconf 81' lang='lat'>--</span> <span class='ocrx_word' id='word_1_327' title='bbox 1443 2483 1460 2514; x_wconf 73' lang='grc'>4</span> <span class='ocrx_word' id='word_1_328' title='bbox 1478 2485 1596 2517; x_wconf 79' lang='lat' dir='ltr'>Matth.</span> <span class='ocrx_word' id='word_1_329' title='bbox 1614 2495 1667 2525; x_wconf 83' lang='lat' dir='ltr'>xv,</span> <span class='ocrx_word' id='word_1_330' title='bbox 1680 2483 1733 2526; x_wconf 70' lang='lat'>24.</span> 
     </span>
     <span class='ocr_line' id='line_1_34' title="bbox 363 2539 985 2583; baseline -0.002 -10"><span class='ocrx_word' id='word_1_331' title='bbox 363 2556 403 2562; x_wconf 91' lang='lat'><em>-</em></span> <span class='ocrx_word' id='word_1_332' title='bbox 421 2539 435 2563; x_wconf 83' lang='lat'><strong><em>5</em></strong></span> <span class='ocrx_word' id='word_1_333' title='bbox 451 2543 540 2573; x_wconf 79' lang='lat' dir='ltr'>Rom.</span> <span class='ocrx_word' id='word_1_334' title='bbox 562 2551 616 2583; x_wconf 80' lang='lat' dir='ltr'>xv,</span> <span class='ocrx_word' id='word_1_335' title='bbox 629 2552 662 2583; x_wconf 87' lang='lat'>9.</span> <span class='ocrx_word' id='word_1_336' title='bbox 683 2557 722 2564; x_wconf 91' lang='lat'>—-</span> <span class='ocrx_word' id='word_1_337' title='bbox 738 2539 753 2563; x_wconf 82' lang='lat'>6</span> <span class='ocrx_word' id='word_1_338' title='bbox 771 2543 860 2573; x_wconf 85' lang='lat' dir='ltr'>Joan.</span> <span class='ocrx_word' id='word_1_339' title='bbox 882 2552 914 2582; x_wconf 85' lang='lat' dir='ltr'>x,</span> <span class='ocrx_word' id='word_1_340' title='bbox 936 2540 985 2572; x_wconf 84' lang='lat'>16.</span> 
     </span>
    </p>
   </div>
  </div>
 </body>
</html>
