<?xml version="1.0" encoding="UTF-8"?>
<!DOCTYPE html PUBLIC "-//W3C//DTD XHTML 1.0 Transitional//EN"
    "http://www.w3.org/TR/xhtml1/DTD/xhtml1-transitional.dtd">
<html xmlns="http://www.w3.org/1999/xhtml" xml:lang="en" lang="en">
 <head>
  <title>
</title>
<meta http-equiv="Content-Type" content="text/html;charset=utf-8" />
  <meta name='ocr-system' content='tesseract 3.04.00' />
  <meta name='ocr-capabilities' content='ocr_page ocr_carea ocr_par ocr_line ocrx_word'/>
</head>
<body>
  <div class='ocr_page' id='page_1' title='image "./operaomniaaccura15auguuoft_0497.png"; bbox 0 0 1825 3214; ppageno 0'>
   <div class='ocr_carea' id='block_1_1' title="bbox 311 239 1458 280">
    <p class='ocr_par' dir='ltr' id='par_1_1' title="bbox 311 239 1458 280">
     <span class='ocr_line' id='line_1_1' title="bbox 311 239 1458 280; baseline -0.002 -1"><span class='ocrx_word' id='word_1_1' title='bbox 311 255 352 279; x_wconf 76' lang='lat' dir='ltr'>IN</span> <span class='ocrx_word' id='word_1_2' title='bbox 388 252 560 279; x_wconf 74' lang='lat' dir='ltr'>JoANle</span> <span class='ocrx_word' id='word_1_3' title='bbox 593 252 901 280; x_wconf 62' lang='lat' dir='ltr'>EvAncrmvvr.</span> <span class='ocrx_word' id='word_1_4' title='bbox 937 254 1082 279; x_wconf 51' lang='lat' dir='ltr'>&#39;ruscia</span> <span class='ocrx_word' id='word_1_5' title='bbox 1123 254 1239 279; x_wconf 65' lang='lat' dir='ltr'>xliv.</span> <span class='ocrx_word' id='word_1_6' title='bbox 1375 239 1458 278; x_wconf 67' lang='lat'>»185</span> 
     </span>
    </p>
   </div>
   <div class='ocr_carea' id='block_1_2' title="bbox 69 317 1469 2568">
    <p class='ocr_par' dir='ltr' id='par_1_2' title="bbox 71 317 1465 658">
     <span class='ocr_line' id='line_1_2' title="bbox 75 317 1462 377; baseline -0.001 -15"><span class='ocrx_word' id='word_1_7' title='bbox 75 318 148 362; x_wconf 83' lang='lat' dir='ltr'>lilii</span> <span class='ocrx_word' id='word_1_8' title='bbox 168 319 392 376; x_wconf 70' lang='lat' dir='ltr'>gohonnae.</span> <span class='ocrx_word' id='word_1_9' title='bbox 409 317 640 370; x_wconf 85' lang='lat' dir='ltr'>Quomodo</span> <span class='ocrx_word' id='word_1_10' title='bbox 660 327 813 360; x_wconf 80' lang='lat' dir='ltr'>natura</span> <span class='ocrx_word' id='word_1_11' title='bbox 832 353 842 370; x_wconf 80' lang='grc'><strong><em>,</em></strong></span> <span class='ocrx_word' id='word_1_12' title='bbox 870 318 948 360; x_wconf 84' lang='lat' dir='ltr'>nisi</span> <span class='ocrx_word' id='word_1_13' title='bbox 972 318 1070 377; x_wconf 79' lang='lat' dir='ltr'>quia</span> <span class='ocrx_word' id='word_1_14' title='bbox 1096 326 1303 376; x_wconf 74' lang='lat' dir='ltr'>peccante</span> <span class='ocrx_word' id='word_1_15' title='bbox 1323 318 1462 376; x_wconf 79' lang='lat' dir='ltr'>primo</span> 
     </span>
     <span class='ocr_line' id='line_1_3' title="bbox 74 387 1461 447; baseline -0.001 -14"><span class='ocrx_word' id='word_1_16' title='bbox 74 390 264 443; x_wconf 86' lang='lat' dir='ltr'>homine,</span> <span class='ocrx_word' id='word_1_17' title='bbox 286 389 438 432; x_wconf 89' lang='lat' dir='ltr'>vitium</span> <span class='ocrx_word' id='word_1_18' title='bbox 463 403 540 446; x_wconf 89' lang='lat' dir='ltr'>pro</span> <span class='ocrx_word' id='word_1_19' title='bbox 564 397 716 431; x_wconf 86' lang='lat' dir='ltr'>natura</span> <span class='ocrx_word' id='word_1_20' title='bbox 739 387 941 441; x_wconf 89' lang='lat' dir='ltr'>inolevit,</span> <span class='ocrx_word' id='word_1_21' title='bbox 963 388 1004 431; x_wconf 79' lang='lat' dir='ltr'>Si</span> <span class='ocrx_word' id='word_1_22' title='bbox 1029 389 1181 431; x_wconf 88' lang='lat' dir='ltr'>vitium</span> <span class='ocrx_word' id='word_1_23' title='bbox 1204 404 1282 447; x_wconf 86' lang='lat' dir='ltr'>pro</span> <span class='ocrx_word' id='word_1_24' title='bbox 1305 397 1461 432; x_wconf 85' lang='lat' dir='ltr'>natura</span> 
     </span>
     <span class='ocr_line' id='line_1_4' title="bbox 72 458 1457 514; baseline -0.001 -9"><span class='ocrx_word' id='word_1_25' title='bbox 72 460 266 514; x_wconf 85' lang='lat' dir='ltr'>inolevit,</span> <span class='ocrx_word' id='word_1_26' title='bbox 287 458 528 503; x_wconf 88' lang='lat' dir='ltr'>secundum</span> <span class='ocrx_word' id='word_1_27' title='bbox 556 468 746 503; x_wconf 82' lang='lat' dir='ltr'><strong>mentem</strong></span> <span class='ocrx_word' id='word_1_28' title='bbox 770 458 908 503; x_wconf 92' lang='lat' dir='ltr'>omnis</span> <span class='ocrx_word' id='word_1_29' title='bbox 925 459 1057 503; x_wconf 86' lang='lat' dir='ltr'>horno</span> <span class='ocrx_word' id='word_1_30' title='bbox 1074 474 1213 504; x_wconf 76' lang='lat' dir='ltr'>caecus</span> <span class='ocrx_word' id='word_1_31' title='bbox 1236 469 1362 503; x_wconf 87' lang='lat' dir='ltr'>natus</span> <span class='ocrx_word' id='word_1_32' title='bbox 1379 469 1457 504; x_wconf 85' lang='lat' dir='ltr'>est.</span> 
     </span>
     <span class='ocr_line' id='line_1_5' title="bbox 74 528 1465 589; baseline -0.001 -13"><span class='ocrx_word' id='word_1_33' title='bbox 74 533 116 577; x_wconf 91' lang='lat' dir='ltr'>Si</span> <span class='ocrx_word' id='word_1_34' title='bbox 148 532 261 575; x_wconf 84' lang='lat' dir='ltr'>enirn</span> <span class='ocrx_word' id='word_1_35' title='bbox 300 529 444 584; x_wconf 85' lang='lat' dir='ltr'>videt,</span> <span class='ocrx_word' id='word_1_36' title='bbox 471 545 559 574; x_wconf 90' lang='lat' dir='ltr'>non</span> <span class='ocrx_word' id='word_1_37' title='bbox 583 545 691 589; x_wconf 89' lang='lat' dir='ltr'>opus</span> <span class='ocrx_word' id='word_1_38' title='bbox 729 530 861 574; x_wconf 88' lang='lat' dir='ltr'>habet</span> <span class='ocrx_word' id='word_1_39' title='bbox 896 528 1078 574; x_wconf 87' lang='lat' dir='ltr'>ductore</span> <span class='ocrx_word' id='word_1_40' title='bbox 1105 549 1113 574; x_wconf 81' lang='lat' dir='ltr'>z</span> <span class='ocrx_word' id='word_1_41' title='bbox 1145 530 1179 573; x_wconf 89' lang='lat' dir='ltr'>si</span> <span class='ocrx_word' id='word_1_42' title='bbox 1201 545 1310 589; x_wconf 89' lang='lat' dir='ltr'>opus</span> <span class='ocrx_word' id='word_1_43' title='bbox 1333 531 1465 575; x_wconf 80' lang='lat' dir='ltr'>habet.</span> 
     </span>
     <span class='ocr_line' id='line_1_6' title="bbox 71 601 1336 658; baseline -0.002 -11"><span class='ocrx_word' id='word_1_44' title='bbox 71 603 251 647; x_wconf 85' lang='lat' dir='ltr'>ductore</span> <span class='ocrx_word' id='word_1_45' title='bbox 274 611 317 646; x_wconf 89' lang='lat' dir='ltr'>et</span> <span class='ocrx_word' id='word_1_46' title='bbox 340 601 632 646; x_wconf 82' lang='lat' dir='ltr'>illuminatore</span> <span class='ocrx_word' id='word_1_47' title='bbox 647 636 658 656; x_wconf 88' lang='lat'>‚</span> <span class='ocrx_word' id='word_1_48' title='bbox 683 616 824 645; x_wconf 61' lang='lat' dir='ltr'>crocus</span> <span class='ocrx_word' id='word_1_49' title='bbox 847 610 909 644; x_wconf 89' lang='lat' dir='ltr'>est</span> <span class='ocrx_word' id='word_1_50' title='bbox 927 615 1028 658; x_wconf 85' lang='lat' dir='ltr'>ergo</span> <span class='ocrx_word' id='word_1_51' title='bbox 1047 616 1070 644; x_wconf 93' lang='lat' dir='ltr'>a</span> <span class='ocrx_word' id='word_1_52' title='bbox 1095 601 1336 645; x_wconf 83' lang='lat' dir='ltr'>nativitate.</span> 
     </span>
    </p>

    <p class='ocr_par' dir='ltr' id='par_1_3' title="bbox 69 671 1469 2428">
     <span class='ocr_line' id='line_1_7' title="bbox 130 671 1459 732; baseline 0 -14"><span class='ocrx_word' id='word_1_53' title='bbox 130 677 187 718; x_wconf 82' lang='grc' dir='ltr'>ΙΙ.</span> <span class='ocrx_word' id='word_1_54' title='bbox 214 674 345 717; x_wconf 82' lang='lat' dir='ltr'>Venit</span> <span class='ocrx_word' id='word_1_55' title='bbox 384 674 592 717; x_wconf 85' lang='lat' dir='ltr'>Dominus</span> <span class='ocrx_word' id='word_1_56' title='bbox 621 692 628 716; x_wconf 92' lang='lat'>:</span> <span class='ocrx_word' id='word_1_57' title='bbox 655 672 762 732; x_wconf 88' lang='lat' dir='ltr'>quid</span> <span class='ocrx_word' id='word_1_58' title='bbox 803 671 937 716; x_wconf 80' lang='lat' dir='ltr'>fecit?</span> <span class='ocrx_word' id='word_1_59' title='bbox 960 675 1169 731; x_wconf 84' lang='lat' dir='ltr'>Magnum</span> <span class='ocrx_word' id='word_1_60' title='bbox 1206 672 1459 729; x_wconf 74' lang='lat' dir='ltr'>mysterium</span> 
     </span>
     <span class='ocr_line' id='line_1_8' title="bbox 70 742 1460 802; baseline -0.002 -13"><span class='ocrx_word' id='word_1_61' title='bbox 70 743 407 789; x_wconf 84' lang='lat' dir='ltr'>commendavit.</span> <span class='ocrx_word' id='word_1_62' title='bbox 434 763 452 784; x_wconf 92' lang='lat'>«</span> <span class='ocrx_word' id='word_1_63' title='bbox 473 744 634 802; x_wconf 74' lang='lat' dir='ltr'>Expuit</span> <span class='ocrx_word' id='word_1_64' title='bbox 652 744 697 787; x_wconf 91' lang='lat' dir='ltr'>in</span> <span class='ocrx_word' id='word_1_65' title='bbox 719 753 875 787; x_wconf 82' lang='lat' dir='ltr'>terram</span> <span class='ocrx_word' id='word_1_66' title='bbox 894 745 903 768; x_wconf 90' lang='lat'><strong>¹</strong></span> <span class='ocrx_word' id='word_1_67' title='bbox 925 778 934 795; x_wconf 84' lang='lat'><strong>‚</strong></span> <span class='ocrx_word' id='word_1_68' title='bbox 958 762 977 784; x_wconf 82' lang='lat'>»</span> <span class='ocrx_word' id='word_1_69' title='bbox 1005 744 1058 786; x_wconf 87' lang='lat' dir='ltr'>de</span> <span class='ocrx_word' id='word_1_70' title='bbox 1077 742 1208 787; x_wconf 84' lang='lat' dir='ltr'>saliva</span> <span class='ocrx_word' id='word_1_71' title='bbox 1224 758 1299 786; x_wconf 90' lang='lat' dir='ltr'>sua</span> <span class='ocrx_word' id='word_1_72' title='bbox 1318 742 1460 786; x_wconf 90' lang='lat' dir='ltr'>lutum</span> 
     </span>
     <span class='ocr_line' id='line_1_9' title="bbox 72 812 1463 874; baseline -0.001 -16"><span class='ocrx_word' id='word_1_73' title='bbox 72 815 174 859; x_wconf 89' lang='lat' dir='ltr'>fecit</span> <span class='ocrx_word' id='word_1_74' title='bbox 200 835 207 859; x_wconf 92' lang='lat'>:</span> <span class='ocrx_word' id='word_1_75' title='bbox 235 815 337 874; x_wconf 84' lang='lat' dir='ltr'>quia</span> <span class='ocrx_word' id='word_1_76' title='bbox 372 814 566 857; x_wconf 79' lang='lat' dir='ltr'>Verbum</span> <span class='ocrx_word' id='word_1_77' title='bbox 601 829 701 858; x_wconf 89' lang='lat' dir='ltr'>caro</span> <span class='ocrx_word' id='word_1_78' title='bbox 736 814 900 857; x_wconf 87' lang='lat' dir='ltr'>factum</span> <span class='ocrx_word' id='word_1_79' title='bbox 924 823 1001 857; x_wconf 88' lang='lat' dir='ltr'>est.</span> <span class='ocrx_word' id='word_1_80' title='bbox 1028 816 1084 857; x_wconf 81' lang='lat' dir='ltr'>Et</span> <span class='ocrx_word' id='word_1_81' title='bbox 1121 814 1292 856; x_wconf 78' lang='lat' dir='ltr'>inunxit</span> <span class='ocrx_word' id='word_1_82' title='bbox 1315 812 1463 857; x_wconf 89' lang='lat' dir='ltr'>oculos</span> 
     </span>
     <span class='ocr_line' id='line_1_10' title="bbox 70 884 1462 939; baseline -0.001 -9"><span class='ocrx_word' id='word_1_83' title='bbox 70 887 186 930; x_wconf 79' lang='lat' dir='ltr'>caeci.</span> <span class='ocrx_word' id='word_1_84' title='bbox 212 889 425 929; x_wconf 88' lang='lat' dir='ltr'>Inunctus</span> <span class='ocrx_word' id='word_1_85' title='bbox 449 894 562 939; x_wconf 76' lang='lat' dir='ltr'>erat,</span> <span class='ocrx_word' id='word_1_86' title='bbox 597 895 640 929; x_wconf 87' lang='lat' dir='ltr'>et</span> <span class='ocrx_word' id='word_1_87' title='bbox 663 884 860 929; x_wconf 87' lang='lat' dir='ltr'>nondum</span> <span class='ocrx_word' id='word_1_88' title='bbox 886 884 1078 928; x_wconf 79' lang='lat' dir='ltr'>videbat.</span> <span class='ocrx_word' id='word_1_89' title='bbox 1109 884 1227 928; x_wconf 80' lang='lat' dir='ltr'>Misit</span> <span class='ocrx_word' id='word_1_90' title='bbox 1259 884 1383 928; x_wconf 91' lang='lat' dir='ltr'>illum</span> <span class='ocrx_word' id='word_1_91' title='bbox 1408 884 1462 929; x_wconf 89' lang='lat' dir='ltr'>ad</span> 
     </span>
     <span class='ocr_line' id='line_1_11' title="bbox 70 954 1463 1016; baseline -0.001 -16"><span class='ocrx_word' id='word_1_92' title='bbox 70 957 279 1015; x_wconf 82' lang='lat' dir='ltr'>piscinam</span> <span class='ocrx_word' id='word_1_93' title='bbox 318 971 417 1016; x_wconf 77' lang='lat' dir='ltr'>quae</span> <span class='ocrx_word' id='word_1_94' title='bbox 452 965 632 999; x_wconf 90' lang='lat' dir='ltr'>vocatur</span> <span class='ocrx_word' id='word_1_95' title='bbox 656 955 784 1000; x_wconf 72' lang='lat' dir='ltr'>Silo&#39;e.</span> <span class='ocrx_word' id='word_1_96' title='bbox 813 955 1027 999; x_wconf 81' lang='lat' dir='ltr'>l’ertinuit</span> <span class='ocrx_word' id='word_1_97' title='bbox 1060 954 1113 998; x_wconf 65' lang='lat' dir='ltr'>atl</span> <span class='ocrx_word' id='word_1_98' title='bbox 1147 955 1463 1012; x_wconf 80' lang='lat' dir='ltr'>Evangelistam</span> 
     </span>
     <span class='ocr_line' id='line_1_12' title="bbox 69 1026 1461 1086; baseline 0 -15"><span class='ocrx_word' id='word_1_99' title='bbox 69 1026 377 1072; x_wconf 87' lang='lat' dir='ltr'>commendare</span> <span class='ocrx_word' id='word_1_100' title='bbox 394 1026 518 1071; x_wconf 90' lang='lat' dir='ltr'>nobis</span> <span class='ocrx_word' id='word_1_101' title='bbox 543 1042 703 1071; x_wconf 89' lang='lat' dir='ltr'>nomen</span> <span class='ocrx_word' id='word_1_102' title='bbox 725 1027 856 1086; x_wconf 90' lang='lat' dir='ltr'>hujus</span> <span class='ocrx_word' id='word_1_103' title='bbox 887 1026 1087 1085; x_wconf 80' lang='lat' dir='ltr'>piscinae3</span> <span class='ocrx_word' id='word_1_104' title='bbox 1115 1035 1157 1069; x_wconf 90' lang='lat' dir='ltr'>et</span> <span class='ocrx_word' id='word_1_105' title='bbox 1182 1027 1262 1080; x_wconf 88' lang='lat' dir='ltr'>ait,</span> <span class='ocrx_word' id='word_1_106' title='bbox 1292 1045 1310 1067; x_wconf 92' lang='lat'>«</span> <span class='ocrx_word' id='word_1_107' title='bbox 1335 1026 1461 1079; x_wconf 84' lang='lat' dir='ltr'>Quod</span> 
     </span>
     <span class='ocr_line' id='line_1_13' title="bbox 72 1096 1457 1157; baseline -0.001 -16"><span class='ocrx_word' id='word_1_108' title='bbox 72 1115 92 1137; x_wconf 74' lang='lat' dir='ltr'>n</span> <span class='ocrx_word' id='word_1_109' title='bbox 128 1098 437 1153; x_wconf 77' lang='lat' dir='ltr'>interpretatur</span> <span class='ocrx_word' id='word_1_110' title='bbox 456 1098 608 1141; x_wconf 86' lang='lat' dir='ltr'>missus</span> <span class='ocrx_word' id='word_1_111' title='bbox 623 1100 654 1140; x_wconf 74' lang='lat'>².</span> <span class='ocrx_word' id='word_1_112' title='bbox 680 1115 699 1138; x_wconf 87' lang='lat'>»</span> <span class='ocrx_word' id='word_1_113' title='bbox 722 1099 817 1140; x_wconf 82' lang='lat' dir='ltr'>Jam</span> <span class='ocrx_word' id='word_1_114' title='bbox 841 1096 938 1157; x_wconf 87' lang='lat' dir='ltr'>quis</span> <span class='ocrx_word' id='word_1_115' title='bbox 955 1096 1009 1140; x_wconf 88' lang='lat' dir='ltr'>sit</span> <span class='ocrx_word' id='word_1_116' title='bbox 1023 1097 1174 1140; x_wconf 83' lang='lat' dir='ltr'>missus</span> <span class='ocrx_word' id='word_1_117' title='bbox 1198 1097 1427 1155; x_wconf 83' lang='lat' dir='ltr'>agnoscitis</span> <span class='ocrx_word' id='word_1_118' title='bbox 1448 1112 1457 1137; x_wconf 75' lang='grc' dir='ltr'><strong><em>τ</em></strong></span> 
     </span>
     <span class='ocr_line' id='line_1_14' title="bbox 70 1166 1464 1221; baseline 0 -11"><span class='ocrx_word' id='word_1_119' title='bbox 70 1167 147 1211; x_wconf 87' lang='lat' dir='ltr'>nisi</span> <span class='ocrx_word' id='word_1_120' title='bbox 165 1168 280 1210; x_wconf 90' lang='lat' dir='ltr'>enim</span> <span class='ocrx_word' id='word_1_121' title='bbox 318 1167 390 1210; x_wconf 92' lang='lat' dir='ltr'>ille</span> <span class='ocrx_word' id='word_1_122' title='bbox 413 1167 563 1211; x_wconf 79' lang='lat' dir='ltr'>fuisset</span> <span class='ocrx_word' id='word_1_123' title='bbox 593 1168 747 1211; x_wconf 87' lang='lat' dir='ltr'>missus</span> <span class='ocrx_word' id='word_1_124' title='bbox 762 1202 772 1221; x_wconf 83' lang='lat'>‚</span> <span class='ocrx_word' id='word_1_125' title='bbox 798 1182 928 1210; x_wconf 90' lang='lat' dir='ltr'>nemo</span> <span class='ocrx_word' id='word_1_126' title='bbox 950 1175 1146 1210; x_wconf 90' lang='lat' dir='ltr'>nostrum</span> <span class='ocrx_word' id='word_1_127' title='bbox 1170 1176 1279 1210; x_wconf 91' lang='lat' dir='ltr'>esset</span> <span class='ocrx_word' id='word_1_128' title='bbox 1301 1167 1356 1210; x_wconf 78' lang='lat' dir='ltr'>al)</span> <span class='ocrx_word' id='word_1_129' title='bbox 1378 1166 1464 1210; x_wconf 93' lang='lat' dir='ltr'>ini-</span> 
     </span>
     <span class='ocr_line' id='line_1_15' title="bbox 69 1236 1463 1298; baseline -0.001 -16"><span class='ocrx_word' id='word_1_130' title='bbox 69 1239 235 1298; x_wconf 87' lang='lat' dir='ltr'>quitate</span> <span class='ocrx_word' id='word_1_131' title='bbox 253 1236 467 1281; x_wconf 86' lang='lat' dir='ltr'>dimissus.</span> <span class='ocrx_word' id='word_1_132' title='bbox 494 1238 618 1281; x_wconf 85' lang='lat' dir='ltr'>Lavit</span> <span class='ocrx_word' id='word_1_133' title='bbox 640 1252 743 1296; x_wconf 86' lang='lat' dir='ltr'>ergo</span> <span class='ocrx_word' id='word_1_134' title='bbox 766 1237 915 1281; x_wconf 90' lang='lat' dir='ltr'>oculos</span> <span class='ocrx_word' id='word_1_135' title='bbox 937 1238 981 1281; x_wconf 93' lang='lat' dir='ltr'>in</span> <span class='ocrx_word' id='word_1_136' title='bbox 999 1252 1047 1280; x_wconf 90' lang='lat' dir='ltr'>ea</span> <span class='ocrx_word' id='word_1_137' title='bbox 1064 1238 1225 1295; x_wconf 85' lang='lat' dir='ltr'>piscina</span> <span class='ocrx_word' id='word_1_138' title='bbox 1239 1272 1249 1291; x_wconf 87' lang='lat'>,</span> <span class='ocrx_word' id='word_1_139' title='bbox 1271 1253 1371 1296; x_wconf 83' lang='lat' dir='ltr'>quae</span> <span class='ocrx_word' id='word_1_140' title='bbox 1393 1237 1463 1280; x_wconf 92' lang='lat' dir='ltr'>in-</span> 
     </span>
     <span class='ocr_line' id='line_1_16' title="bbox 70 1307 1464 1367; baseline -0.001 -15"><span class='ocrx_word' id='word_1_141' title='bbox 70 1317 332 1367; x_wconf 80' lang='lat' dir='ltr'>terpretatur</span> <span class='ocrx_word' id='word_1_142' title='bbox 366 1308 519 1351; x_wconf 87' lang='lat' dir='ltr'>missus</span> <span class='ocrx_word' id='word_1_143' title='bbox 539 1342 549 1362; x_wconf 91' lang='lat'><strong>‚</strong></span> <span class='ocrx_word' id='word_1_144' title='bbox 588 1308 831 1367; x_wconf 85' lang='lat' dir='ltr'>baptizatus</span> <span class='ocrx_word' id='word_1_145' title='bbox 864 1316 928 1351; x_wconf 89' lang='lat' dir='ltr'>est</span> <span class='ocrx_word' id='word_1_146' title='bbox 969 1308 1014 1351; x_wconf 90' lang='lat' dir='ltr'>in</span> <span class='ocrx_word' id='word_1_147' title='bbox 1056 1307 1245 1352; x_wconf 89' lang='lat' dir='ltr'>Christo.</span> <span class='ocrx_word' id='word_1_148' title='bbox 1282 1308 1323 1352; x_wconf 90' lang='lat' dir='ltr'>Si</span> <span class='ocrx_word' id='word_1_149' title='bbox 1361 1322 1464 1366; x_wconf 83' lang='lat' dir='ltr'>ergo</span> 
     </span>
     <span class='ocr_line' id='line_1_17' title="bbox 69 1378 1463 1440; baseline -0.001 -17"><span class='ocrx_word' id='word_1_150' title='bbox 69 1378 247 1440; x_wconf 85' lang='lat' dir='ltr'>quando</span> <span class='ocrx_word' id='word_1_151' title='bbox 269 1394 369 1422; x_wconf 90' lang='lat' dir='ltr'>eum</span> <span class='ocrx_word' id='word_1_152' title='bbox 402 1379 445 1422; x_wconf 92' lang='lat' dir='ltr'>in</span> <span class='ocrx_word' id='word_1_153' title='bbox 485 1394 528 1422; x_wconf 90' lang='lat' dir='ltr'>se</span> <span class='ocrx_word' id='word_1_154' title='bbox 550 1379 643 1438; x_wconf 85' lang='lat' dir='ltr'>ipso</span> <span class='ocrx_word' id='word_1_155' title='bbox 676 1378 869 1438; x_wconf 87' lang='lat' dir='ltr'>quodam</span> <span class='ocrx_word' id='word_1_156' title='bbox 898 1378 1031 1422; x_wconf 92' lang='lat' dir='ltr'>modo</span> <span class='ocrx_word' id='word_1_157' title='bbox 1055 1378 1319 1437; x_wconf 87' lang='lat' dir='ltr'>baptizavit,</span> <span class='ocrx_word' id='word_1_158' title='bbox 1356 1387 1463 1422; x_wconf 86' lang='lat' dir='ltr'>tunc</span> 
     </span>
     <span class='ocr_line' id='line_1_18' title="bbox 71 1449 1463 1509; baseline -0.001 -16"><span class='ocrx_word' id='word_1_159' title='bbox 71 1450 360 1506; x_wconf 82' lang='lat' dir='ltr'>illuminavit3</span> <span class='ocrx_word' id='word_1_160' title='bbox 384 1449 563 1509; x_wconf 84' lang='lat' dir='ltr'>quando</span> <span class='ocrx_word' id='word_1_161' title='bbox 583 1450 781 1505; x_wconf 83' lang='lat' dir='ltr'>inunxit,</span> <span class='ocrx_word' id='word_1_162' title='bbox 808 1449 987 1494; x_wconf 84' lang='lat' dir='ltr'>fortasse</span> <span class='ocrx_word' id='word_1_163' title='bbox 1010 1450 1374 1493; x_wconf 88' lang='lat' dir='ltr'>catechumenum</span> <span class='ocrx_word' id='word_1_164' title='bbox 1398 1449 1463 1492; x_wconf 84' lang='lat' dir='ltr'>fe-</span> 
     </span>
     <span class='ocr_line' id='line_1_19' title="bbox 69 1519 1464 1580; baseline -0.002 -14"><span class='ocrx_word' id='word_1_165' title='bbox 69 1522 141 1566; x_wconf 89' lang='lat' dir='ltr'>cit.</span> <span class='ocrx_word' id='word_1_166' title='bbox 168 1524 314 1565; x_wconf 84' lang='lat' dir='ltr'>Potest</span> <span class='ocrx_word' id='word_1_167' title='bbox 340 1519 518 1579; x_wconf 90' lang='lat' dir='ltr'>quidem</span> <span class='ocrx_word' id='word_1_168' title='bbox 541 1519 664 1564; x_wconf 89' lang='lat' dir='ltr'>aliter</span> <span class='ocrx_word' id='word_1_169' title='bbox 682 1529 813 1580; x_wconf 89' lang='lat' dir='ltr'>atque</span> <span class='ocrx_word' id='word_1_170' title='bbox 836 1519 961 1564; x_wconf 89' lang='lat' dir='ltr'>aliter</span> <span class='ocrx_word' id='word_1_171' title='bbox 983 1521 1092 1564; x_wconf 90' lang='lat' dir='ltr'>tanti</span> <span class='ocrx_word' id='word_1_172' title='bbox 1116 1521 1371 1564; x_wconf 82' lang='lat' dir='ltr'>sacramenti</span> <span class='ocrx_word' id='word_1_173' title='bbox 1390 1536 1464 1563; x_wconf 77' lang='lat' dir='ltr'>ex-</span> 
     </span>
     <span class='ocr_line' id='line_1_20' title="bbox 69 1590 1464 1651; baseline -0.001 -15"><span class='ocrx_word' id='word_1_174' title='bbox 69 1592 174 1651; x_wconf 84' lang='lat' dir='ltr'>poni</span> <span class='ocrx_word' id='word_1_175' title='bbox 190 1590 468 1651; x_wconf 83' lang='lat' dir='ltr'>profunditas</span> <span class='ocrx_word' id='word_1_176' title='bbox 491 1600 533 1634; x_wconf 92' lang='lat' dir='ltr'>et</span> <span class='ocrx_word' id='word_1_177' title='bbox 552 1591 807 1649; x_wconf 85' lang='lat' dir='ltr'>pertractari</span> <span class='ocrx_word' id='word_1_178' title='bbox 825 1610 833 1635; x_wconf 93' lang='lat'>:</span> <span class='ocrx_word' id='word_1_179' title='bbox 855 1590 930 1634; x_wconf 90' lang='lat' dir='ltr'>sed</span> <span class='ocrx_word' id='word_1_180' title='bbox 949 1591 1032 1650; x_wconf 89' lang='lat' dir='ltr'>hoc</span> <span class='ocrx_word' id='word_1_181' title='bbox 1055 1591 1238 1634; x_wconf 83' lang='lat' dir='ltr'>sufficiat</span> <span class='ocrx_word' id='word_1_182' title='bbox 1253 1591 1464 1635; x_wconf 89' lang='lat' dir='ltr'>Charitati</span> 
     </span>
     <span class='ocr_line' id='line_1_21' title="bbox 70 1663 1462 1721; baseline -0.001 -15"><span class='ocrx_word' id='word_1_183' title='bbox 70 1666 235 1706; x_wconf 79' lang='lat' dir='ltr'>Vestrae</span> <span class='ocrx_word' id='word_1_184' title='bbox 257 1683 267 1720; x_wconf 79' lang='lat'>3</span> <span class='ocrx_word' id='word_1_185' title='bbox 290 1663 468 1707; x_wconf 87' lang='lat' dir='ltr'>audistis</span> <span class='ocrx_word' id='word_1_186' title='bbox 491 1663 655 1721; x_wconf 82' lang='lat' dir='ltr'>grande</span> <span class='ocrx_word' id='word_1_187' title='bbox 673 1663 946 1720; x_wconf 89' lang='lat' dir='ltr'>mysterium.</span> <span class='ocrx_word' id='word_1_188' title='bbox 977 1664 1201 1721; x_wconf 84' lang='lat' dir='ltr'>Interroga</span> <span class='ocrx_word' id='word_1_189' title='bbox 1222 1663 1462 1717; x_wconf 86' lang='lat' dir='ltr'>hominem,</span> 
     </span>
     <span class='ocr_line' id='line_1_22' title="bbox 70 1733 1468 1792; baseline 0 -14"><span class='ocrx_word' id='word_1_190' title='bbox 70 1733 340 1779; x_wconf 85' lang='lat' dir='ltr'>Christianus</span> <span class='ocrx_word' id='word_1_191' title='bbox 359 1733 433 1776; x_wconf 81' lang='lat' dir='ltr'>es?</span> <span class='ocrx_word' id='word_1_192' title='bbox 459 1734 716 1792; x_wconf 87' lang='lat' dir='ltr'>Respondet</span> <span class='ocrx_word' id='word_1_193' title='bbox 736 1733 815 1777; x_wconf 87' lang='lat' dir='ltr'>tibi</span> <span class='ocrx_word' id='word_1_194' title='bbox 842 1752 851 1777; x_wconf 73' lang='grc' dir='ltr'>ε</span> <span class='ocrx_word' id='word_1_195' title='bbox 877 1735 974 1777; x_wconf 91' lang='lat' dir='ltr'>Non</span> <span class='ocrx_word' id='word_1_196' title='bbox 996 1748 1106 1776; x_wconf 88' lang='lat' dir='ltr'>sum.</span> <span class='ocrx_word' id='word_1_197' title='bbox 1137 1734 1178 1777; x_wconf 91' lang='lat' dir='ltr'>Si</span> <span class='ocrx_word' id='word_1_198' title='bbox 1201 1736 1399 1791; x_wconf 70' lang='lat' dir='ltr'>Paganus</span> <span class='ocrx_word' id='word_1_199' title='bbox 1423 1748 1468 1778; x_wconf 75' lang='lat' dir='ltr'>es</span> 
     </span>
     <span class='ocr_line' id='line_1_23' title="bbox 70 1802 1464 1864; baseline -0.001 -15"><span class='ocrx_word' id='word_1_200' title='bbox 70 1814 146 1849; x_wconf 88' lang='lat' dir='ltr'>aut</span> <span class='ocrx_word' id='word_1_201' title='bbox 168 1805 380 1848; x_wconf 77' lang='lat' dir='ltr'>Judaeus?</span> <span class='ocrx_word' id='word_1_202' title='bbox 405 1803 447 1847; x_wconf 91' lang='lat' dir='ltr'>Si</span> <span class='ocrx_word' id='word_1_203' title='bbox 481 1812 627 1847; x_wconf 89' lang='lat' dir='ltr'>autem</span> <span class='ocrx_word' id='word_1_204' title='bbox 650 1802 831 1858; x_wconf 85' lang='lat' dir='ltr'>dixerit,</span> <span class='ocrx_word' id='word_1_205' title='bbox 856 1806 953 1848; x_wconf 92' lang='lat' dir='ltr'>Non</span> <span class='ocrx_word' id='word_1_206' title='bbox 989 1819 1085 1847; x_wconf 91' lang='lat' dir='ltr'>sum</span> <span class='ocrx_word' id='word_1_207' title='bbox 1109 1822 1118 1848; x_wconf 75' lang='grc' dir='ltr'>ε</span> <span class='ocrx_word' id='word_1_208' title='bbox 1139 1803 1282 1848; x_wconf 86' lang='lat' dir='ltr'>adhuc</span> <span class='ocrx_word' id='word_1_209' title='bbox 1305 1804 1464 1864; x_wconf 84' lang='lat' dir='ltr'>quaeris</span> 
     </span>
     <span class='ocr_line' id='line_1_24' title="bbox 70 1873 1463 1933; baseline 0 -14"><span class='ocrx_word' id='word_1_210' title='bbox 70 1876 125 1920; x_wconf 88' lang='lat' dir='ltr'>ab</span> <span class='ocrx_word' id='word_1_211' title='bbox 148 1890 199 1918; x_wconf 91' lang='lat' dir='ltr'>eo</span> <span class='ocrx_word' id='word_1_212' title='bbox 218 1909 228 1927; x_wconf 91' lang='lat'>‚</span> <span class='ocrx_word' id='word_1_213' title='bbox 265 1874 616 1918; x_wconf 80' lang='lat' dir='ltr'>catechumenus</span> <span class='ocrx_word' id='word_1_214' title='bbox 631 1908 641 1928; x_wconf 87' lang='lat'>,</span> <span class='ocrx_word' id='word_1_215' title='bbox 668 1889 723 1917; x_wconf 88' lang='lat' dir='ltr'>an</span> <span class='ocrx_word' id='word_1_216' title='bbox 746 1873 916 1918; x_wconf 74' lang='lat' dir='ltr'>fidelis?</span> <span class='ocrx_word' id='word_1_217' title='bbox 941 1875 981 1919; x_wconf 94' lang='lat' dir='ltr'>Si</span> <span class='ocrx_word' id='word_1_218' title='bbox 1004 1873 1305 1933; x_wconf 87' lang='lat' dir='ltr'>responderit,</span> <span class='ocrx_word' id='word_1_219' title='bbox 1331 1877 1463 1921; x_wconf 89' lang='lat' dir='ltr'>Cate-</span> 
     </span>
     <span class='ocr_line' id='line_1_25' title="bbox 70 1943 1464 1998; baseline 0.001 -9"><span class='ocrx_word' id='word_1_220' title='bbox 70 1946 311 1990; x_wconf 89' lang='lat' dir='ltr'>chumenus</span> <span class='ocrx_word' id='word_1_221' title='bbox 337 1963 345 1988; x_wconf 90' lang='lat'>:</span> <span class='ocrx_word' id='word_1_222' title='bbox 370 1944 574 1987; x_wconf 84' lang='lat' dir='ltr'>inunctus</span> <span class='ocrx_word' id='word_1_223' title='bbox 591 1953 674 1998; x_wconf 82' lang='lat' dir='ltr'>est,</span> <span class='ocrx_word' id='word_1_224' title='bbox 701 1943 900 1988; x_wconf 90' lang='lat' dir='ltr'>nondum</span> <span class='ocrx_word' id='word_1_225' title='bbox 916 1944 1046 1988; x_wconf 90' lang='lat' dir='ltr'>lotus.</span> <span class='ocrx_word' id='word_1_226' title='bbox 1071 1944 1156 1990; x_wconf 85' lang='lat' dir='ltr'>Sed</span> <span class='ocrx_word' id='word_1_227' title='bbox 1174 1944 1293 1989; x_wconf 91' lang='lat' dir='ltr'>unde</span> <span class='ocrx_word' id='word_1_228' title='bbox 1309 1946 1464 1990; x_wconf 88' lang='lat' dir='ltr'>inunc-</span> 
     </span>
     <span class='ocr_line' id='line_1_26' title="bbox 71 2013 1461 2075; baseline 0 -15"><span class='ocrx_word' id='word_1_229' title='bbox 71 2017 354 2069; x_wconf 83' lang='lat' dir='ltr'>tus?Quaere‚</span> <span class='ocrx_word' id='word_1_230' title='bbox 376 2023 419 2058; x_wconf 90' lang='lat' dir='ltr'>et</span> <span class='ocrx_word' id='word_1_231' title='bbox 436 2013 694 2072; x_wconf 79' lang='lat' dir='ltr'>respondet3</span> <span class='ocrx_word' id='word_1_232' title='bbox 729 2030 878 2073; x_wconf 74' lang='lat' dir='ltr'>quaere</span> <span class='ocrx_word' id='word_1_233' title='bbox 902 2015 956 2058; x_wconf 82' lang='lat' dir='ltr'>al)</span> <span class='ocrx_word' id='word_1_234' title='bbox 974 2014 1050 2059; x_wconf 91' lang='lat' dir='ltr'>illo</span> <span class='ocrx_word' id='word_1_235' title='bbox 1073 2017 1117 2059; x_wconf 91' lang='lat' dir='ltr'>in</span> <span class='ocrx_word' id='word_1_236' title='bbox 1136 2031 1266 2075; x_wconf 90' lang='lat' dir='ltr'>quem</span> <span class='ocrx_word' id='word_1_237' title='bbox 1287 2016 1435 2061; x_wconf 83' lang='lat' dir='ltr'>credat</span> <span class='ocrx_word' id='word_1_238' title='bbox 1453 2036 1461 2061; x_wconf 94' lang='lat'>:</span> 
     </span>
     <span class='ocr_line' id='line_1_27' title="bbox 71 2085 1466 2145; baseline 0.001 -14"><span class='ocrx_word' id='word_1_239' title='bbox 71 2103 123 2132; x_wconf 88' lang='lat' dir='ltr'>eo</span> <span class='ocrx_word' id='word_1_240' title='bbox 153 2087 245 2145; x_wconf 91' lang='lat' dir='ltr'>ipso</span> <span class='ocrx_word' id='word_1_241' title='bbox 275 2101 364 2145; x_wconf 91' lang='lat' dir='ltr'>quo</span> <span class='ocrx_word' id='word_1_242' title='bbox 386 2086 726 2129; x_wconf 86' lang='lat' dir='ltr'>catechumenus</span> <span class='ocrx_word' id='word_1_243' title='bbox 747 2095 833 2144; x_wconf 86' lang='lat' dir='ltr'>est,</span> <span class='ocrx_word' id='word_1_244' title='bbox 867 2085 993 2141; x_wconf 85' lang='lat' dir='ltr'>dicit,</span> <span class='ocrx_word' id='word_1_245' title='bbox 1022 2090 1072 2130; x_wconf 90' lang='lat' dir='ltr'>In</span> <span class='ocrx_word' id='word_1_246' title='bbox 1095 2087 1331 2131; x_wconf 85' lang='lat' dir='ltr'>Christum.</span> <span class='ocrx_word' id='word_1_247' title='bbox 1352 2090 1466 2132; x_wconf 85' lang='lat' dir='ltr'>Ecce</span> 
     </span>
     <span class='ocr_line' id='line_1_28' title="bbox 71 2156 1468 2217; baseline 0.001 -15"><span class='ocrx_word' id='word_1_248' title='bbox 71 2156 203 2202; x_wconf 91' lang='lat' dir='ltr'>modo</span> <span class='ocrx_word' id='word_1_249' title='bbox 223 2157 382 2217; x_wconf 88' lang='lat' dir='ltr'>loquor</span> <span class='ocrx_word' id='word_1_250' title='bbox 411 2166 453 2201; x_wconf 87' lang='lat' dir='ltr'>et</span> <span class='ocrx_word' id='word_1_251' title='bbox 476 2156 680 2200; x_wconf 85' lang='lat' dir='ltr'>fidelibus</span> <span class='ocrx_word' id='word_1_252' title='bbox 705 2166 748 2201; x_wconf 92' lang='lat' dir='ltr'>et</span> <span class='ocrx_word' id='word_1_253' title='bbox 781 2157 1123 2202; x_wconf 87' lang='lat' dir='ltr'>catechumenis.</span> <span class='ocrx_word' id='word_1_254' title='bbox 1150 2158 1267 2211; x_wconf 86' lang='lat' dir='ltr'>Quid</span> <span class='ocrx_word' id='word_1_255' title='bbox 1296 2158 1383 2202; x_wconf 75' lang='lat' dir='ltr'>dixi</span> <span class='ocrx_word' id='word_1_256' title='bbox 1413 2159 1468 2203; x_wconf 90' lang='lat' dir='ltr'>de</span> 
     </span>
     <span class='ocr_line' id='line_1_29' title="bbox 74 2226 1469 2287; baseline 0.001 -16"><span class='ocrx_word' id='word_1_257' title='bbox 74 2236 201 2287; x_wconf 90' lang='lat' dir='ltr'>sputo</span> <span class='ocrx_word' id='word_1_258' title='bbox 237 2236 279 2271; x_wconf 91' lang='lat' dir='ltr'>et</span> <span class='ocrx_word' id='word_1_259' title='bbox 316 2227 410 2270; x_wconf 93' lang='lat' dir='ltr'>luto</span> <span class='ocrx_word' id='word_1_260' title='bbox 425 2229 442 2268; x_wconf 77' lang='lat'>⁴?</span> <span class='ocrx_word' id='word_1_261' title='bbox 476 2227 587 2279; x_wconf 87' lang='lat' dir='ltr'>Quia</span> <span class='ocrx_word' id='word_1_262' title='bbox 615 2227 811 2271; x_wconf 84' lang='lat' dir='ltr'>Verbum</span> <span class='ocrx_word' id='word_1_263' title='bbox 847 2243 947 2272; x_wconf 89' lang='lat' dir='ltr'>caro</span> <span class='ocrx_word' id='word_1_264' title='bbox 985 2226 1152 2272; x_wconf 79' lang='lat' dir='ltr'>factum</span> <span class='ocrx_word' id='word_1_265' title='bbox 1190 2237 1268 2272; x_wconf 90' lang='lat' dir='ltr'>est.</span> <span class='ocrx_word' id='word_1_266' title='bbox 1296 2230 1389 2273; x_wconf 88' lang='lat' dir='ltr'>Hoc</span> <span class='ocrx_word' id='word_1_267' title='bbox 1425 2238 1469 2273; x_wconf 91' lang='lat' dir='ltr'>et</span> 
     </span>
     <span class='ocr_line' id='line_1_30' title="bbox 73 2295 1466 2357; baseline 0 -15"><span class='ocrx_word' id='word_1_268' title='bbox 73 2298 376 2342; x_wconf 85' lang='lat' dir='ltr'>catechumeni</span> <span class='ocrx_word' id='word_1_269' title='bbox 400 2296 609 2340; x_wconf 89' lang='lat' dir='ltr'>audiunt:</span> <span class='ocrx_word' id='word_1_270' title='bbox 630 2295 704 2340; x_wconf 87' lang='lat' dir='ltr'>sed</span> <span class='ocrx_word' id='word_1_271' title='bbox 721 2312 808 2341; x_wconf 91' lang='lat' dir='ltr'>non</span> <span class='ocrx_word' id='word_1_272' title='bbox 832 2298 891 2341; x_wconf 89' lang='lat' dir='ltr'>eis</span> <span class='ocrx_word' id='word_1_273' title='bbox 904 2297 1064 2342; x_wconf 83' lang='lat' dir='ltr'>suflicit</span> <span class='ocrx_word' id='word_1_274' title='bbox 1085 2297 1138 2341; x_wconf 94' lang='lat' dir='ltr'>ad</span> <span class='ocrx_word' id='word_1_275' title='bbox 1161 2298 1281 2357; x_wconf 90' lang='lat' dir='ltr'>quod</span> <span class='ocrx_word' id='word_1_276' title='bbox 1297 2299 1466 2342; x_wconf 85' lang='lat' dir='ltr'>inuncti</span> 
     </span>
     <span class='ocr_line' id='line_1_31' title="bbox 73 2366 1273 2428; baseline 0 -17"><span class='ocrx_word' id='word_1_277' title='bbox 73 2377 175 2412; x_wconf 90' lang='lat' dir='ltr'>sunt</span> <span class='ocrx_word' id='word_1_278' title='bbox 201 2386 209 2411; x_wconf 89' lang='lat'><strong>:</strong></span> <span class='ocrx_word' id='word_1_279' title='bbox 234 2367 442 2411; x_wconf 87' lang='lat' dir='ltr'>festinent</span> <span class='ocrx_word' id='word_1_280' title='bbox 457 2366 511 2410; x_wconf 92' lang='lat' dir='ltr'>ad</span> <span class='ocrx_word' id='word_1_281' title='bbox 533 2366 778 2421; x_wconf 82' lang='lat' dir='ltr'>lavacrum,</span> <span class='ocrx_word' id='word_1_282' title='bbox 800 2368 833 2410; x_wconf 89' lang='lat' dir='ltr'>si</span> <span class='ocrx_word' id='word_1_283' title='bbox 854 2366 1005 2411; x_wconf 88' lang='lat' dir='ltr'>lumen</span> <span class='ocrx_word' id='word_1_284' title='bbox 1029 2368 1273 2428; x_wconf 88' lang='lat' dir='ltr'>inquirunt.</span> 
     </span>
    </p>

    <p class='ocr_par' dir='ltr' id='par_1_4' title="bbox 77 2436 1466 2568">
     <span class='ocr_line' id='line_1_32' title="bbox 133 2436 1466 2497; baseline 0 -17"><span class='ocrx_word' id='word_1_285' title='bbox 133 2439 336 2481; x_wconf 87' lang='lat' dir='ltr'>111.Jam</span> <span class='ocrx_word' id='word_1_286' title='bbox 378 2452 479 2495; x_wconf 87' lang='lat' dir='ltr'>ergo</span> <span class='ocrx_word' id='word_1_287' title='bbox 513 2446 690 2495; x_wconf 85' lang='lat' dir='ltr'>propter</span> <span class='ocrx_word' id='word_1_288' title='bbox 723 2438 930 2497; x_wconf 87' lang='lat' dir='ltr'>quasdam</span> <span class='ocrx_word' id='word_1_289' title='bbox 967 2438 1012 2481; x_wconf 90' lang='lat' dir='ltr'>in</span> <span class='ocrx_word' id='word_1_290' title='bbox 1047 2439 1128 2483; x_wconf 89' lang='lat' dir='ltr'>hac</span> <span class='ocrx_word' id='word_1_291' title='bbox 1152 2438 1241 2497; x_wconf 87' lang='lat' dir='ltr'>ipsa</span> <span class='ocrx_word' id='word_1_292' title='bbox 1279 2436 1466 2481; x_wconf 87' lang='lat' dir='ltr'>lectione</span> 
     </span>
     <span class='ocr_line' id='line_1_33' title="bbox 77 2507 1465 2568; baseline -0.001 -16"><span class='ocrx_word' id='word_1_293' title='bbox 77 2508 365 2568; x_wconf 81' lang='lat' dir='ltr'>quaestiones,</span> <span class='ocrx_word' id='word_1_294' title='bbox 403 2507 534 2551; x_wconf 91' lang='lat' dir='ltr'>verba</span> <span class='ocrx_word' id='word_1_295' title='bbox 572 2508 747 2552; x_wconf 88' lang='lat' dir='ltr'>Domini</span> <span class='ocrx_word' id='word_1_296' title='bbox 783 2517 826 2553; x_wconf 92' lang='lat' dir='ltr'>et</span> <span class='ocrx_word' id='word_1_297' title='bbox 856 2507 988 2566; x_wconf 90' lang='lat' dir='ltr'>ipsius</span> <span class='ocrx_word' id='word_1_298' title='bbox 1023 2509 1236 2553; x_wconf 85' lang='lat' dir='ltr'>universae</span> <span class='ocrx_word' id='word_1_299' title='bbox 1268 2507 1465 2552; x_wconf 88' lang='lat' dir='ltr'>lectionis</span> 
     </span>
    </p>
   </div>
   <div class='ocr_carea' id='block_1_3' title="bbox 128 2590 622 2633">
    <p class='ocr_par' dir='ltr' id='par_1_5' title="bbox 128 2590 622 2633">
     <span class='ocr_line' id='line_1_34' title="bbox 128 2590 622 2633; baseline -0.002 -10"><span class='ocrx_word' id='word_1_300' title='bbox 128 2598 138 2613; x_wconf 89' lang='lat'><em>¹</em></span> <span class='ocrx_word' id='word_1_301' title='bbox 155 2592 311 2632; x_wconf 81' lang='lat' dir='ltr'>Joan.1x,</span> <span class='ocrx_word' id='word_1_302' title='bbox 330 2590 364 2622; x_wconf 89' lang='grc'>6.</span> <span class='ocrx_word' id='word_1_303' title='bbox 385 2608 426 2613; x_wconf 90' lang='grc'>-</span> <span class='ocrx_word' id='word_1_304' title='bbox 448 2598 460 2614; x_wconf 88' lang='lat'>²</span> <span class='ocrx_word' id='word_1_305' title='bbox 489 2591 569 2623; x_wconf 84' lang='lat' dir='ltr'>Ibid.</span> <span class='ocrx_word' id='word_1_306' title='bbox 593 2602 622 2633; x_wconf 64' lang='grc' dir='ltr'>ς.</span> 
     </span>
    </p>
   </div>
  </div>
 </body>
</html>
