1809 3173
341 183 425 225 394
774 197 807 225 s.
844 195 1073 225 Ancus-nm
1103 197 1286 226 EPISCOPI

343 279 364 303 »
399 269 443 304 et
459 263 572 304 Deus
585 269 677 305 erat
697 262 890 306 Verbum
909 263 1016 307 :hoc
1033 271 1124 306 erat
1138 263 1183 306 in
1205 264 1418 323 principio
1432 263 1549 324 apud
1566 267 1720 310 Deum.

344 350 364 373 »
399 333 554 376 Omnia
578 348 653 392 per
689 332 832 392 ipsum
868 333 978 379 faeta
1013 343 1141 389 sunt,
1168 344 1212 378 et
1233 336 1323 378 sine
1354 336 1447 394 ipso
1478 335 1640 379 lactum
1663 344 1726 380 est
1752 341 1755 344 ⁴

345 419 365 444 υ
400 403 548 447 nihil1.
584 421 604 444 »
632 403 744 448 Huic
767 414 897 449 tantae
919 405 1174 448 sublimitati
1196 406 1395 465 principii
1418 406 1549 450 etiam
1572 416 1726 451 caetera

341 489 534 532 congrua
562 474 840 533 praedicavit,
881 485 924 519 et
956 475 1010 518 de
1045 475 1217 519 Domini
1252 476 1479 521 divinitate
1503 476 1726 536 quomodo

342 544 490 589 nullus
513 544 619 588 alius
642 554 706 589 est
726 544 914 589 locutus.
944 547 1034 588 Hoc
1058 545 1256 589 ructabat
1277 545 1398 606 quod
1420 547 1602 590 biberat.
1628 549 1726 592 Non

341 617 457 659 enim
485 615 576 659 sine
598 630 723 659 causa
753 615 808 658 de
831 614 906 658 illo
929 615 975 658 in
1003 615 1084 659 isto
1107 616 1199 674 ipso
1224 616 1461 675 Evangelio
1496 626 1723 671 narratur,

341 687 443 747 quia
466 696 508 731 ct
530 687 574 729 in
596 686 794 730 convivio
814 701 942 744 super
964 696 1116 745 pectus
1135 687 1307 731 Domini
1324 686 1640 731 discumbebat.
1665 691 1727 731 De

342 757 416 801 illo
435 772 536 815 ergo
561 766 734 815 pectore
752 757 794 800 in
816 766 979 800 secreto
999 758 1205 801 bibebat‘2
1227 777 1236 802 :
1259 758 1332 800 scd
1357 759 1476 817 quod
1498 758 1542 801 in
1563 767 1728 802 secreto

338 828 465 882 bibit,
484 828 529 870 in
550 826 778 872 manifesto
796 828 1007 872 eructavit
1023 863 1032 881 ‚
1051 837 1101 871 ut
1124 829 1346 887 perveniat
1367 829 1421 872 ad
1443 843 1592 872 omnes
1620 843 1727 886 gen·

340 907 403 942 tes
425 913 513 941 non
532 897 673 941 solum
698 898 939 943 incarnatio
965 897 1062 942 Filii
1083 898 1180 952 Dei,
1205 908 1248 942 et
1265 898 1403 957 passio
1418 934 1428 952 ,
1450 907 1493 942 et
1513 914 1728 943 resurrec-

340 968 424 1024 ti03
444 967 518 1011 scd
534 969 662 1011 etiam
685 968 791 1028 quid
807 978 899 1013 erat
922 977 1022 1012 ante
1043 968 1383 1012 incarnationem
1408 968 1569 1012 Unicus
1592 969 1724 1024 Patri,

340 1041 535 1084 Verbum
568 1040 724 1091 Patris,
753 1049 994 1084 coaeternus
1021 1040 1269 1099 generanti,
1310 1039 1488 1100 aequalis
1518 1040 1557 1083 ei
1580 1055 1603 1083 a
1638 1055 1727 1100 quo

339 1109 492 1154 missus
514 1119 604 1168 est3
628 1109 704 1154 sed
720 1112 766 1154 in
794 1111 884 1170 ipsa
902 1110 1102 1155 missione
1124 1111 1266 1155 minor
1290 1110 1431 1154 factus
1449 1146 1459 1165 ‚
1485 1125 1573 1170 quo
1590 1111 1729 1170 major

339 1192 448 1225 esset
471 1185 610 1225 Pater.

411 1256 469 1296 ΙΙ.
496 1252 723 1312 Quidquid
744 1267 846 1310 ergo
881 1251 1104 1296 humiliter
1134 1251 1324 1310 positum
1360 1249 1539 1295 audistis
1560 1250 1616 1294 de
1636 1253 1727 1296 Do-

338 1323 458 1366 mino
477 1325 579 1365 Jesu
602 1323 796 1375 Christo,
824 1331 1032 1380 susceptae
1048 1322 1188 1366 carnis
1214 1321 1579 1381 dispensationem
1602 1322 1725 1379 cogi-

293 1416 299 1420 .
338 1402 452 1449 tate3
477 1392 615 1453 qualis
640 1391 778 1437 factus
801 1402 863 1436 est
880 1401 1058 1452 propter
1081 1407 1174 1446 nOS,
1192 1407 1281 1435 non
1303 1391 1441 1452 qualis
1464 1400 1556 1435 erat
1583 1400 1632 1434 ut
1654 1390 1724 1435 fa-

338 1472 456 1508 ceret
481 1479 558 1507 nos
578 1482 586 1507 :
613 1463 832 1524 quidquid
853 1473 997 1507 autem
1021 1463 1203 1507 sublime
1220 1472 1263 1506 et
1285 1478 1414 1522 supra
1436 1477 1585 1506 omnes
1603 1477 1725 1506 crea-

340 1543 457 1578 turas
486 1533 698 1578 excelsum
739 1543 869 1594 atque
901 1532 1125 1587 divinum,
1161 1541 1203 1576 et
1236 1532 1352 1576 Patri
1388 1531 1555 1592 aequale
1594 1540 1725 1592 atque

338 1614 603 1649 coaeternum
626 1603 680 1647 de
701 1603 777 1648 illo
797 1604 1017 1648 audieritis
1038 1604 1083 1646 in
1105 1602 1343 1661 Evangelio
1358 1603 1463 1662 poni
1479 1638 1489 1657 ,
1517 1601 1583 1645 vel
1603 1601 1725 1661 lege-

338 1676 450 1731 ritis,
477 1676 628 1720 scitote
645 1690 723 1720 vos
744 1676 827 1719 hoc
849 1674 990 1733 legere
1006 1673 1127 1734 quod
1145 1674 1199 1717 ad
1215 1672 1402 1718 formam
1424 1673 1501 1717 Dei
1519 1673 1722 1732 pertinet,

337 1762 428 1792 non
450 1745 570 1807 quod
593 1745 648 1790 ad
670 1746 855 1790 formam
877 1746 1001 1789 servi.
1027 1746 1134 1798 Quia
1159 1745 1191 1788 si
1215 1745 1340 1788 istam
1360 1743 1554 1802 regulam
1571 1753 1726 1788 tenue·-

337 1818 428 1862 ritis
445 1819 520 1878 qui
541 1832 694 1876 capere
722 1816 899 1876 potestis
918 1837 928 1873 3
950 1831 1039 1860 non
1061 1825 1208 1859 autem
1231 1829 1380 1858 omnes
1401 1829 1554 1872 capere
1576 1823 1724 1872 potes-

336 1889 391 1932 tis
408 1924 419 1943 ,
444 1888 519 1932 sed
541 1903 690 1932 omnes
705 1886 880 1931 credere
902 1886 1068 1929 debetis
1093 1905 1101 1929 ι
1128 1885 1161 1928 si
1184 1900 1286 1943 ergo
1309 1885 1421 1928 hanc
1446 1883 1640 1942 regulam
1659 1893 1724 1928 te-

336 1960 538 2013 nueritis,
572 1957 776 2002 adversus
807 1956 1045 2002 calumnias
1081 1955 1359 1998 tenebrarum
1388 1954 1720 2010 haereticarum,

337 2039 545 2090 tanquam
584 2029 629 2072 in
662 2029 826 2072 lumine
849 2026 1143 2080 ambulantes,
1175 2025 1313 2069 securi
1337 2025 1599 2084 pugnabitis.
1625 2027 1723 2069 Non

337 2101 452 2144 enim
488 2098 723 2143 defuerunt
758 2098 834 2158 qui
865 2097 953 2141 sola
986 2094 1234 2155 evangelica
1263 2095 1509 2139 testimonia
1537 2093 1722 2153 legendo

337 2181 604 2215 sectarentur
621 2205 632 2225 ‚
662 2185 761 2230 quae
795 2169 849 2213 de
876 2168 1122 2212 humilitate
1147 2167 1305 2212 Christi
1329 2167 1465 2225 posita
1486 2175 1589 2210 sunt
1607 2201 1618 2221 ,
1644 2166 1722 2226 qui

339 2241 542 2285 adversus
564 2256 612 2284 ea
634 2240 878 2284 testimonia
901 2255 1000 2298 quae
1028 2237 1297 2281 divinitatem
1315 2238 1407 2296 ejus
1428 2236 1575 2280 locuta
1591 2245 1692 2280 sunt
1706 2270 1718 2291 ⁷

338 2310 458 2356 surdi
478 2311 657 2354 suerunt
685 2330 694 2355 ε
719 2310 817 2354 ideo
836 2309 981 2363 surdi,
998 2318 1049 2352 ut
1066 2307 1176 2351 male
1197 2307 1382 2352 verbosi.
1409 2310 1517 2350 Item
1541 2306 1721 2365 quidam

338 2382 413 2426 illa
444 2380 533 2426 sola
565 2380 838 2425 attendentes
871 2395 970 2440 quae
1008 2380 1062 2422 de
1101 2377 1272 2422 Domini.
1305 2376 1571 2421 sublimitate
1604 2375 1721 2420 dicta

339 2461 442 2497 sunt
458 2487 470 2507 ,
496 2452 627 2495 etiam
647 2450 729 2510 ipsi
750 2449 1090 2494 misericordiam
1108 2449 1221 2508 ejus,
1241 2463 1328 2507 qua
1346 2448 1480 2492 homo
1500 2444 1640 2493 factus
1657 2455 1721 2491 est

387 2543 398 2559 ¹
418 2538 509 2569 Joan.
524 2547 549 2577 1,
571 2547 602 2577 1,
624 2539 689 2568 etc.
706 2552 748 2558 —
771 2541 785 2558 ²
803 2534 849 2567 Id.
868 2545 937 2573 xm,
955 2533 1009 2567 23.
