1825 3214
275 234 317 260 IN
352 231 524 262 innuis
557 230 865 270 EVANGELIUM,
901 233 1047 261 TnAcT.
1085 234 1180 262 xxv.
1344 224 1428 262 2⁸5

45 317 65 339 »
102 306 201 342 runt
223 299 267 342 in
289 298 523 353 naviculas,
549 308 592 343 et
608 307 821 343 venerunt
846 299 1153 358 Capharnaiim
1183 309 1429 360 quaerentes

45 387 64 408 »
100 371 247 412 Jesum
272 372 299 412 ¹.
328 389 347 411 »
371 370 641 414 Insinuatum
659 378 800 413 tamen
819 378 882 412 est
900 368 980 412 illis
1004 378 1091 413 tam
1108 385 1315 428 magnum
1341 372 1425 415 mi-

43 439 255 484 raculum.
281 439 496 485 Viderunt
518 441 633 485 enirn
659 440 778 501 quod
809 439 1008 500 discipuli
1037 440 1116 485 soli
1140 441 1430 488 ascendissent

41 509 85 554 in
107 525 278 564 navem,
304 519 347 554 et
369 511 472 571 quia
487 511 568 555 alia
587 512 705 555 navis
724 526 812 555 non
829 510 890 554 ibi
913 520 1018 554 crat.
1041 513 1267 555 Venerunt
1284 522 1429 557 autem

41 580 142 624 inde
162 590 204 626 et
228 597 355 625 naves
374 583 496 642 juxta
523 583 669 627 locum
705 581 826 626 illum
850 582 926 626 ubi
951 582 1328 627 manducaverunt
1350 600 1429 643 pa-

40 666 157 705 nem,
194 652 237 698 in
261 653 421 712 quibus
444 668 543 697 cum
578 653 719 697 turbae
748 662 908 697 secutoe
930 663 1046 698 sunt.
1072 655 1184 698 Cum
1208 653 1430 714 discipulis

39 737 141 781 ergo
170 738 258 767 non
281 722 549 777 ascenderat,
571 722 653 767 alia
678 723 798 767 navis
823 722 910 767 illic
934 739 1021 768 non
1052 733 1143 768 erat
1169 744 1176 769 :
1213 725 1331 769 unde
1354 740 1430 769 su-

43 793 135 838 bito
164 803 280 839 trans
316 810 433 838 mare
455 794 594 839 sactus
634 803 698 838 est
732 796 880 849 Jesus,
907 795 986 838 nisi
1023 795 1125 856 quia
1160 811 1290 856 super
1312 811 1430 841 mare

40 864 296 920 ambulavit,
318 874 366 909 ut
385 865 641 909 miraculum
660 867 950 909 monstraret?

98 937 175 979 IX.
205 954 224 976 «
249 938 303 979 Et
335 951 436 980 cum
474 936 739 980 invenissent
773 950 873 978 eum
911 936 1106 979 turbae2?
1131 954 1151 977 υ
1179 939 1291 981 Ecce
1313 953 1427 997 prae-

36 1015 178 1051 sentat
191 1022 234 1051 se
258 1008 416 1063 turbis,
440 1023 462 1052 a
482 1007 642 1067 quibus
659 1022 703 1051 se
727 1006 817 1066 rapi
848 1008 1063 1062 timuerat,
1089 1016 1133 1051 et
1156 1008 1200 1051 in
1233 1019 1427 1054 montem

35 1077 217 1137 fugerat.
243 1080 432 1124 Omnino
456 1080 686 1123 confirmat
713 1088 756 1122 et
785 1079 973 1123 insinuat
1001 1079 1126 1123 nobis
1152 1080 1195 1123 in
1219 1081 1425 1138 mysterio

34 1150 149 1196 dicta
172 1167 261 1196 esse
285 1151 356 1196 illa
380 1152 524 1196 omnia
554 1171 562 1195 :
589 1160 631 1194 et
649 1150 763 1195 facta
782 1151 826 1194 in
864 1167 1021 1210 magno
1052 1162 1321 1198 sacramento
1340 1189 1350 1207 ,
1377 1163 1427 1198 ut

35 1221 199 1283 aliquid
220 1223 523 1280 significarent.
547 1225 660 1266 Ecce
687 1231 750 1266 est
772 1222 843 1265 illc
866 1222 940 1282 qui
969 1223 1013 1266 in
1032 1232 1226 1267 montem
1248 1223 1422 1282 fugerat

36 1294 185 1337 turbas
212 1313 220 1338 :
245 1309 391 1338 nonne
413 1309 514 1338 cum
538 1294 637 1353 ipsis
658 1292 796 1337 turbis
815 1293 1044 1353 loquitur?
1066 1294 1200 1339 Modo
1229 1304 1420 1352 teneant,

35 1363 167 1408 modo
206 1379 350 1423 regem
386 1363 561 1408 saciant.
595 1383 615 1405 «
652 1367 708 1408 Et
749 1379 850 1408 cum
871 1365 1135 1409 invenissent
1165 1381 1267 1409 eum
1307 1375 1424 1411 trans

37 1452 58 1476 η
93 1450 210 1478 mare
227 1470 237 1488 ,
264 1435 468 1478 dixerunt
489 1434 544 1487 ei,
566 1434 725 1488 Rabbi,
741 1435 918 1494 quando
937 1435 1023 1479 huc
1045 1436 1226 1480 venisti?
1253 1455 1272 1477 »

91 1508 146 1550 X.
176 1504 254 1549 Ille
270 1514 365 1564 post
382 1504 578 1550 miraculi
597 1514 930 1559 sacramentum,
950 1515 993 1550 et
1010 1521 1254 1551 sermonem
1271 1506 1419 1562 infert,

33 1585 82 1620 ut
104 1576 138 1620 si
160 1576 252 1620 fieri
274 1585 430 1636 potest,
458 1576 533 1636 qui
556 1576 665 1635 pasti
681 1585 798 1630 sunt,
826 1586 1073 1635 pascantur,
1093 1592 1282 1636 quorum
1298 1578 1421 1622 satia-

32 1647 94 1691 vit
122 1647 306 1707 panibus
328 1655 498 1691 ventres
514 1682 524 1702 ,
550 1647 675 1690 satiet
696 1655 739 1690 et
759 1647 1030 1691 sermonibus
1061 1657 1226 1692 mentes
1246 1668 1257 1704 3
1289 1647 1364 1692 sed
1387 1649 1421 1692 si

33 1717 224 1778 capiunt.
252 1720 307 1762 Et
336 1718 371 1761 si
395 1733 484 1761 non
505 1717 701 1776 capiunt,
726 1726 922 1761 sumatur
943 1717 1062 1777 quod
1094 1733 1183 1762 non
1216 1719 1416 1778 capiunt,

31 1804 86 1833 ne
118 1789 361 1848 fragmenta
393 1797 586 1848 pereant.
639 1790 864 1848 Loquatur
905 1803 1028 1846 ergo,
1067 1798 1111 1833 et
1152 1789 1380 1834 audiamus
1406 1808 1415 1834 ε

36 1879 56 1902 α
91 1859 331 1920 Respondit
344 1863 483 1913 Jesus,
503 1868 547 1902 et
565 1858 687 1913 dixit,
704 1862 859 1914 Amen,
878 1875 1002 1904 amen
1027 1860 1124 1905 dico
1146 1860 1284 1917 vobis,
1302 1877 1421 1920 quae-

33 1949 54 1972 »
90 1931 179 1975 ritis
201 1946 286 1986 me,
308 1947 395 1976 non
414 1931 515 1991 quia
538 1929 704 1974 vidistis
731 1930 868 1989 signa,
894 1930 970 1975 sed
991 1932 1093 1992 quia
1125 1931 1417 1977 manducastis

34 2019 55 2042 »
90 2017 141 2046 ex
158 2002 343 2062 panibus
361 2001 505 2046 meis³.
531 2019 550 2041 »
571 2004 752 2060 Propter
782 2017 954 2046 carnem
989 2018 1058 2046 me
1087 2003 1300 2063 quaeritis,
1326 2019 1417 2048 non

31 2083 209 2133 propter
229 2074 444 2133 spiritum.
467 2075 607 2126 Quam
635 2071 760 2116 multi
784 2088 872 2117 non
906 2083 1110 2133 quaerunt
1132 2077 1297 2129 Jesum,
1333 2074 1416 2118 nisi

32 2152 82 2187 ut
99 2142 181 2187 illis
196 2143 322 2187 faciat
345 2144 456 2186 bene
472 2142 712 2186 secundum
735 2151 921 2201 tempus.
949 2143 1070 2188 Alius
1093 2144 1318 2203 negotium
1334 2144 1416 2188 ha-

32 2213 123 2269 bet,
156 2213 313 2273 quaerit
334 2213 683 2258 intercessionem
718 2211 973 2258 clericorum
995 2234 1004 2258 ε
1029 2214 1137 2259 alius
1158 2215 1370 2274 premitur
1392 2230 1417 2259 a

33 2299 56 2328 a
78 2284 337 2343 potentiore,
362 2283 476 2342 fugit
497 2283 551 2327 ad
567 2281 803 2327 Ecclesiam
829 2303 839 2329 ε
867 2284 975 2329 alius
996 2301 1076 2344 pro
1092 2300 1136 2330 se
1157 2285 1253 2330 vult
1277 2286 1416 2329 inter-

32 2356 170 2400 veniri
197 2355 314 2415 apud
336 2370 453 2410 eum,
475 2354 592 2414 apud
617 2370 748 2414 quem
778 2371 933 2414 parum
955 2355 1072 2400 valet
1096 2376 1104 2401 :
1130 2356 1202 2401 ille
1223 2356 1312 2407 sic;
1342 2356 1416 2400 ille

33 2426 91 2471 sic
109 2425 340 2485 ,impletur
361 2425 557 2486 quotidie
575 2424 730 2469 talibus
748 2426 953 2471 Ecclesia.
970 2427 1052 2471 Vix
1065 2427 1274 2487 quaeritur
1291 2429 1414 2470 Jesus

33 2507 211 2558 propter
238 2500 402 2542 Jesum,
428 2517 448 2540 «
472 2497 672 2551 Quaeritis
701 2512 771 2540 me
788 2532 799 2553 ,
831 2513 921 2542 non
950 2499 1052 2559 quia
1080 2499 1243 2544 vidistis
1260 2498 1410 2556 signa,

81 2591 90 2608 ¹
109 2587 200 2617 Joan.
221 2595 264 2627 vi,
285 2585 340 2627 23,
359 2584 414 2627 24.
435 2601 477 2608 -
497 2591 510 2608 ²
532 2584 614 2617 Lbid.
631 2583 684 2616 25.
700 2600 742 2606 —
769 2582 782 2608 ³
799 2583 880 2617 Ibid.
902 2584 955 2618 26.
