1809 3173
346 166 425 205 404
749 176 782 203 5.
819 177 1047 205 Aucusum
1082 180 1262 207 EPISCOPI

343 253 408 286 ter
432 251 475 285 ct
517 240 662 285 Filius.
706 244 860 286 Sumus
899 244 1013 287 enim
1030 279 1041 299 ,
1067 260 1154 288 non
1181 245 1344 289 diceret
1364 245 1418 288 de
1441 260 1529 289 uno
1556 264 1564 289 ε
1589 245 1663 289 sed
1686 255 1729 289 et

345 327 483 356 unum
502 327 591 355 non
613 312 776 356 diceret
792 312 846 356 de
865 313 1048 358 diverso.
1076 317 1189 371 Ergo
1206 316 1303 359 ideo
1336 335 1352 355 «
1385 318 1542 359 Verum
1565 326 1643 370 est,
1660 316 1729 360 in-

348 404 365 426 »
403 383 494 442 quit
516 417 526 437 ‚
543 384 756 442 judicium
776 400 938 439 meum,
964 405 980 425 »
1008 386 1194 429 breviter
1216 396 1266 430 ut
1287 386 1452 441 audias,
1476 387 1575 446 quia
1596 387 1730 431 Filius

346 453 422 498 Dei
444 469 554 497 sum.
581 456 665 498 Sed
687 456 746 499 sic
770 455 849 498 tibi
878 454 1115 514 persuadeo
1134 490 1144 509 ,
1171 456 1341 515 inquit,
1367 458 1468 517 quia
1492 457 1626 500 Filius
1658 458 1731 501 Dei

343 540 463 577 sum,
489 533 538 568 ut
559 524 770 582 intelligas
789 525 889 583 quia
909 540 1080 569 mecum
1101 535 1163 569 est
1186 530 1337 570 Pater:
1359 543 1447 571 non
1469 528 1527 571 sic
1544 543 1636 570 sum
1658 527 1732 571 Fi-

345 596 428 640 lius
462 605 511 639 ut
533 596 673 655 ipsum
699 596 990 653 deseruerim3
1016 612 1103 640 non
1123 597 1181 640 ita
1208 598 1277 641 hic
1301 614 1419 651 sum,
1445 607 1495 641 ut
1515 615 1613 642 cum
1639 599 1731 657 ipso

344 683 433 710 non
459 667 536 709 sim
557 687 567 722 3
591 682 678 709 non
701 666 757 709 ita
778 666 837 708 ibi
856 665 927 709 ille
954 676 1038 720 est,
1066 677 1115 711 ut
1138 683 1306 712 mecum
1327 684 1414 712 non
1437 669 1491 712 sit
1514 688 1522 713 ε
1545 668 1729 713 formam

344 738 453 781 servi
478 737 647 794 accepi,
676 736 748 780 sed
775 736 954 780 [ormam
983 737 1057 781 Dei
1081 754 1170 782 non
1193 739 1313 782 amisi
1335 742 1346 764 1
1376 760 1384 783 ε
1416 759 1434 780 «
1456 739 1580 783 Solus
1600 755 1702 799 ergo
1718 775 1728 795 ‚

348 828 365 848 »
403 806 544 865 inquit
564 841 573 860 ‚
596 822 682 849 non
701 822 794 849 sum
809 842 819 857 ,
846 806 921 850 sed
943 823 1029 865 ego
1041 817 1084 852 et
1107 809 1182 867 qui
1205 809 1319 852 misit
1343 825 1410 852 me
1429 813 1569 853 Pater.
1601 831 1618 850 »

401 881 457 921 X.
487 877 655 920 Dixerat
688 876 742 920 de
760 877 925 937 judicio
942 913 952 931 ‚
985 878 1038 921 de
1063 880 1307 924 testimonio
1330 880 1425 923 vult
1446 880 1602 924 dicere.
1635 900 1649 919 «
1683 884 1731 924 ln

349 968 366 989 »
403 950 515 1003 Lege
532 982 542 1001 ,
564 947 729 1006 inquit,
755 957 893 991 vestra
917 949 1125 1007 scriptum
1143 959 1205 993 est
1225 985 1235 1004 ‚
1257 950 1357 1009 quia
1380 950 1569 994 duorum
1587 951 1731 994 homi-

347 1039 366 1060 »
402 1033 507 1061 num
532 1018 827 1061 testimonium
852 1034 1000 1062 verum
1025 1028 1102 1063 est.
1126 1022 1218 1077 Ego
1236 1036 1329 1063 sum
1353 1021 1428 1078 qui
1451 1020 1505 1064 de
1523 1036 1591 1064 me
1615 1021 1733 1064 testi-

350 1108 370 1129 »
404 1089 597 1132 monium
622 1089 851 1147 perhibeo,
880 1098 921 1132 et
946 1089 1241 1133 testimonium
1265 1090 1466 1149 perhibet
1488 1091 1542 1133 de
1567 1107 1635 1133 me
1657 1091 1733 1150 qui

350 1178 367 1199 »
403 1159 517 1202 misit
539 1174 606 1201 me
629 1162 798 1202 Pater2.
830 1180 847 1200 »
875 1160 1084 1218 Exposuit
1110 1160 1192 1203 illis
1231 1170 1273 1203 et
1296 1164 1452 1218 Legem
1473 1196 1484 1215 ‚
1523 1161 1556 1204 si
1578 1162 1733 1217 ingrati

345 1244 435 1272 non
452 1238 606 1272 essent.
629 1232 787 1287 Magna
811 1229 925 1271 enini
945 1230 1126 1288 quaestio
1145 1239 1221 1284 est,
1242 1229 1392 1273 fratres
1415 1231 1515 1285 mei,
1541 1240 1583 1274 et
1605 1230 1731 1274 valde

344 1299 451 1342 mihi
480 1298 653 1342 videtur
685 1298 727 1340 in
758 1299 963 1355 mysterio
999 1315 1063 1342 res
1092 1315 1181 1342 esse
1214 1300 1473 1354 constituta,
1510 1301 1586 1344 ubi
1620 1304 1734 1345 Deus

283 1406 289 1410 .
347 1368 485 1413 dixit:
515 1388 530 1408 «
559 1373 607 1412 ln
643 1384 716 1413 ore
751 1369 941 1412 duorum
979 1370 1047 1413 vel
1083 1371 1210 1413 trium
1239 1371 1415 1414 testium
1438 1372 1570 1415 stabit
1603 1387 1732 1416 omne

349 1461 367 1482 »
405 1441 587 1483 verbum
602 1442 633 1482 3.
647 1462 662 1480 »
681 1441 848 1483 Veritas
865 1442 1076 1500 quaeritur
1094 1457 1170 1500 per
1187 1441 1296 1485 duos
1320 1444 1473 1486 testes?
1501 1446 1564 1486 Ita
1584 1442 1729 1502 plane,

346 1511 405 1555 sic
424 1526 467 1555 se
490 1511 623 1554 habet
655 1512 834 1554 humani
859 1512 1025 1569 generis
1049 1512 1320 1556 consuetudo
1344 1532 1351 1556 :
1377 1512 1451 1556 sed
1475 1523 1619 1557 tamen
1643 1514 1734 1557 fleri

346 1591 490 1641 potest
512 1590 560 1624 ut
580 1591 623 1624 et
644 1581 732 1625 duo
755 1582 1038 1626 mentiantur.
1068 1584 1261 1626 Susanna
1285 1593 1399 1627 casta
1422 1584 1593 1628 duobus
1618 1583 1734 1628 falsis

348 1653 529 1696 testibus
552 1652 812 1710 urgebatur⁴
840 1672 846 1694 :
876 1652 1091 1712 numquid
1114 1653 1215 1713 quia
1238 1653 1327 1698 duo
1344 1664 1491 1709 erant,
1518 1655 1615 1699 ideo
1638 1654 1733 1699 falsi

347 1732 477 1766 testes
499 1739 588 1766 non
612 1732 734 1766 erant
756 1725 772 1766 Ρ
796 1726 854 1766 De
877 1723 1048 1767 duobus
1070 1723 1252 1767 dicimus
1277 1734 1350 1768 aut
1374 1725 1428 1768 de
1450 1725 1588 1769 tribus
1603 1727 1620 1766 ἱ)
1636 1725 1734 1769 uni-

348 1809 495 1838 versus
526 1793 711 1853 populus
741 1794 946 1838 mentitus
977 1804 1040 1838 est
1073 1804 1221 1839 contra
1256 1796 1475 1839 Christum
1495 1799 1525 1840 ⁵.
1562 1797 1603 1841 Si
1631 1812 1734 1855 ergo

347 1863 536 1924 populus
558 1872 758 1907 constans
776 1878 827 1905 ex
852 1878 1007 1921 magna
1026 1865 1254 1908 hominum
1274 1865 1577 1921 multitudine,
1602 1866 1734 1910 falsus

348 1934 467 1978 testis
489 1934 691 1977 inventus
722 1941 812 1990 est3
841 1933 1064 1993 quomodo
1092 1934 1395 1992 accipiendum
1420 1944 1507 1989 est,
1539 1954 1555 1975 «
1587 1939 1638 1979 In
1660 1952 1735 1980 ore

354 2024 372 2045 »
408 2003 597 2047 duorum
621 2002 688 2046 vel
710 2003 842 2046 trium
865 2002 1038 2046 testium
1070 2003 1202 2046 stabit
1225 2019 1354 2047 omne
1369 2005 1553 2048 verbum
1576 2025 1584 2050 z
1612 2027 1628 2047 »
1655 2007 1735 2051 nisi

351 2076 453 2134 quia
476 2075 559 2118 hoc
577 2075 708 2117 modo
731 2090 807 2132 per
829 2074 1084 2131 mysterium
1111 2075 1294 2118 Trinitas
1317 2077 1619 2121 commendata
1641 2087 1732 2133 est,

351 2147 397 2187 in
412 2159 497 2203 qua
519 2153 582 2187 est
602 2153 810 2202 perpetua
829 2143 1038 2188 stabilitas
1062 2144 1276 2188 veritatis?
1296 2146 1369 2189 Vis
1391 2146 1551 2190 habere
1574 2146 1735 2191 bonam

352 2217 558 2259 causam?
578 2214 748 2258 Habeto
765 2214 874 2258 duos
895 2214 965 2258 vel
982 2224 1066 2258 tres
1086 2224 1210 2259 testes
1226 2251 1237 2269 ‚
1264 2219 1433 2260 Patrem
1454 2227 1496 2261 et
1518 2217 1669 2261 Filium
1693 2228 1736 2263 et

355 2285 563 2344 Spiritum
597 2295 808 2328 sanctum.
847 2285 1040 2344 Denique
1077 2285 1253 2344 quando
1291 2289 1485 2330 Susanna
1512 2298 1626 2332 casta
1648 2288 1734 2332 foe-

355 2355 473 2399 mina
502 2353 731 2415 fidelisque
757 2356 916 2414 conjux
937 2354 1110 2400 duobus
1127 2354 1242 2400 falsis
1264 2357 1445 2401 testibus
1468 2359 1706 2416 urgebatur
1720 2395 1731 2415 ,

421 2459 430 2476 ¹
456 2453 568 2495 Philip.
598 2464 633 2493 11,
664 2463 695 2494 7.
727 2469 768 2475 -·
796 2458 808 2472 ²
829 2454 924 2485 Joan.
943 2464 1009 2494 vm,
1037 2464 1090 2495 17,
1117 2454 1165 2486 18.
1192 2470 1234 2477 ·—
1255 2452 1268 2476 3
1286 2457 1379 2487 Deut.
1400 2466 1464 2496 xlx,
1489 2456 1542 2497 15,
1563 2460 1595 2489 et
1612 2457 1730 2489 Matth.

356 2521 445 2553 xvm,
471 2509 520 2543 16.
543 2526 585 2532 —-
602 2507 618 2538 4
636 2508 754 2541 Daniel.
776 2520 845 2548 xm,
865 2509 917 2542 36.
935 2526 976 2532 —
991 2507 1006 2532 ⁵
1020 2511 1097 2542 Luc.
1115 2521 1201 2551 xxiii,
1220 2522 1246 2542 1.
