1825 3214
265 231 306 256 m
342 228 517 256 sommis
549 226 859 262 Eunoni-ium,
894 223 1041 252 wimer.
1078 223 1220 249 xxxiv.
1362 211 1445 250 377

56 297 296 358 sperabunt
320 296 396 339 nisi
416 294 533 355 quod
553 309 707 353 pecora
728 307 816 336 non
839 292 1090 335 habebunt?
1115 310 1133 331 «
1163 289 1449 334 Incbriabun-

59 387 79 410 »
116 378 186 412 tur
208 367 262 411 ab
286 368 485 410 ubertate
509 364 664 408 domus
690 373 796 418 tuae,
822 371 865 406 et
888 370 1078 406 torrente
1102 360 1337 419 voluptatis
1363 370 1448 404 ture

61 460 78 481 »
114 438 284 499 potabis
302 453 390 482 eos.
420 455 439 477 »
463 435 601 489 Quale
631 436 782 480 vinum
804 443 894 488 est,
920 431 1039 477 unde
1074 432 1278 475 inebriari
1302 431 1449 475 lauda-

55 510 144 555 bile
166 512 254 553 est?
287 508 417 569 quale
445 509 595 552 vinum
629 516 717 561 cst,
743 504 862 566 quod
892 520 981 549 non
1004 503 1169 556 turbat,
1205 501 1277 546 scd
1305 502 1450 560 dirigit

55 582 272 625 mentem?
306 579 435 640 quale
458 580 609 623 vinum
639 587 719 632 est,
753 576 874 638 quod
900 575 1002 620 facit
1023 583 1236 634 perpetuo
1266 588 1417 616 sanum
1436 608 1446 627 ,

55 668 144 696 non
168 651 426 696 inebriando
451 649 553 694 facit
576 650 802 693 insanum?
827 647 1183 692 Inebriabuntur.
1217 644 1366 688 Unde?
1396 644 1450 687 ab

55 723 254 768 ubertate
287 724 442 766 domus
468 731 579 776 tuae,
612 731 655 764 et
677 728 868 765 torrente
903 717 1139 777 voluptatis
1164 725 1250 760 tuae
1280 714 1452 773 potabis

54 810 141 839 eos.
164 794 313 838 Unde?
341 793 594 846 «Quoniam
612 791 729 851 apud
750 800 790 835 te
807 790 902 834 fons
924 790 1041 834 vitre.
1070 806 1090 829 »
1120 791 1216 846 Ipse
1234 786 1331 831 fons
1350 786 1451 830 vitae

55 864 308 909 ambulabat
331 865 375 908 in
402 874 540 918 terra,
573 864 662 922 ipse
686 862 859 907 dicebat
886 881 894 905 :
926 881 945 903 «
979 860 1065 913 Qui
1087 858 1197 913 sitit,
1228 857 1375 901 veniat
1397 857 1452 900 ad

58 953 78 976 »
114 951 183 979 me
202 938 230 978 ¹.
257 953 275 975 »
294 938 406 978 Ecce
427 933 538 978 fons.
563 934 645 978 Sed
666 949 739 977 nos
759 933 813 976 de
837 931 1004 975 lumine
1022 929 1143 989 loqui
1159 943 1448 987 cmperamus,

56 1016 100 1051 et
120 1007 388 1066 propositam
414 1021 465 1049 ex
498 1004 736 1064 Evangelio
759 1003 1045 1064 qumstionem
1074 1001 1128 1045 de
1151 999 1317 1044 lumine
1339 1009 1453 1043 trac-

56 1078 271 1123 tabamus.
298 1080 479 1122 Lectum
503 1086 566 1121 est
588 1077 703 1120 enim
723 1076 848 1119 nobis
866 1075 1038 1119 dicente
1063 1075 1251 1117 Domino
1278 1091 1286 1116 ε
1317 1089 1336 1112 «
1357 1073 1452 1128 Ego

59 1166 80 1191 »
115 1163 212 1193 sum
235 1147 309 1191 lux
326 1148 495 1191 mundi.
528 1166 547 1187 »
581 1147 688 1190 lnde
712 1146 912 1205 quaestio,
938 1161 994 1188 ne
1016 1144 1112 1204 quis
1135 1141 1364 1187 carnaliter
1386 1157 1453 1185 sa-

56 1219 180 1279 piens
202 1218 338 1262 solem
370 1218 501 1262 istum
523 1217 858 1275 intelligendum
882 1223 1056 1276 putaret
1092 1234 1100 1259 z
1131 1214 1328 1257 venimus
1350 1210 1453 1256 inde

58 1289 114 1334 ad
146 1289 384 1340 Psalmum,
409 1304 496 1347 quo
519 1287 813 1340 considerato,
846 1286 1091 1331 invenimus
1110 1284 1283 1329 interim
1304 1283 1452 1327 Domi-

61 1375 169 1403 num
201 1360 367 1403 fontem
390 1359 507 1403 vitae.
543 1358 649 1401 Bibe
684 1367 727 1401 et
749 1358 860 1401 vive.
896 1356 1026 1415 Apud
1048 1365 1116 1410 te,
1152 1354 1323 1414 inquit,
1356 1352 1453 1397 fons

61 1431 162 1475 vitae
196 1449 204 1474 z
239 1429 337 1474 ideo
372 1430 453 1473 sub
483 1427 742 1472 umbraculo
770 1427 935 1471 alarum
970 1436 1142 1470 tuarum
1178 1433 1353 1484 sperant
1378 1423 1453 1467 filii

62 1501 314 1552 hominum,
338 1500 542 1544 inebriari
571 1499 652 1542 isto
670 1497 792 1543 fonte
818 1506 1077 1558 quaerentes.
1106 1496 1191 1541 Sed
1214 1496 1268 1539 de
1287 1494 1454 1539 lumine

62 1571 329 1615 dicebamus.
369 1573 557 1629 Sequere
579 1585 681 1627 crgo
709 1587 717 1610 :
745 1584 844 1613 nam
876 1570 1091 1627 Propheta
1118 1582 1219 1611 cum
1249 1565 1450 1620 dixisset,

61 1642 194 1702 Apud
212 1651 253 1686 te
276 1641 371 1685 fons
386 1642 501 1694 vitae,
521 1649 694 1684 secutus
719 1640 916 1700 adjunxit
940 1659 948 1684 z
970 1642 1020 1683 In
1040 1637 1207 1682 lumine
1229 1647 1306 1681 tuo
1327 1636 1452 1681 vide-

61 1714 205 1757 bimus
230 1713 381 1756 lumen
403 1732 411 1756 ε
440 1716 575 1756 Deum
596 1711 651 1755 de
677 1715 783 1765 Deo,
809 1711 959 1755 lumen
982 1710 1036 1754 de
1057 1709 1238 1753 lumine.
1267 1712 1348 1753 Per
1369 1709 1453 1752 hoc

60 1784 211 1828 lumen
229 1782 392 1826 factum
416 1791 474 1825 est
495 1781 593 1826 solis
614 1781 766 1825 lumen
786 1801 794 1826 :
815 1790 858 1825 et
874 1780 1026 1825 lumen
1039 1779 1159 1841 quod
1177 1778 1281 1823 fecit
1298 1777 1449 1833 solem,

61 1856 143 1899 sub
165 1870 255 1914 quo
278 1854 380 1897 fecit
416 1863 458 1896 et
496 1869 601 1908 uos,
635 1852 800 1897 factum
832 1861 895 1896 est
924 1852 1006 1896 sub
1041 1852 1129 1896 sole
1158 1860 1335 1910 propter
1357 1866 1448 1894 nos.

62 1928 247 1969 Factum
279 1933 358 1977 est,
396 1925 600 1983 inquam,
636 1932 812 1983 propter
835 1938 914 1967 nos
934 1923 1015 1967 sub
1043 1922 1131 1966 sole
1156 1921 1306 1965 lumen
1331 1920 1452 1981 quod

60 1996 164 2040 fecit
180 1995 330 2040 solem.
351 1993 449 2039 Noli
459 2004 739 2038 contemnere
757 1995 922 2038 nubem
937 1993 1075 2038 carnis
1101 2014 1110 2038 ε
1136 1994 1255 2037 nube
1271 1994 1447 2051 tegitur‚

61 2083 151 2111 non
174 2076 223 2111 ut
247 2065 520 2120 obscuretur,
545 2067 619 2109 scd
643 2074 692 2109 ut
711 2074 993 2125 temperetur.

120 2139 173 2180 V.
204 2139 407 2196 Loquens
431 2150 532 2192 ergo
561 2151 637 2194 per
659 2137 823 2180 nubem
846 2136 984 2180 carnis
1011 2134 1162 2178 lumen
1183 2133 1447 2188 indificiens‚

60 2207 211 2251 lumen
228 2205 464 2265 sapientiae,
492 2205 550 2249 ait
573 2205 824 2250 hominibus
851 2225 861 2251 2
890 2226 910 2248 «
936 2208 1030 2263 Ego
1053 2219 1148 2248 sum
1166 2203 1241 2247 lux
1262 2203 1415 2247 mundi
1439 2222 1447 2248 :

63 2295 84 2318 »
120 2278 197 2337 qui
219 2276 415 2336 sequitur
436 2291 504 2320 me
524 2291 612 2319 non
636 2273 877 2320 ambulabit
899 2276 944 2319 in
966 2275 1155 2319 tenebris
1183 2294 1190 2318 :
1217 2274 1291 2318 sed
1312 2275 1449 2318 habe·

65 2365 86 2388 »
121 2347 184 2391 bit
205 2346 355 2390 lumen
378 2347 476 2390 vitae
502 2348 533 2389 ².
563 2365 582 2386 υ
604 2346 836 2398 Quomodo
859 2356 901 2390 te
923 2346 1102 2390 abstulit
1121 2347 1177 2390 ab
1202 2345 1336 2389 oculis
1362 2360 1452 2389 car-

62 2418 144 2472 nis,
169 2427 212 2461 et
234 2417 454 2461 revocavit
476 2417 530 2460 ad
552 2416 700 2461 oculos
731 2418 897 2461 cordis?
928 2420 1026 2462 Non
1055 2418 1169 2461 enim
1193 2416 1354 2460 sufficit
1383 2416 1451 2458 di-

64 2502 159 2532 cere
179 2506 187 2531 :
213 2506 233 2530 «
255 2487 340 2540 Qui
363 2503 431 2532 me
452 2488 663 2546 sequitur,
690 2503 779 2532 non
801 2489 1046 2532 ambulabit
1079 2489 1123 2531 in
1143 2487 1350 2538 tenebris,
1375 2485 1450 2530 sed

114 2580 120 2594 ¹
143 2574 235 2605 Joan.
251 2583 310 2614 vn,
327 2572 380 2614 37.
402 2586 441 2596 ‘·-
463 2579 475 2595 ²
492 2572 539 2604 td.
560 2583 629 2613 vui,
652 2580 699 2603 ια.
