1809 3173
390 215 471 251 220
817 226 849 254 s.
887 228 1114 256 AUGUSTINI
1150 230 1327 256 EPtSCOPI

386 290 517 343 liora,
550 289 775 349 splendida
814 302 914 337 sunt
949 312 957 338 ;
995 294 1170 337 attend-2}
1201 304 1242 338 et
1284 294 1401 353 ipsa,
1447 293 1680 337 volvuntur
1708 295 1762 338 ab

385 361 560 404 Oriente
583 361 635 404 ad
656 362 958 419 Occidentem,
985 380 1071 408 non
1097 374 1236 422 stant3
1261 365 1465 409 videntur
1487 365 1649 419 oculis,
1675 381 1764 409 non
1800 355 1802 379 ἶ

383 431 521 476 solum
544 433 597 475 ab
623 434 823 488 homine,
850 436 923 479 sed
945 436 1075 479 etiam
1098 453 1119 479 a
1140 451 1292 495 pecore
1320 456 1327 480 :
1356 436 1487 480 transi
1510 445 1551 479 ct
1580 437 1682 494 ipsa.
1711 440 1765 480 Et

384 503 621 562 quomodo,
648 505 831 564 inquies,
853 515 1023 550 transeo
1039 505 1228 550 coelestia
1247 521 1442 565 corpora,
1469 521 1568 550 cum
1589 506 1764 550 ambulo

384 573 427 616 in
459 576 600 618 tcrra‘?
628 578 722 619 Non
746 592 874 620 carne
903 578 1070 630 transis,
1096 576 1171 620 scd
1201 587 1359 620 mente.
1396 577 1543 636 Abjice
1566 586 1608 620 et
1636 577 1725 636 ipsa
1753 596 1761 621 z
1800 600 1801 604 ¹

383 645 577 704 quamvis
591 644 779 699 luceant⁷
801 662 980 705 corpora
994 656 1117 702 sunt·7
1135 646 1329 705 quamvis
1349 647 1403 689 de
1421 646 1535 690 coelo
1552 645 1761 704 fulgeant,

382 730 561 773 corpora
591 725 705 759 sunt.
742 717 872 769 Veni,
912 717 1116 775 quoniam
1146 716 1257 759 forte
1280 732 1368 759 non
1395 726 1435 760 te
1458 726 1581 775 putas
1606 717 1764 759 habere

383 802 471 845 quo
499 801 593 839 eas,
632 802 729 830 cum
764 786 1008 830 consideras
1039 787 1115 830 ista
1154 787 1311 830 omnia.
1341 790 1395 830 Et
1428 786 1540 830 ultra
1572 786 1764 830 coelestia
1794 817 1795 830 ἢ

383 871 561 914 corpora
583 873 670 916 qno
701 857 838 900 iturus
862 873 980 910 sum,
1010 857 1174 916 inquis,
1201 866 1243 899 et
1265 857 1372 916 quid
1396 866 1538 900 mente
1556 857 1764 900 transitu-
1796 851 1799 854 ⁵

382 942 454 969 rus
490 929 615 969 sum?
641 927 932 971 Considerasti
962 928 1040 971 ista
1070 927 1239 971 omnia?
1262 928 1566 981 Consideravi,
1604 927 1761 986 inquis.
1798 927 1800 939 ¹

384 996 508 1040 Unde
525 998 835 1041 considerasti?
856 1001 950 1056 lpse
973 997 1266 1041 considerator
1290 1006 1506 1056 appareat.
1533 1001 1628 1056 Ipse
1651 997 1765 1041 enim

383 1068 677 1112 considerator
698 1071 875 1112 istorum
902 1070 1115 1123 omnium,
1153 1068 1468 1112 discriminator
1485 1103 1496 1122 ‚
1521 1068 1762 1123 distinctor,
1797 1115 1799 1118 ,

384 1147 427 1182 et
447 1140 635 1198 quodam
650 1139 779 1183 modo
806 1155 1017 1199 appensor
1036 1140 1080 1183 in
1101 1139 1210 1183 libra
1228 1139 1447 1198 sapientiae
1463 1174 1474 1194 ,
1496 1140 1663 1182 animus
1685 1148 1762 1183 est.

387 1207 486 1252 Sine
509 1209 644 1258 dubio
679 1209 830 1253 melior
851 1219 913 1253 est
945 1211 1113 1254 animus
1136 1224 1223 1269 quo
1254 1209 1333 1252 ista
1366 1209 1509 1252 onmia
1541 1209 1762 1266 cogitasti,

384 1294 514 1338 quam
538 1279 616 1322 ista
641 1281 784 1323 omnia
808 1296 906 1340 quae
934 1280 1146 1338 cogitasti.
1168 1281 1349 1323 Animus
1371 1294 1473 1338 ergo
1495 1279 1573 1322 iste
1595 1279 1766 1338 spiritus

384 1358 461 1402 est,
488 1364 576 1392 non
600 1365 755 1408 corpus
781 1369 788 1394 :
826 1350 958 1393 transi
991 1359 1033 1394 et
1067 1350 1223 1408 ipsum.
1259 1351 1474 1408 Compara
1504 1349 1646 1408 ipsum
1674 1349 1767 1392 ani-

386 1434 503 1462 mum
522 1420 683 1479 primo,
710 1421 914 1464 utvideas
930 1436 1018 1480 quo
1038 1430 1225 1464 transeas
1243 1441 1253 1477 3
1273 1435 1474 1478 compara
1489 1419 1610 1462 illum
1630 1420 1762 1463 carni.

385 1489 525 1543 Absit,
551 1506 605 1533 ne
628 1490 815 1548 digneris
838 1505 1103 1549 comparare.
1136 1492 1347 1549 Compara
1370 1490 1494 1533 illum
1518 1488 1678 1547 fulgori
1694 1504 1766 1533 so-
1796 1498 1797 1502 ’

385 1560 450 1613 lis,
476 1559 611 1615 lunae,
636 1560 856 1605 stellarum
884 1581 891 1605 :
912 1562 1050 1620 major
1069 1559 1212 1618 fulgor
1230 1569 1293 1604 est
1316 1560 1462 1603 animi.
1489 1561 1633 1603 Primo
1651 1558 1765 1603 cele-

385 1634 553 1676 ritatem
570 1633 702 1676 animi
720 1633 849 1692 ipsius
864 1633 977 1676 vide.
992 1632 1100 1676 Vide
1116 1632 1149 1674 si
1165 1647 1254 1675 non
1270 1631 1567 1675 vehementior
1583 1629 1767 1674 scintilla

385 1713 448 1748 est
469 1705 596 1748 animi
622 1705 849 1763 cogitantis
865 1740 875 1757 ,
896 1719 1027 1763 quam
1049 1703 1255 1762 splendor
1276 1703 1374 1746 solis
1396 1702 1594 1745 lucentis.
1624 1701 1766 1746 Solem

385 1774 593 1818 orientem
623 1783 670 1818 tu
693 1775 810 1817 vides
838 1774 984 1817 animo
1020 1793 1027 1817 :
1056 1781 1198 1816 motus
1220 1772 1351 1831 ipsius
1373 1787 1503 1831 quam
1526 1771 1673 1814 tardus
1705 1781 1769 1815 est
1791 1779 1794 1782 ’

386 1843 440 1886 ad
460 1844 652 1886 animum
684 1853 809 1887 tuum
828 1845 844 1885 P
868 1844 966 1886 Cito
988 1851 1038 1885 tu
1059 1842 1238 1899 potuisti
1269 1841 1459 1899 cogitare
1482 1841 1603 1900 quod
1625 1839 1766 1884 lactu-
1790 1858 1791 1869 ¹

386 1929 457 1957 rus
480 1923 543 1957 est
559 1913 636 1958 sol.
659 1913 727 1957 Ab
746 1913 922 1956 Oriente
945 1911 998 1955 ad
1021 1911 1300 1955 Occidentem
1328 1921 1536 1955 venturus
1569 1920 1656 1965 est,
1678 1912 1767 1970 jam

386 2000 436 2027 ex
455 1984 535 2028 alia
554 1994 674 2043 parte
692 1999 783 2028 cras
797 1984 948 2027 oritur.
970 1982 1052 2026 Ubi
1069 1983 1151 2025 hoc
1170 1980 1272 2025 fecit
1291 1982 1492 2038 cogitatio
1517 1991 1605 2035 tua,
1625 1981 1767 2025 adhuc
1790 1978 1791 1983 ¹

385 2055 457 2098 ille
477 2056 624 2100 tardus
642 2064 720 2110 est,
747 2064 789 2099 et
811 2063 859 2098 tu
879 2053 1023 2098 omnia
1047 2053 1293 2112 peragrasti.
1319 2056 1476 2110 Magna
1496 2068 1598 2110 ergo
1620 2067 1684 2095 res
1705 2061 1769 2096 est
1790 2053 1792 2056 ’

387 2127 569 2170 animus.
614 2126 697 2170 Sed
738 2123 958 2184 quomodo
999 2123 1097 2167 dico
1115 2158 1126 2177 ‚
1172 2132 1234 2166 est
1246 2125 1262 2164 ⁶?
1305 2123 1453 2165 Transi
1492 2131 1533 2165 et
1571 2122 1712 2180 ipsum
1755 2141 1764 2167 z
1791 2175 1794 2178 Ι

385 2198 487 2256 quia
521 2206 563 2240 et
603 2196 692 2255 ipse
722 2195 888 2239 animus
924 2193 1144 2237 mutabilis
1174 2202 1258 2247 est,
1295 2193 1491 2252 quamvis
1529 2191 1681 2236 melior
1715 2192 1769 2236 sit

385 2267 501 2310 omni
524 2281 717 2324 corpore.
743 2264 874 2309 Modo
896 2264 1042 2318 novit,
1074 2263 1205 2308 modo
1228 2279 1317 2306 non
1340 2263 1458 2307 novit
1494 2261 1639 2306 :modo
1660 2260 1769 2305 obli-

384 2338 563 2383 viscitur
579 2373 590 2392 ,
625 2337 755 2381 modo
779 2335 1027 2379 recordatur
1052 2354 1060 2379 :
1087 2335 1216 2378 modo
1244 2334 1354 2387 vult,
1381 2333 1511 2378 modo
1531 2349 1618 2376 non
1640 2331 1762 2377 vult:
1789 2346 1793 2386 f

384 2407 515 2452 modo
556 2416 704 2466 peccat
723 2442 733 2461 ‚
780 2405 910 2449 modo
948 2407 1088 2464 justus
1129 2413 1207 2448 est.
1250 2404 1398 2448 Transi
1449 2419 1551 2462 ergo
1594 2417 1768 2446 omnem
1788 2419 1789 2429 ¹

385 2476 719 2522 mutabilitatem
765 2495 772 2519 ε
812 2491 901 2519 non
946 2475 1086 2519 solum
1128 2488 1255 2518 omne
1290 2472 1411 2533 quod
1451 2472 1624 2517 videtur
1640 2506 1650 2525 ‚
1691 2471 1768 2515 sed
1792 2500 1794 2502 -

387 2558 429 2593 et
449 2563 576 2593 omne
598 2547 716 2607 qnod
740 2555 948 2591 mutatur.
972 2545 1176 2589 Transisti
1199 2543 1313 2588 enim
1331 2557 1502 2586 carnem
1527 2557 1625 2601 quae
1643 2541 1766 2586 vide-
1790 2538 1793 2545 “
