1809 3173
357 227 437 264 108
782 235 815 264 s.
854 236 1084 267 AUGUSTINI
1117 240 1298 267 13121500121

356 302 510 346 temnis
533 302 577 345 in
597 301 710 347 coelo
731 303 986 349 sedentem?
1009 306 1184 350 Noverit
1208 306 1403 351 Charitas
1433 308 1583 350 Vestra
1613 320 1735 364 mag-

354 389 461 417 num
483 372 677 417 dolorem
701 389 769 418 me
789 375 880 434 pati
912 375 966 419 de
989 376 1069 420 hac
1093 391 1137 419 re
1163 396 1172 421 :
1203 376 1279 421 sed
1299 412 1309 432 ,
1342 385 1392 421 ut
1414 376 1501 420 dixi
1519 411 1530 431 ‚
1563 375 1736 420 dimitto

354 453 507 488 caetera
537 444 871 502 cogitationibus
894 446 1059 491 vestris.
1086 448 1183 491 Non
1223 448 1337 491 enim
1364 446 1461 491 dico
1481 481 1491 501 ‚
1527 447 1561 490 si
1582 445 1736 506 loquar

355 523 444 559 tota
462 514 559 572 die3
584 514 618 558 si
634 515 836 574 plangam
860 525 950 560 tota
972 515 1043 560 die
1060 551 1071 571 ,
1097 532 1187 560 non
1210 517 1377 562 sullicio
1399 536 1408 561 :
1435 532 1524 561 non
1547 517 1646 561 dico
1666 551 1676 571 ‚
1702 517 1736 560 si

356 585 534 630 habeam
555 620 565 641 ‚
590 586 701 630 sicut
725 586 830 630 dicit
853 588 1067 646 Propheta
1086 623 1097 642 ‚
1123 586 1289 632 fontem
1311 587 1600 646 lacrymarum
1628 607 1636 632 z
1662 588 1737 632 sed

354 658 387 701 si
413 666 640 701 convertar
671 657 716 700 in
740 656 975 715 lacrymas,
1004 667 1046 702 et
1068 659 1273 716 lacrymae
1307 659 1408 703 fiam
1426 694 1437 714 ‚
1474 660 1519 703 in
1541 658 1735 718 linguaS‚

354 737 397 773 et
414 727 573 786 linguae
592 729 690 771 fiam
704 763 718 783 ‚
739 743 893 787 parum
916 738 993 773 est.

413 801 512 842 XII.
536 799 778 842 Redeamus
796 834 806 853 ‚
832 798 1055 843 videamus
1076 798 1185 859 quid
1207 798 1312 843 dicit
1330 799 1408 843 iste
1429 818 1437 844 :
1459 817 1478 841 «
1498 800 1584 852 Qui
1605 791 1739 843 habet

357 888 378 912 »
413 884 614 929 sponsam
635 904 645 924 ,
683 885 863 928 sponsus
885 879 948 914 est
975 889 983 914 :
1013 889 1031 911 >›
1058 885 1149 914 11011
1175 879 1238 914 cst
1266 886 1360 915 mea
1380 886 1550 930 sponsa.
1571 873 1629 914 Et
1650 885 1739 915 non

356 940 517 999 gaudes
547 940 591 984 111
626 940 822 999 nuptiis?
858 943 951 985 Imo
987 940 1177 999 gaudeo,
1200 940 1258 985 ait
1288 960 1296 985 z
1331 959 1352 983 «
1388 942 1563 986 Amicus
1595 949 1739 985 autem

358 1030 378 1052 »
413 1011 559 1070 sponsi
584 1011 660 1071 qui
684 1020 768 1055 stat
800 1021 844 1055 et
874 1010 996 1056 audit
1020 1026 1144 1066 eum,
1186 1010 1346 1070 gaudio
1375 1009 1537 1070 gaudet
1564 1020 1741 1071 propter

357 1099 379 1123 )›
412 1096 565 1126 vocem
595 1082 752 1140 sponsi.
785 1100 804 1122 n
831 1084 950 1137 Non,
989 1082 1155 1142 inquit,
1187 1081 1356 1140 gaudeo
1382 1091 1559 1142 propter
1590 1096 1741 1127 vocem

355 1167 519 1207 meam,
557 1151 632 1195 sed
675 1160 852 1211 propter
885 1167 1038 1197 vocem
1070 1152 1215 1212 sponsi
1241 1152 1422 1210 gaudeo.
1448 1155 1543 1211 Ego
1570 1167 1666 1196 sum
1697 1153 1742 1195 in

356 1221 574 1266 audiendo
591 1256 601 1275 ,
629 1220 702 1264 ille
734 1221 778 1264 in
803 1222 990 1267 dicendo
1010 1237 1116 1280 :ego
1144 1238 1239 1266 sum
1261 1223 1375 1266 enim
1400 1221 1713 1266 illuminandus
1729 1256 1739 1276 ‚

355 1292 428 1336 ille
449 1292 599 1337 lumen
627 1312 635 1336 z
670 1309 750 1352 ego
772 1308 868 1337 sum
892 1294 938 1337 in
960 1309 1085 1348 aure,
1110 1292 1184 1337 ille
1206 1293 1415 1338 Verbum.
1443 1296 1558 1352 Ergo
1581 1294 1743 1337 amicus

356 1363 501 1424 sponsi
529 1372 638 1418 stat,
671 1373 711 1408 et
744 1364 866 1408 audit
897 1379 1013 1408 eum.
1050 1367 1194 1418 Quare
1216 1366 1331 1408 stat?
1358 1366 1460 1424 quia
1486 1379 1575 1409 non
1609 1363 1739 1408 cadit.

357 1439 498 1488 Quare
523 1449 612 1478 non
645 1434 789 1487 cadit?
823 1434 923 1494 quia
946 1434 1123 1478 humilis
1157 1443 1234 1479 est.
1262 1434 1371 1478 Vide
1398 1444 1584 1479 stantem
1606 1435 1651 1478 in
1672 1449 1743 1479 so-
1779 1427 1792 1441 ‘

356 1502 447 1547 lido
462 1523 470 1547 :
489 1506 587 1549 Non
608 1518 703 1547 sum
722 1503 877 1562 dignus
891 1505 1120 1563 corrigiam
1133 1506 1413 1549 calceamenti
1432 1506 1523 1564 ejus
1537 1504 1700 1549 solvere
1710 1507 1721 1529 ¹
1731 1538 1741 1547 .

359 1577 473 1618 Bene
494 1582 536 1617 te
558 1574 760 1618 humilias
776 1609 786 1628 ‚
816 1574 970 1619 merito
991 1590 1081 1619 non
1108 1574 1222 1620 cadis
1238 1611 1248 1631 ,
1274 1577 1429 1620 merito
1454 1585 1540 1620 stas
1556 1611 1566 1630 ‚
1587 1575 1745 1619 merito

359 1644 480 1689 audis
503 1660 630 1700 eum,
658 1655 700 1689 et
729 1644 889 1711 gaudio
916 1645 1078 1705 gaudes
1108 1656 1285 1706 propter
1307 1662 1457 1691 vocem
1488 1648 1646 1706 sponsi.
1678 1647 1745 1692 Sic

358 1725 402 1761 et
432 1717 664 1776 Apostolus
689 1718 851 1762 amicus
880 1718 1050 1777 sponsi,
1082 1718 1192 1762 zelat
1212 1727 1255 1762 et
1276 1719 1366 1777 ipse
1382 1753 1392 1773 ,
1425 1733 1515 1763 non
1542 1718 1646 1774 sibi',
1671 1718 1746 1763 sed

359 1802 531 1847 sponso.
558 1786 673 1832 Audi
701 1803 852 1832 vocem
886 1787 1063 1832 zelantis
1086 1807 1094 1833 ;
1122 1787 1225 1833 Zelo
1248 1789 1325 1832 Dei
1354 1804 1430 1834 vos
1456 1788 1548 1834 zelo
1565 1824 1576 1844 ‚
1602 1788 1709 1834 dixit
1735 1809 1744 1835 :

360 1875 450 1903 non
483 1874 580 1903 meo
605 1894 616 1915 ‚
660 1874 749 1904 non
781 1859 915 1913 mihi,
947 1858 1023 1903 sed
1051 1858 1142 1903 zelo
1177 1860 1269 1903 Dei.
1309 1859 1463 1903 Unde?
1495 1860 1748 1920 quomodo?

360 1945 491 1990 quam
522 1929 660 1984 zelas,
693 1929 762 1974 vel
795 1930 864 1973 0111
888 1928 1030 1985 zelas?
1066 1948 1085 1970 «
1116 1930 1380 1988 Desponsavi
1412 1930 1529 1974 enim
1562 1945 1638 1975 vos
1671 1931 1748 1974 uni

363 2020 382 2042 n
417 2001 510 2046 viro
532 2001 743 2060 virginem
765 2010 926 2045 castam
950 2000 1153 2044 exhihere
1175 2001 1399 2045 Christo.»
1427 2001 1544 2054 Quid
1568 2017 1671 2060 ergo
1697 2003 1748 2046 ti·-

360 2074 481 2116 mes?
503 2087 636 2132 quare
659 2071 801 2116 zelas?
824 2090 840 2111 «
875 2071 1022 2115 Timeo
1038 2106 1048 2125 ,
1076 2071 1246 2131 inquit,
1272 2086 1327 2114 110
1349 2071 1460 2115 sicut
1488 2086 1661 2131 serpens
1689 2087 1748 2116 se-

363 2162 383 2184 »
418 2143 542 2187 duxit
564 2146 700 2188 Evam
715 2144 870 2188 astutia
892 2158 984 2198 sua,
1013 2143 1072 2186 sic
1090 2151 1132 2186 et
1150 2142 1279 2187 vestri
1300 2157 1449 2186 sensus
1469 2159 1750 2203 corrumpan-

362 2231 382 2253 n
420 2222 491 2256 tui·
517 2229 540 2257 a
563 2213 758 2258 castitate
788 2229 888 2273 quae
925 2222 988 2257 est
1017 2213 1063 2256 111
1094 2212 1266 2257 Christo
1280 2216 1312 2256 ².
1342 2230 1361 2253 »
1388 2213 1537 2256 Omnis
1560 2214 1749 2258 Ecclesia

361 2285 480 2343 virgo
494 2283 709 2343 appellata
731 2292 808 2327 est.
834 2284 1008 2327 Diversa
1031 2298 1120 2327 esse
1143 2283 1338 2327 membra
1360 2283 1581 2339 Ecclesiae,
1607 2283 1750 2328 diver-

361 2356 415 2399 sis
444 2355 568 2399 donis
602 2354 766 2414 pollere
800 2353 953 2399 videtis
985 2364 1116 2415 atque
1147 2353 1334 2414 gaudere
1361 2374 1369 2399 2
1405 2355 1477 2398 alii
1499 2355 1746 2414 conjugati,

362 2427 456 2470 aliae
484 2427 726 2486 conjugatae
748 2462 757 2481 ‚
787 2425 857 2469 alii
880 2424 1046 2471 viduati
1070 2440 1224 2471 uxores
1247 2424 1362 2469 ultra
1394 2441 1483 2470 non
1513 2433 1746 2485 quaerunt,

363 2496 457 2541 aliae
478 2496 666 2541 viduatae
683 2496 858 2541 maritos
880 2496 993 2541 ultra
1016 2512 1104 2542 non
1126 2504 1346 2557 quaerunt,
1364 2494 1433 2540 alii
1457 2495 1748 2554 integritatem

412 2591 419 2604 ¹
442 2585 533 2615 Joan.
555 2594 577 2625 1,
593 2591 647 2625 27.
674 2600 716 2607 —
743 2589 755 2605 2
772 2585 876 2616 2C01·.
904 2594 950 2625 111,
968 2592 998 2615 2.
