1809 3173
366 178 444 212 100
802 183 835 211 S.
873 183 1101 213 Anous'rlm
1135 187 1313 214 13121500121

354 250 494 303 video,
521 256 563 292 et
598 249 676 292 hae
711 249 859 294 oculos
888 250 1097 309 intelligo.
1124 253 1180 295 Et
1201 251 1397 296 meliores
1440 250 1555 296 oculi
1594 251 1735 296 dantis

353 320 450 364 vitae
468 318 712 375 consilium,
738 336 870 380 quam
893 321 1008 366 oculi
1028 322 1213 366 tenentis
1232 338 1423 366 manum.
1449 322 1570 365 Tales
1588 321 1735 366 oculos

351 390 575 451 quaerebat
592 399 634 434 et
651 394 788 447 Jesus,
813 391 990 452 quando
1004 392 1063 437 ait
1086 393 1287 453 Philippo
1308 414 1315 437 z
1338 413 1358 436 «
1384 396 1523 438 Tanto
1541 402 1735 453 temporo

354 481 374 504 »
410 462 634 508 vobiscum
652 478 764 519 sum,
785 473 828 508 et
849 479 938 508 non
963 464 1225 522 cognovistis
1246 480 1315 508 me
1329 466 1376 505 1?
1400 483 1419 506 »
1449 463 1570 508 Tales
1587 463 1735 508 oculos

350 535 590 594 quaerebat,
615 550 716 580 cum
748 535 807 579 ait
828 553 836 579 ε
854 535 1070 594 Philippe,
1103 535 1179 595 qui
1199 535 1317 580 videt
1338 550 1423 591 me,
1448 536 1568 580 videt
1589 544 1633 579 ct
1655 538 1736 580 Pa-

351 614 476 650 trem.
503 605 579 649 Isti
605 605 720 650 oculi
740 605 787 649 in
817 605 1104 663 intelligentia
1121 614 1237 660 sunt,
1263 604 1330 648 isti
1359 604 1475 649 oculi
1510 606 1553 648 in
1590 614 1736 649 mento

349 675 593 732 sune-Ideo
614 691 715 720 cum
739 675 912 720 dixisset
949 675 1171 733 Psalmu53
1200 694 1219 716 «
1247 674 1462 727 Quoniam
1492 691 1566 719 rex
1598 676 1737 720 omnis

352 766 372 790 »
408 757 533 792 terrae
550 750 716 792 Deu82:
737 765 758 789 »
775 747 959 807 subjecit
980 748 1125 791 statim
1146 766 1154 791 ι
1172 766 1191 787 «
1209 745 1382 791 Psallite
1396 746 1732 806 intelligenter.»

349 818 475 871 Quod
489 819 604 862 enim
621 817 719 862 dico
739 817 937 862 :Psallite
955 821 1043 861 Deo
1058 826 1205 862 nostro
1225 836 1234 862 :
1255 816 1448 877 psallite:
1476 821 1616 862 Deum
1639 817 1736 862 dieo

348 903 494 946 regem
511 896 723 932 nostrum.
753 889 836 932 Sed
858 902 1002 946 regem
1021 897 1218 933 nostrum
1246 880 1359 932 inter
1391 888 1588 932 homines
1610 888 1737 933 vidis-

347 957 467 1002 distis
506 967 714 1018 tanquam
752 958 990 1013 hominem,
1031 959 1195 1003 vidistis
1231 974 1421 1017 passum,
1462 959 1732 1014 crucifixum,

346 1037 570 1073 mortuum
598 1049 607 1074 ς
632 1029 796 1073 latebat
818 1029 985 1089 aliquid
1007 1030 1052 1073 in
1067 1029 1139 1073 illa
1157 1045 1301 1083 carne,
1326 1045 1460 1089 quam
1483 1029 1618 1074 oculis
1640 1046 1735 1074 car-

346 1098 439 1143 neis
457 1099 605 1143 videre
627 1099 842 1158 potuistis.
869 1099 986 1152 Quid
1007 1099 1067 1143 ibi
1084 1099 1469 1158 latebatRPsallite
1492 1098 1750 1158 intelligen÷

351 1179 413 1214 ter
440 1189 448 1214 :
473 1169 610 1214 nolite
630 1170 765 1214 oculis
785 1185 982 1230 quaerere
999 1171 1120 1230 quod
1142 1179 1287 1214 mente
1307 1170 1587 1229 conspicitur.
1615 1170 1736 1214 Psal-

347 1239 423 1284 lite
450 1239 614 1298 lingua,
650 1240 752 1300 quia
784 1240 897 1284 inter
917 1256 993 1285 vos
1020 1256 1120 1285 earo
1146 1259 1154 1286 ε
1181 1241 1256 1284 sed
1285 1241 1387 1300 quia
1410 1240 1603 1284 Verbum
1637 1256 1736 1285 earo

347 1310 512 1354 factum
534 1320 613 1366 est,
650 1320 694 1355 et
721 1310 934 1355 habitavit
960 1311 1007 1354 in
1044 1311 1185 1365 nobis,
1215 1310 1382 1354 reddite
1413 1325 1569 1355 sonum
1598 1311 1732 1366 carni,

348 1380 517 1424 reddite
535 1384 625 1425 Deo
647 1380 804 1424 mentis
826 1381 1047 1425 obtutum.
1080 1380 1252 1425 Psallite
1286 1380 1578 1440 intelligenter
1597 1391 1640 1426 et
1668 1382 1735 1425 vi-

348 1450 458 1494 detis
475 1451 575 1510 quia
597 1450 791 1495 Verbum
813 1466 913 1495 caro
937 1450 1102 1496 factum
1121 1460 1200 1506 est,
1226 1460 1269 1494 et
1290 1451 1503 1497 habitavit
1523 1452 1568 1495 in
1590 1451 1733 1495 nobis.

409 1515 486 1565 IV.
505 1522 627 1566 Dicat
655 1531 698 1566 et
735 1525 923 1566 Joannes
962 1522 1287 1569 testimonium:
1312 1541 1331 1564 «
1364 1526 1464 1567 Post
1503 1523 1597 1567 haec
1618 1523 1737 1567 venit
1775 1564 1778 1565 ⁷

349 1611 370 1635 n
407 1595 531 1637 Jesus
553 1602 595 1638 et
622 1592 824 1652 discipuli
846 1593 936 1652 ejus
967 1593 1013 1637 in
1036 1592 1234 1637 Judaeam
1265 1603 1513 1649 terran1‚.et
1542 1592 1629 1637 illie
1656 1593 1735 1637 de-

350 1682 372 1705 »
408 1664 717 1708 demorabatur
754 1679 854 1708 cum
893 1664 968 1720 eis,
1019 1674 1061 1709 et
1102 1665 1392 1724 baptizabatss.
1436 1682 1456 1706 »
1488 1665 1735 1724 Baptizatus

349 1733 610 1793 baptizabat.
631 1736 729 1779 Non
757 1750 807 1778 eo
845 1735 1063 1793 baptismo
1093 1735 1341 1794 baptizabat
1370 1750 1458 1794 quo
1493 1734 1737 1794 baptizatus

348 1812 426 1848 est.
454 1807 537 1848 Dat
577 1804 840 1863 baptismum
862 1805 1072 1848 Dominus
1097 1805 1338 1863 baptizatus
1367 1821 1391 1848 a
1424 1819 1561 1860 servo,
1589 1814 1735 1849 031011ες

348 1875 454 1919 dens
486 1874 743 1919 humilitatis
770 1875 900 1930 viam,
927 1884 970 1918 et
997 1873 1239 1933 perducens
1274 1873 1327 1918 ad
1355 1875 1619 1933 baptismum
1648 1872 1749 1920 Do?

353 1945 492 2001 mini,
517 1946 601 1990 hoc
635 1954 699 1989 est
726 1945 990 2004 baptismum
1027 1959 1177 1999 suum,
1206 1944 1445 2003 praebendo
1482 1945 1736 1990 humilitatis

349 2016 612 2076 exemplum,
638 2016 739 2076 quia
761 2016 851 2075 ipse
873 2031 962 2060 non
990 2016 1153 2075 respuit
1172 2015 1437 2074 baptismum
1460 2017 1585 2061 servi.
1610 2019 1666 2060 Et
1687 2017 1734 2061 in
1801 2017 1809 2022 ”

350 2087 566 2146 baptismo
595 2087 706 2132 servi
728 2087 795 2131 via
832 2087 1158 2146 praeparabatur
1188 2087 1391 2142 Domino,
1422 2096 1465 2131 et
1492 2087 1733 2146 baptizatus

350 2159 560 2203 Dominus
577 2159 692 2202 viam
709 2173 753 2202 se
768 2156 871 2202 fecit
884 2157 1174 2202 venientibus.
1197 2159 1346 2216 Ipsum
1367 2157 1593 2202 audiamus
1613 2177 1621 2202 :
1642 2161 1734 2216 Ego

349 2244 447 2272 sum
468 2229 552 2284 via,
578 2229 732 2273 veritas
754 2237 797 2272 et
814 2229 916 2273 vita.
952 2228 994 2272 Si
1017 2228 1240 2272 veritatem
1264 2228 1436 2287 quaeris,
1462 2228 1576 2273 viam
1600 2237 1699 2271 tene
1721 2248 1729 2273 ι

350 2314 453 2343 nam
472 2300 564 2358 ipsa
585 2308 649 2343 est
668 2300 737 2344 via
752 2315 851 2358 quae
867 2307 931 2343 est
946 2299 1143 2343 veritas-²¹.
1168 2301 1264 2357 Ipsa
1285 2307 1348 2343 est
1370 2314 1459 2357 quo
1483 2299 1534 2354 is,
1559 2299 1650 2357 ipsa
1670 2307 1733 2342 est

350 2386 438 2429 qua
460 2370 493 2413 is
515 2388 524 2415 :
544 2385 634 2415 non
655 2385 733 2429 per
754 2369 873 2413 aliud
891 2368 925 2413 is
953 2367 1007 2413 ad
1030 2368 1164 2424 aliud,
1190 2384 1279 2413 non
1296 2384 1373 2428 per
1401 2368 1521 2414 aliud
1541 2369 1659 2413 venis
1677 2369 1732 2412 ad

328 2440 573 2494 ÷Christum
604 2454 716 2500 :per
748 2439 969 2485 Christum
1001 2439 1056 2484 ad
1082 2439 1302 2486 Christum
1336 2439 1469 2484 venis.
1501 2438 1731 2493 Quomodo

404 2531 411 2548 ¹
434 2527 524 2558 Joan.
546 2535 612 2568 mv,
626 2536 661 2567 9.
676 2540 718 2548 --
737 2531 749 2548 ²
765 2526 848 2558 Psal.
870 2534 956 2565 xxvi,
974 2523 1058 2557 8.-
1075 2522 1088 2547 3
1104 2526 1196 2557 Joan.
1215 2535 1261 2566 ιιι,
1280 2532 1333 2558 22.
1353 2522 1485 2557 -4121,
1507 2523 1617 2566 x1v‚6.
