1825 3214
314 319 355 344 nv
390 318 561 345 sommis
598 317 901 352 isznnmiuu,
937 320 1081 346 Tutor.
1125 323 1220 348 xix.
1377 312 1452 347 501

78 381 189 424 teriti
210 382 434 440 temporis,
457 382 681 441 impletum
707 386 897 442 essu-jann
922 384 1152 428 crtetlimus.
1179 389 1225 428 ln
1246 388 1338 444 ejus
1361 395 1464 428 sunt

78 451 177 494 fidoi
201 452 402 494 societate
426 453 650 496 nobiscum
670 463 712 496 et
731 452 790 496 illi
818 457 988 507 Patres,
1015 457 1087 514 qui
1109 456 1386 499 erediderunt
1409 455 1464 498 de

77 521 240 578 virgine
263 521 544 575 nasi-iturum,
573 538 820 581 passurum,
848 534 1210 578 resurrecturum,
1237 526 1279 568 in
1303 525 1463 568 eoelum

79 606 355 634 ascensurum
385 612 392 635 :
419 592 512 635 illus
535 594 650 636 onim
674 593 860 637 ostendit
879 593 1110 653 Apostolus
1128 596 1204 638 ubi
1228 596 1310 639 ait:
1335 615 1353 635 «
1380 598 1467 638 Ha-

82 680 100 701 »
141 662 289 704 bentes
327 671 471 704 autem
507 664 708 706 eumdem
732 664 930 722 spiritum
960 665 1090 718 fidei,
1125 665 1235 708 sicut
1257 666 1466 723 scriptum

82 749 101 771 »
144 740 229 784 est,
262 731 438 775 Credidi
468 742 647 791 propter
678 733 850 777 locutus
887 750 1004 788 sum,
1037 745 1079 778 et
1110 751 1190 779 nos
1220 735 1464 789 credimus,

83 820 102 842 »
138 811 313 861 propter
349 802 468 862 quod
498 813 538 847 et
562 804 783 864 loquimur
801 807 830 848 ¹.
855 825 874 845 υ
902 806 1118 864 Propheta
1141 806 1251 849 dixit
1277 825 1285 850 :
1315 826 1334 846 «
1359 808 1467 850 Cre-

81 891 102 913 »
139 871 227 915 didi
249 882 425 931 propter
447 875 565 933 quod
590 874 761 918 locutus
778 879 899 918 sum‘l
923 895 930 918 ε
962 894 980 915 »
1007 874 1240 934 Apostolus
1263 876 1388 929 dicit,
1413 878 1470 919 Et

80 958 157 985 nos
179 942 395 987 eredimus
416 980 425 997 ‚
448 954 624 1003 propter
641 946 760 1005 quod
784 954 825 988 et
847 944 1083 1005 loquimur.
1114 948 1169 989 Ut
1191 947 1295 990 scias
1322 955 1467 989 autem

80 1013 199 1072 quod
223 1029 307 1056 una
349 1013 401 1056 sit
425 1013 529 1057 fides
547 1050 556 1068 ,
583 1014 685 1058 audi
723 1014 939 1059 dicentem
959 1051 968 1065 ,
998 1017 1220 1059 Habentes
1262 1016 1467 1059 eumdem

80 1084 278 1141 spiritum
303 1083 402 1126 fidei
420 1119 430 1137 ‚
461 1094 504 1128 et
537 1101 614 1129 nos
637 1084 868 1129 credimus.
901 1086 968 1129 Sic
990 1086 1136 1129 etalio
1162 1085 1285 1139 loco,
1316 1106 1334 1126 «
1360 1085 1472 1129 Nolo

84 1172 103 1193 »
139 1154 253 1196 enim
273 1169 347 1196 vos
371 1154 569 1211 ignorare
581 1154 758 1209 fratres,
785 1155 886 1214 quia
906 1164 1048 1214 patres
1067 1157 1201 1199 nostri
1223 1170 1372 1199 omnes
1389 1155 1471 1197 sub

85 1242 104 1263 »
140 1224 258 1266 nube
283 1222 460 1267 fuerunt
483 1233 525 1266 et
548 1240 696 1268 omnes
719 1240 796 1283 per
819 1240 936 1268 mare
955 1226 1241 1279 transierunt,
1263 1235 1306 1268 et
1323 1239 1473 1269 omnes

85 1313 94 1334 ³
142 1294 185 1337 in
208 1297 389 1351 Moysen
412 1295 615 1353 baptizati
653 1305 782 1349 sunt,
808 1295 853 1338 in
877 1296 995 1339 nube
1017 1305 1059 1339 et
1081 1296 1126 1338 in
1149 1296 1284 1350 mari,
1318 1304 1361 1338 et
1383 1310 1474 1339 om-

85 1383 104 1403 »
142 1379 216 1407 nes
237 1363 431 1407 eamdem
456 1380 595 1408 escam
614 1364 849 1423 spiritalem
880 1364 1279 1419 manducaverunt,
1305 1374 1348 1408 et
1375 1380 1473 1408 om-

86 1451 106 1473 »
141 1449 215 1477 nes
243 1432 446 1476 eumdem
477 1443 631 1492 potum
656 1433 891 1493 spiritalem
929 1435 1181 1478 biberunt?
1211 1453 1230 1475 »
1256 1438 1376 1479 Mare
1402 1450 1475 1477 ru-

84 1503 211 1547 brum
257 1504 469 1562 significat
507 1504 799 1562 baptismum3
837 1507 1008 1562 Moyses
1052 1503 1210 1548 ductor
1245 1520 1321 1563 pei·
1355 1519 1474 1547 mare

84 1573 267 1616 rubrum
288 1574 502 1631 significat
535 1574 780 1630 Christum3
804 1573 992 1632 populus
1015 1574 1225 1617 transiens
1261 1574 1476 1632 significat

84 1643 256 1700 fideles3
296 1659 410 1687 mors
431 1645 737 1702 AEgyptiorum
762 1645 974 1702 significat
1012 1644 1294 1688 abolitionem
1324 1659 1478 1703 peeca-

86 1724 249 1758 torum.
269 1718 317 1758 In
342 1715 470 1772 signis
488 1714 667 1758 diversis
699 1714 848 1759 eadem
872 1714 978 1758 fides
1006 1734 1014 1759 :
1039 1716 1159 1759 sicin
1177 1715 1308 1773 signis
1331 1715 1478 1758 diver-

87 1786 141 1830 sis
159 1821 169 1840 ,
191 1786 415 1844 quomodo
437 1786 480 1827 in
498 1786 640 1829 verbis
664 1785 864 1841 diversis3
889 1786 989 1844 quia
1006 1786 1136 1828 verba
1159 1801 1286 1829 sonos
1308 1794 1482 1829 mutant

87 1870 163 1914 per
187 1864 380 1913 tempora
398 1890 408 1908 ‚
427 1863 469 1897 et
484 1855 636 1914 utique
658 1854 766 1898 nihil
782 1854 899 1898 aliud
919 1864 1020 1898 sunt
1040 1854 1170 1898 verba
1189 1869 1319 1914 quam
1339 1855 1477 1912 signa.

91 1923 385 1982 Significando
400 1925 516 1967 enim
535 1925 665 1967 verba
683 1934 810 1968 sunt:
829 1923 934 1967 tolle
949 1924 1307 1982 significationem
1326 1924 1478 1978 verbo,

89 1996 292 2055 strepitus
326 1994 464 2038 inanis
499 2004 577 2038 est.
607 1994 855 2053 Significata
884 2010 987 2053 ergo
1022 2003 1125 2037 sunt
1157 1995 1316 2038 omnia.
1342 1997 1481 2038 Num-

91 2066 197 2125 quid
219 2081 308 2108 non
346 2064 497 2108 eadem
524 2064 783 2119 credebant,
819 2079 897 2124 per
923 2079 1032 2124 quos
1056 2065 1150 2107 haec
1184 2065 1303 2122 signa
1333 2065 1485 2107 minis-

92 2136 346 2189 trabantur,
373 2150 449 2193 per
490 2151 601 2193 quos
636 2134 786 2179 eadem
812 2150 911 2194 quae
950 2135 1198 2189 credimus,
1224 2135 1482 2193 prophetata

92 2204 531 2264 praenuntiabantur?
568 2204 726 2263 Utique
763 2203 1003 2248 credebant
1040 2223 1048 2248 z
1086 2204 1161 2247 sed
1200 2203 1264 2247 illi
1299 2213 1483 2248 ventura

94 2291 206 2329 esse,
228 2290 306 2318 nos
331 2283 477 2317 autem
501 2274 682 2317 venisse.
711 2272 814 2318 Ideo
836 2283 880 2317 et
901 2273 959 2317 sic
979 2273 1060 2327 ait,
1089 2273 1307 2316 Eumdem
1331 2282 1485 2331 potum

95 2343 331 2403 spiritalem
356 2342 561 2386 biberunt
577 2344 607 2385 ⁴.
640 2342 883 2401 Spiritalem
907 2342 1126 2397 eumdem,
1150 2358 1250 2386 nam
1279 2357 1486 2401 corpora-

97 2413 288 2458 lemnon
314 2411 531 2455 eumdem.
551 2412 668 2464 Quid
681 2412 797 2455 enim
812 2411 873 2454 illi
887 2412 1348 2456 bibebant?Bibebant
1374 2412 1489 2455 enim

98 2483 152 2527 de
182 2482 362 2542 spiritali
395 2491 605 2542 sequente
637 2490 758 2539 petra
787 2500 796 2525 :
826 2490 949 2540 petra
977 2491 1123 2525 autem
1157 2491 1248 2525 erat
1274 2482 1487 2526 Christus.

101 2553 256 2597 Videte
273 2567 396 2610 ergo,
417 2552 503 2595 fide
522 2559 726 2594 manente
741 2586 752 2605 ,
774 2551 894 2609 signa
914 2552 1090 2595 variata.
1111 2551 1178 2594 Ibi
1202 2560 1321 2610 petra
1339 2551 1489 2595 Chris-

151 2645 194 2669 1'2
209 2640 342 2677 Coi-‚1v,
363 2637 413 2669 13.
436 2654 476 2659 --
493 2643 505 2657 ²
527 2636 605 2667 Psal.
625 2645 700 2676 cxv,
723 2636 773 2668 18.
795 2652 836 2658 --
857 2633 870 2656 3
888 2647 901 2667 1
922 2637 994 2668 Cor.
1015 2647 1048 2676 x,
1072 2646 1101 2676 1,
1116 2641 1178 2668 etc.
1200 2635 1362 2667 --41t›id.
1389 2635 1422 2676 4.

96 1313 104 1334 υ
