1825 3214
289 230 330 254 nv
365 228 541 255 somnis
575 227 855 253 numenium
879 245 889 260 ‚
925 226 1070 253 rimor.
1108 226 1178 251 xri.
1343 212 1422 251 441

45 311 65 333 »
101 301 179 336 est.
209 310 228 332 η
255 292 297 336 Si
320 308 422 351 ergo
446 301 589 336 tecum
621 300 708 344 est,
735 305 761 334 o
783 292 989 343 Domine,
1016 306 1104 334 non
1129 305 1240 333 unus
1266 289 1321 333 ab
1345 289 1428 333 alio

41 363 194 406 missus
214 372 303 417 est,
329 362 546 407 sedamlio
569 361 758 406 venistis.
783 365 837 405 Et
857 372 999 404 tamen
1021 376 1120 404 cum
1153 361 1282 404 ambo
1300 359 1428 404 simul

41 433 148 486 sint,
181 449 292 477 unus
323 433 474 477 missus
497 443 581 487 est,
604 434 710 476 alter
730 433 842 476 misit
865 452 872 476 ε
893 432 1098 491 quoniam
1119 432 1262 474 missio
1286 432 1427 474 incar-

41 504 160 547 natio
181 513 266 557 est,
300 504 446 562 etipsa
477 504 717 548 incarnatio
743 503 837 547 Filii
861 511 1030 546 tantum
1053 511 1141 554 est,
1173 517 1261 545 non
1282 511 1324 545 vt
1352 506 1429 545 l'a-

41 574 131 618 tris.
157 575 272 618 Misit
309 575 455 633 itaque
484 578 609 618 Pater
635 574 816 627 Filium,
847 572 918 616 sed
948 588 1034 616 non
1061 574 1229 615 recessit
1253 588 1274 615 a
1303 572 1424 616 Filio.

39 647 136 689 Non
159 645 274 688 enim
298 661 386 705 quo
412 645 525 688 misit
542 645 698 688 Filium
714 680 724 698 ‚
755 660 841 687 non
861 644 921 687 ibi
939 653 1031 687 erat
1051 647 1190 687 Pater.
1210 643 1289 686 Ubi
1313 644 1429 686 enim

39 731 129 760 non
147 725 207 759 est
230 716 306 775 qui
332 715 430 760 feeit
452 717 628 759 omnia?
653 717 734 760 Ubi
755 732 842 759 non
869 715 1024 774 estqui
1047 714 1157 758 dixit
1178 733 1187 758 :
1214 733 1233 755 «
1254 714 1430 758 Coelum

41 803 62 827 »
98 795 142 830 et
169 795 326 830 terram
345 801 424 844 ego
454 787 614 845 impleo
632 788 640 811 ¹
659 788 676 826 ἱ)
702 805 720 827 »
750 786 832 830 Sed
856 785 967 829 forte
998 789 1123 829 Pater
1160 784 1354 843 ubique,
1387 793 1430 828 et

39 856 174 900 Filius
198 872 284 900 non
309 857 473 917 ubique
486 860 580 901 est?
598 857 916 915 Evangelistam
932 856 1071 900 audi«
1095 859 1144 899 ln
1159 856 1241 899 hoc
1263 854 1429 899 mundo

41 945 62 968 »
97 936 204 980 erat,
230 937 273 970 et
298 928 488 971 mundus
513 943 588 986 per
610 943 709 970 eum
736 927 872 971 sactus
895 930 1003 970 cst‘2.
1042 944 1062 967 >i
1090 929 1224 983 Ergo,
1258 926 1426 985 inquit,

42 1016 62 1039 «
97 998 172 1058 qui
192 999 307 1042 misit
329 1014 398 1042 me
413 1034 423 1053 ‚
449 1018 468 1039 n
493 1001 616 1058 cujus
641 999 897 1042 auctoritate
920 984 1335 1057 tanquam‘paterna
1358 997 1428 1040 in-

37 1077 237 1112 carnatus
259 1084 355 1112 sum
380 1088 388 1112 :
420 1088 427 1112 :
459 1088 477 1110 «
504 1084 674 1112 mecum
701 1078 789 1121 est,
812 1084 898 1112 non
921 1083 988 1111 me
1011 1065 1206 1127 reliquit,
1238 1085 1256 1107 »
1284 1069 1428 1119 Quare

38 1154 127 1183 non
149 1155 218 1183 me
240 1139 447 1199 reliquit?
471 1159 488 1180 «
510 1143 606 1184 Non
622 1155 690 1183 me
714 1139 889 1198 reliquit
909 1174 920 1191 ‚
946 1139 1110 1198 inquit,
1135 1138 1276 1182 solum
1295 1173 1305 1192 ‚
1326 1139 1428 1197 quia

39 1228 60 1251 »
97 1225 178 1269 ego
199 1225 298 1270 quae
321 1209 477 1269 placita
499 1220 601 1254 sunt
616 1211 653 1254 ei
680 1209 788 1254 facio
812 1225 996 1268 semper.
1026 1228 1045 1250 »
1071 1212 1167 1268 Ipsa
1191 1219 1254 1252 est
1276 1224 1428 1268 aequa-

36 1280 133 1324 litas
160 1300 180 1322 «
199 1296 367 1340 semper
385 1317 394 1335 ‚
419 1300 437 1321 u
465 1296 553 1324 non
584 1297 634 1324 ex
658 1280 848 1340 quodam
874 1280 996 1323 initio
1030 1288 1073 1323 et
1098 1279 1323 1338 deinceps,
1352 1280 1428 1323 sed

37 1351 128 1394 sine
143 1351 291 1405 initio,
317 1352 408 1394 sine
438 1351 538 1394 fine.
567 1350 642 1394 Dei
676 1350 790 1393 enim
816 1350 1035 1407 generatio
1064 1365 1152 1393 non
1182 1350 1315 1393 habet
1343 1350 1427 1392 ini-

38 1421 146 1464 tium
171 1421 375 1480 temporis
392 1456 402 1472 ‚
428 1422 527 1478 quia
551 1436 626 1479 per
650 1421 843 1477 genitum
862 1420 975 1464 facta
998 1429 1099 1463 sunt
1122 1429 1334 1478 tempora.

97 1493 196 1534 Vll.
227 1510 246 1532 «
275 1493 376 1534 Haec
396 1490 468 1533 illo
487 1490 717 1549 loquente,
741 1489 862 1533 multi
877 1489 1158 1533 crediderunt
1173 1489 1217 1532 in
1235 1504 1332 1532 cum
1353 1490 1384 1533 ³.
1402 1507 1423 1530 »

38 1561 210 1605 Utinam
234 1571 277 1605 et
300 1577 366 1604 me
394 1560 603 1620 loquente
628 1562 751 1604 multi
775 1561 851 1620 qui
876 1560 994 1603 aliud
1017 1561 1242 1619 sapiebant
1266 1560 1427 1604 intelli-

37 1641 160 1689 gant,
186 1641 229 1675 et
254 1632 434 1676 credant
455 1633 498 1676 in
537 1647 654 1676 eum.
682 1631 869 1684 Quidam
909 1632 1021 1674 enim
1060 1630 1238 1675 fortasse
1258 1631 1426 1675 suntin

35 1702 115 1747 ista
147 1702 429 1746 multitudine
453 1703 614 1747 Ariani.
640 1706 735 1747 Non
761 1701 902 1746 audeo
927 1702 1133 1760 suspicari
1162 1718 1250 1746 esse
1276 1701 1427 1746 Sabel-

34 1773 172 1818 lianos
186 1775 261 1834 qui
280 1775 422 1832 ipsum
438 1778 608 1818 Patrem
625 1773 778 1818 dicunt
792 1789 882 1817 esse
893 1774 970 1833 qui
986 1773 1119 1817 Filius
1137 1783 1201 1817 est
1228 1774 1426 1817 :haeresis

34 1846 198 1905 quippe
230 1846 308 1889 ista
340 1845 467 1889 nimis
502 1846 682 1904 antiqua
719 1854 806 1899 est,
851 1854 893 1888 et
928 1844 1136 1903 paulatim
1174 1845 1420 1888 eviscerata.

34 1916 296 1960 Arianorum
335 1926 482 1959 autem
519 1918 663 1960 adhuc
699 1916 874 1960 videtur
908 1917 1070 1959 habere
1120 1915 1286 1976 aliquas
1327 1931 1425 1960 nio-

35 1987 299 2046 tionesquasi
329 1988 547 2030 cadaveris
583 1988 898 2045 putrescentis,
936 1996 1012 2030 aut
1042 1996 1159 2030 certe
1177 2022 1188 2041 ‚
1220 1997 1270 2030 ut
1304 1987 1423 2030 mul—

33 2057 156 2118 quasi
190 2067 286 2102 tum
313 2057 500 2101 hominis
529 2058 717 2100 animam
752 2058 918 2115 agentis
948 2076 956 2100 :
985 2066 1157 2116 oportet
1184 2058 1287 2100 inde
1320 2058 1424 2100 reli-

33 2143 142 2187 quos
164 2127 359 2179 liberari,
385 2127 496 2170 sicut
518 2126 621 2170 inde
649 2126 775 2170 multi
806 2126 978 2170 liberati
1011 2136 1128 2171 sunt.
1156 2130 1213 2171 Et
1244 2127 1424 2187 quidem

33 2199 112 2242 ista
153 2197 302 2242 civitas
340 2212 411 2240 eos
446 2212 533 2240 non
569 2197 756 2240 habebat
792 2217 800 2241 ε
838 2197 913 2241 sed
949 2208 1095 2256 postea
1131 2213 1263 2257 quam
1296 2198 1424 2243 multi

33 2269 250 2329 peregrini
293 2268 591 2320 advenerunt,
639 2268 841 2311 nonnulli
878 2279 920 2313 et
944 2270 1022 2328 ipsi
1046 2279 1275 2314 venerunt.
1311 2274 1424 2315 Ecce

33 2340 126 2383 haec
154 2339 338 2383 Domino
362 2338 568 2397 loquente
592 2338 716 2381 multi
741 2338 881 2381 Judaei
906 2339 1185 2382 crediderunt
1207 2342 1247 2382 in
1283 2356 1381 2383 eum
1411 2359 1420 2385 z

35 2424 134 2454 ecce
167 2419 210 2452 et
240 2424 309 2452 me
341 2409 550 2468 loquente
585 2408 732 2451 Ariani
773 2408 978 2458 credant,
1017 2425 1105 2453 non
1143 2410 1187 2453 in
1219 2425 1309 2459 me,
1348 2410 1422 2453 sed

34 2493 222 2523 mecum.

82 2569 90 2584 ¹
111 2564 230 2595 Jerem.
249 2572 343 2603 xxm,
360 2561 414 2603 24.
436 2578 478 2584 --
498 2569 509 2584 ²
529 2563 620 2593 Joau.
640 2573 664 2599 1,
688 2572 739 2593 10.
758 2578 799 2584 —-
816 2559 829 2583 3
849 2562 896 2594 Isl.
913 2572 977 2603 viu,
1005 2563 1054 2594 30.
