1825 3214
308 232 350 258 m
383 228 556 258 somnis
587 226 898 263 nvAucssLmM,
932 225 1078 254 rimer.
1116 228 1175 254 xi.
1374 215 1428 254 75

53 299 231 343 lectores
257 294 401 339 soeculi
425 313 432 338 :
463 292 517 338 ad
548 295 717 338 Novum
742 294 1064 335 Testamentum
1084 290 1312 335 dilectores
1331 292 1430 336 vitae

0 398 2 410 ,
53 377 239 412 mierum..
267 365 370 409 Ideo
388 364 457 409 illa
480 363 714 407 Jerusalem
739 362 783 405 in
806 371 934 415 terra,
958 360 1111 426 umbra
1134 370 1226 404 erat
1245 361 1431 406 coelestis

0 429 1 477 ]
52 437 289 483 Jerusalem
318 436 466 480 matris
498 435 693 478 omnium
726 441 950 482 nostrum,
983 446 1082 490 quae
1104 440 1168 474 est
1188 432 1232 474 in
1253 432 1388 476 ευυΙοι
1420 452 1428 478 :

0 525 1 549 1
53 519 96 554 et
118 510 210 553 haec
234 506 427 567 Apostoli
448 506 579 550 verba
597 513 712 549 sunt.
735 506 790 547 Et
811 502 865 547 de
883 504 960 546 ista
983 502 1156 546 civitate
1179 501 1298 546 unde
1314 518 1432 561 pere-

52 580 276 639 grinamur
292 613 303 633 ,
329 577 465 621 multa
494 577 625 620 nostis
645 610 656 630 ,
681 575 818 618 multa
837 575 927 633 jam
958 572 1150 617 audistis.
1185 573 1433 616 Invenimus

53 659 197 695 autem
215 663 305 692 rem
324 649 476 691 miram
499 648 544 690 in
567 647 655 690 istis
674 645 903 705 partubus,
919 643 963 688 id
979 644 1104 687 estin
1127 643 1216 687 istis
1233 641 1431 696 foetibus,

52 721 98 764 in
124 719 212 763 istis
230 718 580 778 generationibus
602 716 837 760 liberarum
859 724 900 759 et
928 713 1184 758 ancillarum
1199 748 1210 768 ‚
1246 722 1435 773 quatuor

52 789 215 834 scilicet
249 803 405 846 genera
432 787 660 830 hominum
682 804 691 830 ε
717 786 758 829 in
782 785 944 845 quibus
967 793 1156 844 quatuor
1179 783 1432 842 generibuS,

0 886 1 889 =
55 859 305 919 completur
327 859 463 916 figura
494 857 630 901 futuri
653 855 805 916 populi
824 855 1071 910 christiani,
1098 864 1148 898 ut
1174 869 1264 898 non
1280 854 1334 898 sit
1351 854 1435 897 mi-

52 945 150 975 rum
188 928 309 990 quod
339 928 488 972 inillis
519 928 658 971 tribus
693 926 860 971 dictum
883 938 974 980 est,
1016 944 1033 965 «
1060 928 1155 984 Ego
1192 940 1288 968 sum
1322 927 1435 969 Deus

55 1019 77 1042 »
113 1000 349 1053 Abrabam,
375 1008 418 1042 et
441 1001 552 1042 Deus
576 1000 709 1050 Isaac,
734 1006 776 1040 et
799 1000 912 1040 Deus
928 996 1105 1040 Jac0b2.
1124 1014 1144 1037 »
1162 998 1211 1039 ln
1233 995 1435 1040 omnibus

52 1071 166 1115 enim
197 1068 472 1122 Christianis,
498 1066 672 1121 fratres,
702 1065 936 1116 intendite,
965 1075 1040 1110 aut
1070 1080 1148 1124 per
1177 1065 1311 1109 malos
1333 1081 1435 1109 nas-

53 1150 214 1186 cuntur
231 1140 352 1194 boni,
369 1148 444 1183 aut
463 1154 540 1198 per
557 1139 695 1182 bonos
712 1147 950 1181 nascuntur
967 1136 1085 1189 mali,
1104 1146 1178 1180 aut
1200 1133 1276 1195 pe‘r
1297 1135 1436 1181 bonos

54 1211 157 1256 boni
175 1245 186 1265 ,
209 1219 284 1254 aut
311 1225 389 1269 per
411 1208 547 1252 malos
569 1207 667 1252 mali
691 1227 700 1253 z
726 1207 909 1267 amplius
940 1207 1028 1251 istis
1051 1215 1240 1266 quatuor
1264 1208 1436 1264 generi-

54 1281 162 1335 buS,
187 1278 431 1339 completur
447 1280 584 1338 figura
608 1277 743 1322 futuri
767 1276 915 1337 populi
932 1277 1181 1331 Christiani,
1206 1285 1256 1320 ut
1278 1292 1366 1321 non
1383 1277 1437 1321 sit

54 1352 213 1396 mirum
235 1349 358 1410 quod
385 1350 430 1393 in
453 1348 536 1392 illis
562 1349 702 1392 tribus
729 1347 895 1392 dictum
917 1356 1014 1392 est:
1043 1365 1064 1389 «
1089 1350 1182 1405 Ego
1203 1362 1300 1392 sum
1322 1350 1436 1392 Deus

56 1439 78 1463 »ι
112 1421 334 1465 Abraham
349 1455 360 1474 ‚
383 1428 427 1463 et
447 1422 560 1463 Deus
584 1422 700 1462 Isaac
718 1453 729 1472 ‚
760 1427 804 1462 et
826 1421 939 1463 Deus
961 1417 1097 1462 Jacob
1111 1418 1143 1461 ³.
1172 1436 1191 1459 »
1219 1420 1271 1462 In
1293 1418 1436 1462 omni-

55 1490 138 1537 bus
167 1491 283 1535 enim
304 1489 558 1535 Christianis
576 1523 587 1543 ,
621 1488 794 1542 fratres,
825 1488 1065 1542 intendite,
1097 1496 1173 1532 aut
1201 1502 1279 1546 per
1298 1487 1436 1532 malos

55 1570 292 1606 nascuntur
324 1560 428 1604 boni
446 1594 457 1614 ,
483 1569 559 1604 aut
579 1575 656 1618 per
679 1560 817 1604 bonos
844 1567 1082 1603 nascuntur
1110 1556 1239 1612 mali,
1263 1566 1339 1602 aut
1359 1573 1436 1617 per

55 1631 192 1679 bonos
209 1631 314 1675 boni
330 1665 341 1685 ,
362 1639 437 1674 aut
458 1645 534 1689 per
555 1629 690 1674 malos
705 1629 831 1674 mali:
852 1628 1037 1688 amplius
1052 1628 1141 1672 istis
1158 1637 1347 1687 quatuor
1361 1644 1435 1686 ge-

54 1702 230 1746 neribus
271 1715 363 1745 non
405 1700 581 1758 potestis
617 1699 826 1744 invenire.
871 1701 979 1752 Quae
1021 1699 1178 1743 iterum
1210 1707 1400 1757 repetam
1421 1733 1433 1754 ,

56 1771 281 1826 advertite,
299 1771 495 1824 retinete,
515 1770 700 1814 excutite
720 1770 850 1814 corda
872 1778 1026 1824 vestra,
1042 1768 1178 1813 nolite
1194 1769 1302 1828 pigri
1319 1784 1432 1814 esse:

30 1841 193 1900 'capite
225 1856 280 1884 ne
296 1840 554 1899 capiamini,
579 1838 802 1898 quomodo
821 1849 1008 1899 quatuor
1032 1855 1192 1898 genera
1219 1849 1322 1883 sunt
1345 1854 1436 1884 om-

55 1912 177 1956 nium
194 1911 554 1956 Christianorum.
575 1912 663 1955 Aut
684 1926 760 1969 per
782 1911 920 1955 bonos
941 1919 1180 1954 nascuntur
1201 1910 1329 1965 boni,
1360 1919 1436 1954 aut

54 1997 132 2042 per
152 1981 287 2027 malos
310 1991 549 2026 nascuntur
579 1981 709 2037 mali,
735 1991 810 2026 aut
830 1997 906 2041 per
929 1982 1066 2026 bonos
1091 1981 1221 2037 mali,
1255 1990 1329 2025 aut
1357 1996 1435 2040 per

54 2053 190 2097 malos
212 2052 331 2096 boni.
359 2055 470 2096 Puto
491 2052 593 2111 quia
614 2051 795 2111 planum
813 2060 891 2096 est.
919 2055 999 2096 Per
1015 2052 1154 2096 bonos
1171 2051 1276 2096 boni
1301 2070 1311 2095 ε
1337 2051 1371 2095 si
1392 2060 1436 2096 et

55 2123 131 2183 qui
154 2123 400 2181 baptizant,
426 2122 530 2169 boni
551 2131 680 2180 sunt3
708 2133 752 2167 et
779 2124 855 2182 qui
879 2123 1179 2182 baptizantur,
1201 2131 1317 2167 recte
1336 2137 1434 2166 cre-

55 2192 182 2246 dunt,
204 2201 247 2236 et
267 2192 310 2235 in
331 2192 535 2235 membris
557 2192 714 2236 Christi
737 2201 853 2237 recte
876 2201 1176 2236 numerantur.
1195 2195 1277 2236 Per
1299 2192 1435 2236 malos

55 2261 158 2305 mali
176 2280 185 2305 :
209 2261 244 2305 si
261 2269 304 2305 et
325 2261 402 2320 qui
425 2261 644 2320 baptizant
662 2295 672 2316 ‚
700 2261 801 2306 mali
822 2271 951 2319 sunt3
970 2271 1013 2306 et
1034 2262 1111 2322 qui
1129 2262 1406 2320 baptizantur
1420 2297 1431 2317 ,

55 2330 218 2390 duplici
240 2331 369 2376 corde
391 2331 680 2376 accedunt‘ad
706 2324 933 2387 Deumjet
955 2348 1044 2376 non
1068 2342 1218 2378 tenent
1242 2348 1314 2378 eos
1338 2347 1434 2378 mo-

56 2416 121 2444 res
149 2401 465 2467 quos'audiunt
487 2401 531 2444 in
554 2401 744 2446 Ecclesia
759 2436 770 2455 ,
803 2411 853 2446 ut
879 2418 969 2447 non
990 2403 1050 2447 ibi
1076 2405 1162 2448 sint
1184 2403 1305 2462 palea
1324 2438 1335 2457 ,
1361 2402 1433 2446 sed

57 2470 340 2515 frumentum.
361 2474 502 2524 Quam
519 2472 633 2516 enim
656 2470 781 2517 multi
794 2473 896 2529 sint,
912 2474 1032 2518 novit
1049 2474 1244 2519 Charitas
1266 2476 1429 2517 Vestra.

103 2563 109 2579 ³
133 2556 199 2588 Gal.
216 2567 263 2596 iv,
282 2556 335 2588 26.
355 2573 391 2579 --
415 2564 427 2579 ²
448 2557 543 2588 Exod.
565 2568 618 2597 ιιι,
636 2556 669 2588 6.
698 2573 737 2579 -
760 2555 772 2580 3
794 2557 881 2591 lbid.
