1825 3214
312 232 352 257 ιΝ
388 229 560 256 JOAMsss
593 227 902 263 mummium,
938 226 1083 254 TRACT.
1120 228 1211 254 xix.
1368 216 1447 254 187

68 295 336 354 conspexerit
354 316 364 350 3
385 308 482 338 cum
501 297 625 337 Pater
641 291 747 335 nibil
767 292 845 334 nisi
865 306 939 350 per
957 292 1113 334 Filium
1132 292 1295 336 feeerit.
1316 310 1335 334 «
1352 293 1450 335 Om-

74 388 90 408 »
127 368 195 410 nia
221 367 334 409 enim
358 381 431 424 per
447 366 588 424 ipsum
616 365 729 407 saeta
752 372 879 417 sunt,
906 372 949 406 et
975 362 1065 405 sine
1088 363 1179 420 ipso
1203 363 1363 406 sactum
1388 372 1451 407 est

71 456 92 480 »
127 438 304 481 nibi12.»
321 440 415 482 Non
431 446 574 480 tamen
590 434 848 494 explicatum
865 433 1029 492 aliquid
1044 433 1229 476 diximus
1242 452 1250 477 :
1262 433 1336 476 sed
1350 435 1450 493 quia

67 524 147 553 nec
171 507 432 567 explicatum
472 505 638 565 aliquid
671 504 976 549 intelleximus.
1015 503 1265 563 Aliquando
1289 505 1450 563 quippe

67 595 207 624 sermo
251 578 395 622 deficit
418 614 428 631 ‚
468 578 543 620 ubi
579 577 708 621 etiam
755 574 1001 620 intellectus
1038 575 1209 634 proficit
1238 593 1246 618 :
1286 585 1450 634 quanto

68 650 202 708 magis
216 664 356 693 sermo
375 649 537 708 patitur
559 647 866 700 defectionem,
891 646 1069 706 quando
1091 644 1337 689 intellectus
1363 661 1450 689 non

67 722 199 766 habet
234 721 544 780 perfectionem
563 722 580 760 ⁴?
618 722 743 764 Nunc
780 719 949 778 itaque,
987 726 1201 776 quantum
1242 716 1451 761 Dominus

67 792 202 837 donat
221 827 230 845 ,
278 792 464 836 breviter
507 805 810 850 percurramus
852 788 1106 843 lectionem,
1141 797 1184 832 et
1220 787 1289 832 vel
1323 787 1452 832 hodic

66 863 313 921 expleamus
334 862 532 905 debitum
562 875 763 920 pensum.
793 860 834 904 Si
853 859 960 918 quid
983 858 1094 902 forte
1116 858 1368 902 remanserit
1382 858 1450 903 vel

65 932 270 991 temporis
289 932 357 975 vel
378 932 551 985 virium,
568 931 912 983 retractabimus,
934 929 966 973 si
990 928 1275 988 potuerimus,
1292 931 1452 987 (quan-

66 1012 161 1048 tum
184 1012 226 1046 et
255 1019 278 1047 a
301 1002 426 1046 nobis
458 1010 501 1046 et
529 1002 646 1060 apud
678 1017 753 1045 vos
777 1001 867 1044 fieri
891 1009 1054 1060 potest,
1071 1002 1087 1057 )
1104 998 1210 1059 quid
1230 999 1286 1043 sit
1304 998 1451 1043 videre

65 1072 221 1127 Verbi,
246 1071 354 1131 quid
376 1071 664 1115 demonstrari
686 1070 845 1114 Verbo.
865 1071 1021 1114 Omnia
1038 1070 1201 1129 quippe
1218 1068 1332 1112 dicta
1350 1079 1452 1113 sunt

65 1144 151 1197 hic,
166 1158 266 1203 quae
282 1143 315 1186 si
333 1141 633 1200 intelligantur
649 1139 890 1186 seeundum
910 1141 1150 1184 humanum
1174 1154 1347 1183 sensum
1361 1154 1452 1184 car-

65 1214 241 1266 naliter,
265 1212 373 1257 nihil
396 1211 514 1256 aliud
533 1212 656 1257 nobis
680 1211 782 1256 facit
805 1212 944 1254 anima
966 1210 1092 1270 plena
1111 1211 1422 1269 phantasmatis
1437 1245 1448 1266 ‚

64 1285 144 1329 nisi
168 1284 379 1345 quasdam
401 1284 607 1341 imagines
632 1281 755 1326 velut
776 1280 965 1325 duorum
998 1280 1226 1324 hominum
1256 1281 1392 1324 Patris
1409 1289 1452 1324 et

65 1355 165 1400 Filii
182 1390 193 1409 ‚
220 1355 348 1399 unius
365 1353 658 1408 ostendentis,
685 1352 860 1396 alterius
880 1351 1068 1396 videntis
1085 1372 1096 1409 3
1119 1351 1248 1395 unius
1266 1350 1450 1411 loquen-

65 1425 146 1480 tis,
164 1425 340 1469 alteiius
363 1423 605 1468 audientis:
631 1438 729 1483 quae
747 1422 892 1467 omnia
915 1421 1030 1466 idola
1047 1422 1188 1466 cordis
1205 1431 1332 1466 sunt:
1350 1437 1449 1481 quae

64 1496 98 1540 si
120 1497 210 1556 Jam
245 1495 410 1555 deJ'ecta
435 1504 536 1538 sunt
571 1494 626 1538 de
648 1493 818 1553 templis
840 1494 950 1548 suis,
975 1502 1141 1554 quanto
1162 1494 1298 1552 magis
1337 1491 1448 1553 deji-

63 1566 219 1611 cienda
238 1575 340 1610 sunt
361 1565 415 1609 de
436 1565 685 1624 pectoribus
707 1564 976 1609 christianis?

124 1639 180 1680 lI
207 1655 227 1678 «
246 1638 343 1680 Non
363 1644 527 1694 potest,
553 1635 718 1694 inquit,
750 1633 886 1678 Filius
907 1650 930 1678 a
948 1648 992 1677 se
1015 1632 1155 1678 faeere
1173 1631 1415 1693 quidquam
1433 1668 1445 1689 ,

66 1723 86 1748 υ
122 1706 204 1750 nisi
224 1705 345 1766 quod
360 1704 517 1750 viderit
539 1708 709 1749 Patrem
727 1702 958 1748 facientem
972 1705 1004 1747 ².
1029 1722 1048 1745 »
1078 1706 1240 1748 Verum
1266 1712 1330 1748 est
1346 1705 1445 1758 hoc,

64 1785 208 1822 tenete
221 1777 305 1820 hoc
318 1796 326 1821 ;
340 1776 447 1820 dum
463 1785 606 1820 tamen
626 1790 715 1819 non
728 1775 932 1819 amittatis
953 1775 1074 1834 quod
1090 1775 1134 1818 in
1156 1774 1288 1833 ipsius
1305 1776 1449 1819 Evan-

65 1846 165 1906 gelii
187 1847 362 1891 exordio
387 1846 602 1900 tenuistis,
628 1845 729 1905 quia
755 1864 776 1888 «
801 1847 853 1889 In
880 1846 1093 1904 principio
1115 1855 1205 1890 erat
1226 1845 1444 1901 Verbum,

67 1935 88 1958 »
123 1925 167 1960 et
180 1917 376 1960 Verbum
397 1925 489 1960 erat
511 1915 629 1974 apud
651 1918 789 1960 Deum
805 1949 816 1970 ‚
842 1924 886 1960 et
910 1918 1022 1959 Deus
1043 1925 1135 1960 erat
1152 1915 1371 1960 Verbum³
1389 1935 1398 1961 ε
1424 1934 1444 1958 »

64 1995 108 2030 et
120 1987 338 2045 praecipue
355 1986 455 2046 quia
471 1986 656 2029 «Omnia
670 2000 747 2044 per
759 1985 900 2044 ipsum
915 1983 1027 2030 sacta
1039 1994 1155 2030 sunt.
1165 1985 1321 2039 »Quod
1334 2001 1449 2030 nunc

65 2057 179 2100 enim
203 2056 403 2111 audistis,
433 2056 686 2116 conjungite
705 2056 768 2100 illi
791 2056 990 2112 auditui,
1020 2066 1063 2100 et
1084 2065 1323 2117 utrumque
1344 2073 1450 2101 con-

65 2126 216 2171 cordet
236 2127 282 2170 in
309 2126 514 2171 cordibus
539 2127 702 2170 vestris.
731 2127 800 2171 Sic
829 2127 975 2187 itaque
1002 2146 1020 2168 «
1045 2129 1142 2172 Non
1158 2136 1298 2186 potest
1316 2127 1451 2172 Filius

70 2214 90 2237 »
125 2211 147 2240 a
165 2211 209 2240 se
232 2196 371 2240 facere
394 2195 636 2256 quidquam
653 2230 664 2251 ,
690 2196 770 2240 nisi
791 2196 911 2256 quod
933 2196 1091 2241 viderit
1103 2200 1273 2241 Patrem
1288 2196 1454 2242 facien*

69 2282 91 2307 »
126 2275 211 2310 tem
228 2301 240 2320 ,
269 2285 288 2307 »
309 2275 360 2309 ut
380 2275 525 2310 tamen
559 2269 684 2310 Pater
701 2280 750 2309 ea
771 2282 870 2326 quae
890 2264 994 2311 facit
1013 2282 1102 2311 non
1123 2266 1253 2312 faeiat
1275 2267 1355 2311 nisi
1376 2282 1452 2327 per

67 2334 247 2390 Filium,
272 2336 373 2394 quia
407 2336 541 2380 Filius
576 2344 640 2380 est
666 2336 757 2395 ejus
779 2337 973 2380 Verbum
1001 2355 1009 2382 :
1040 2356 1060 2378 «
1084 2340 1141 2381 Et
1171 2338 1216 2381 in
1240 2337 1451 2396 principio

67 2423 88 2447 »
123 2414 214 2450 erat
235 2407 446 2464 Verbum,
461 2416 505 2450 et
526 2406 724 2450 Verbum
743 2415 834 2450 erat
854 2406 972 2466 apud
990 2410 1145 2463 Deum,
1161 2418 1204 2452 et
1226 2411 1338 2452 Deus
1361 2418 1452 2452 erat

68 2493 88 2516 »
125 2476 340 2532 Verbum,
371 2486 414 2521 et
442 2477 588 2522 omnia
611 2492 687 2536 per
708 2478 851 2536 ipsum
871 2476 985 2522 facta
1003 2487 1120 2523 sunt.
1146 2481 1448 2538 Quaecumque

114 2566 121 2581 ¹
143 2561 235 2591 Joan.
255 2571 278 2600 1,
300 2561 328 2592 3.
352 2577 392 2583 —
413 2562 539 2601 21d.v,
563 2572 613 2603 19.
629 2578 669 2583 —
691 2559 703 2584 3
727 2561 818 2602 Id.1‚
844 2573 874 2599 1,
893 2566 957 2594 etc.
