1809 3173
363 198 447 236 350
787 205 820 235 s.
857 206 1085 237 Aucus‘rml
1119 210 1299 238 Epist-,om

364 292 384 314 »
419 273 465 316 in
481 272 580 317 sinu
593 272 745 328 Patris,
762 272 851 333 ipse
870 274 1079 319 narravit¹
1099 294 1107 320 :
1127 293 1147 317 »
1166 285 1253 330 et‚«
1271 279 1441 320 Patrem
1460 292 1549 321 non
1566 292 1742 337 cognos-

359 360 379 384 »
415 343 474 387 cit
497 342 579 387 nisi
597 342 748 398 Filius,
765 353 809 388 et
832 344 903 389 cui
929 344 1115 389 voluerit
1133 345 1267 390 Filius
1291 345 1483 391 revelare
1508 349 1541 390 ².
1572 365 1591 388 n

417 415 492 457 IV.
513 413 709 474 Denique
731 430 831 458 cum
850 414 1048 469 dixisset,
1076 433 1095 456 «
1133 415 1217 459 Sed
1255 425 1317 460 est
1355 432 1481 461 verus
1515 417 1590 476 qui
1629 418 1743 462 misit

359 502 379 525 »
416 499 499 539 me,
524 499 657 544 quem
679 500 754 529 vos
790 485 989 542 nescitis3
1018 503 1037 525 »
1064 493 1114 528 ut
1135 485 1386 531 ostenderet
1418 487 1476 531 eis
1499 488 1617 531 unde
1640 503 1741 547 pos-

355 563 451 599 sent
483 555 588 599 scire
609 554 729 615 quod
753 554 1004 598 nesciebant
1021 589 1032 609 ‚
1051 555 1234 615 subjecit
1249 590 1259 610 ‚
1290 574 1309 598 «
1327 559 1422 615 Ego
1439 558 1527 602 scio
1545 573 1646 601 eum
1660 560 1692 602 ³.
1717 576 1738 599 »

353 628 469 685 Ergo
484 641 507 670 a
524 641 593 669 me
613 625 811 686 quaerite,
829 634 878 669 ut
891 625 1033 669 sciatis
1049 641 1164 670 eum.
1187 629 1331 679 Quare
1346 637 1491 672 autem
1510 629 1596 673 scio
1611 631 1742 673 eum?

358 716 377 739 «
412 698 519 751 Quia
535 697 588 741 ab
611 697 704 756 ipso
722 712 834 750 sum,
860 705 902 740 et
920 698 1009 756 ipse
1031 713 1101 741 me
1120 697 1250 742 misit.
1276 717 1295 740 »
1323 699 1553 758 Magnifice
1575 709 1744 744 utrum-

352 783 438 828 que
459 767 730 812 monstravit.
760 786 780 809 ι(
805 767 872 811 Ab
890 768 998 827 ipso,
1024 768 1192 828 inquit,
1218 784 1336 826 sum3
1357 787 1376 810 »
1407 770 1508 829 quia
1530 770 1664 815 Filius
1686 771 1741 814 de

352 841 495 892 Patre,
524 847 568 881 et
589 837 807 897 quidquid
827 847 890 882 est
910 838 1044 882 Filius
1062 874 1071 893 ‚
1099 839 1153 882 de
1175 838 1252 883 illo
1275 848 1339 883 est
1358 841 1425 900 cuj
1435 856 1482 884 us
1496 850 1560 884 est
1584 840 1736 885 Filius.

351 908 455 952 Ideo
477 908 712 953 Dominum
728 911 752 952 J
756 924 876 952 esum
897 908 1081 953 dicimus
1098 912 1237 953 Deum
1251 909 1305 953 de
1324 913 1413 954 Deo
1433 932 1443 968 3
1462 914 1631 954 Patrem
1648 927 1738 955 non

350 980 534 1025 dicimus
568 983 707 1024 Deum
730 981 784 1024 de
816 984 930 1036 Deo,
967 980 1043 1025 sed
1076 990 1247 1025 tantum
1271 984 1411 1026 Deum
1440 998 1449 1023 ι
1483 992 1525 1026 et
1555 982 1738 1027 dicimus

349 1051 585 1096 Dominum
608 1053 757 1096 ,lesum
778 1050 929 1095 lumen
947 1050 1000 1095 de
1017 1050 1183 1095 lumine
1206 1073 1217 1109 3
1242 1055 1414 1096 Patrem
1438 1068 1527 1096 non
1555 1052 1740 1097 dicimus

347 1120 497 1166 lumen
525 1121 579 1166 de
600 1120 765 1165 lumine
783 1157 793 1176 ,
819 1122 895 1165 sed
916 1131 1087 1165 tantum
1115 1122 1281 1165 lumen.
1304 1122 1371 1166 Ad
1397 1124 1482 1166 hoc
1512 1139 1615 1181 ergo
1636 1139 1740 1182 per-

349 1194 472 1249 tinet,
498 1192 618 1254 quod
649 1192 770 1247 dixit,
806 1212 826 1235 «
851 1193 918 1237 Ab
944 1193 1041 1252 ipso
1059 1208 1170 1237 sum.
1202 1211 1222 1234 »
1245 1193 1373 1246 Quod
1409 1204 1555 1238 autem
1582 1194 1738 1239 videtis

347 1281 417 1309 me
439 1265 484 1308 in
515 1280 658 1319 carne,
689 1284 709 1307 «
736 1267 832 1323 Ipse
854 1280 923 1308 me
945 1264 1072 1308 misit.
1098 1283 1116 1306 η
1142 1265 1224 1308 Ubi
1248 1264 1377 1308 audis
1397 1284 1417 1306 «
1439 1266 1529 1324 ipse
1560 1280 1631 1308 me
1652 1265 1738 1309 mi-

349 1354 370 1377 »
404 1337 481 1391 sit,
521 1355 541 1377 »
579 1335 669 1380 noli
715 1334 958 1394 intelligere
1003 1345 1170 1380 naturae
1204 1334 1624 1392 dissimilitudinem,
1663 1335 1737 1380 sed

307 1431 314 1435 -
347 1407 592 1466 generantis
613 1405 936 1451 auctoritatem.

404 1481 458 1522 V.
484 1498 504 1520 «
523 1478 790 1532 Quaerebant
806 1492 909 1536 ergo
927 1492 1026 1520 eum
1046 1475 1388 1536 apprehendere,
1410 1485 1453 1520 et
1471 1492 1600 1521 nemo
1618 1477 1736 1522 misit

348 1569 381 1594 »7
403 1550 448 1594 in
468 1549 593 1594 illum
609 1565 775 1603 manus,
793 1548 894 1609 quia
909 1550 1106 1592 nondum
1122 1556 1299 1591 venerat
1318 1548 1423 1591 hora
1442 1549 1561 1607 ejus‘*
1582 1567 1590 1593 :
1614 1567 1633 1590 »
1652 1549 1735 1593 hoc

345 1632 408 1667 est
423 1657 434 1677 ‚
472 1622 574 1683 quia
605 1621 797 1666 nolebat.
830 1620 946 1673 Quid
983 1629 1045 1664 est
1081 1619 1195 1662 enim
1212 1653 1223 1673 ‚
1261 1638 1280 1661 «
1312 1618 1516 1664 Nondum
1557 1628 1735 1663 venerat

346 1711 367 1735 »
403 1694 511 1737 hora
532 1693 678 1752 ejus‘3»
693 1694 791 1737 Non
812 1691 929 1734 enim
952 1690 1162 1735 Dominus
1184 1690 1265 1734 sub
1284 1689 1377 1734 fato
1400 1699 1525 1734 natus
1543 1699 1620 1734 est.
1642 1693 1734 1734 Hoc

344 1778 423 1808 nec
445 1763 499 1807 de
523 1772 564 1807 te
586 1761 856 1806 credendum
889 1771 951 1805 est
967 1796 978 1815 ,
1004 1760 1168 1804 nedum
1191 1761 1246 1804 de
1276 1760 1351 1804 ilio
1374 1776 1451 1819 per
1478 1775 1609 1820 quem
1638 1759 1733 1805 fac-

343 1843 413 1878 tus
435 1849 479 1878 es
496 1835 513 1875 ‘3
531 1834 572 1878 Si
601 1842 677 1877 tua
694 1833 799 1876 hora
819 1831 1021 1875 voluntas
1042 1839 1105 1874 est
1127 1830 1242 1875 illius
1260 1866 1271 1886 ‚
1296 1830 1412 1875 illius
1428 1832 1534 1874 hora
1552 1847 1651 1890 quae
1669 1841 1733 1876 est

344 1905 426 1950 nisi
443 1904 644 1951 voluntas
673 1905 779 1947 sua?
801 1905 898 1947 Non
919 1917 1022 1960 ergo
1056 1903 1207 1945 horam
1243 1901 1351 1945 dixit
1384 1919 1470 1961 qua
1504 1913 1732 1961 cogeretur

344 1977 482 2032 mori,
508 1975 584 2021 sed
611 1991 697 2036 qua
729 1973 984 2033 dignaretur
1005 1972 1157 2017 occidi.
1181 1976 1368 2032 Tempus
1397 1973 1511 2017 enim
1531 1983 1732 2033 expecta-

343 2048 420 2093 bat
440 2064 529 2108 quo
559 2055 828 2101 moreretur,
853 2045 955 2105 quia
982 2053 1024 2088 et
1052 2053 1223 2103 tempus
1246 2045 1491 2103 expectavit
1522 2060 1610 2104 quo
1638 2061 1730 2089 nas·

342 2129 526 2164 ceretur.
554 2122 614 2163 De
635 2118 719 2163 hoc
746 2126 941 2175 tempore
963 2114 1197 2174 Apostolus
1219 2113 1400 2174 loquens
1418 2149 1428 2169 ‚
1449 2115 1508 2158 ait
1534 2133 1543 2159 :
1572 2133 1591 2156 «
1615 2117 1728 2159 Cum

344 2208 365 2232 »
401 2199 547 2235 autem
580 2190 699 2235 venit
738 2185 967 2248 plenitudo
1001 2186 1206 2245 temporis
1222 2220 1232 2240 ,
1267 2185 1384 2229 misit
1415 2189 1529 2229 Deus
1567 2185 1727 2229 Filium

343 2279 364 2302 »
399 2276 527 2305 suum
541 2261 571 2304 ⁵.
601 2278 621 2301 »
656 2259 761 2304 Ideo
798 2257 926 2301 multi
958 2256 1111 2301 dicunt
1125 2291 1136 2311 ‚
1172 2258 1315 2309 Quare
1350 2271 1440 2300 non
1476 2265 1577 2300 ante
1609 2257 1726 2300 venit

338 2332 535 2379 Christus
548 2333 565 2376 P
578 2331 748 2385 Quibus
761 2327 1113 2389 respondendum
1126 2336 1203 2381 est⁷
1219 2328 1319 2387 quia
1336 2328 1533 2371 nondum
1547 2336 1725 2372 venerat

387 2438 396 2454 ¹
416 2434 509 2464 Joan.
529 2442 553 2472 1,
577 2430 628 2463 18.
656 2445 698 2452 --
720 2435 733 2452 ²
752 2428 873 2461 Matth.
902 2438 949 2468 xi,
969 2436 1023 2468 27.
1043 2442 1086 2449 —
1106 2424 1224 2457 3Joan.
1242 2436 1298 2466 vn,
1317 2433 1372 2467 29.
1400 2441 1439 2447 —
1464 2423 1479 2454 4
1498 2424 1578 2457 Ibid.
1602 2425 1654 2457 30.
1681 2440 1722 2447 —

339 2487 354 2513 ⁵
373 2488 473 2523 Galat.
493 2499 540 2530 iv,
561 2486 595 2529 4.
