1825 3214
293 224 333 250 m
368 223 540 251 sommis
573 221 881 262 ιενΑΝαΕιιυΜ,
916 228 1061 255 rimer.
1101 230 1199 256 ,xi-11.
1347 220 1426 258 243

51 286 122 330 nal
144 286 333 332 Christi?
360 292 447 333 Aut
468 288 498 333 si
524 288 578 333 ad
599 289 811 349 judicium
838 306 924 335 non
947 293 1084 347 venit,
1115 295 1189 354 qui
1213 295 1266 340 ad
1291 296 1430 342 tribu-

50 355 121 401 nal
148 357 375 402 exhibetur
394 380 404 415 3
429 361 571 403 nescio
593 359 813 420 quomodo
836 360 1086 420 intelligam.

107 429 161 472 V.
188 429 365 474 Revelat
391 444 491 489 ergo
515 431 722 475 Dominus
743 433 858 476 Deus
887 442 1051 488 noster,
1073 443 1115 477 ct
1138 449 1212 493 per
1237 438 1432 497 Scriptu-

50 512 114 542 ras
136 513 232 543 suas
247 498 452 545 admonet
475 516 572 556 nos,
598 501 818 562 quomodo
835 502 1116 562 intelligatur,
1135 507 1312 565 quando
1329 508 1434 553 dici-

48 577 118 611 tur
136 568 368 629 judicium.
394 573 553 615 Hortor
576 587 679 630 ergo
701 581 749 617 ut
773 573 1020 618 attendatis.
1047 574 1430 639 Aliquandojudi-

49 637 164 682 cium
203 654 330 698 poena
366 640 525 685 dicitur
558 661 566 686 :
600 642 835 702 aliquando
867 644 1082 703 judicium
1121 645 1432 695 discriminatio

48 707 220 753 dicitur.
258 712 506 755 Secundum
544 711 668 756 illum
707 714 886 758 modum
924 732 1012 776 quo
1043 715 1432 778 diciturjudicium

48 777 378 834 discriminatio,
405 791 575 842 oportet
597 798 675 827 nos
706 799 854 829 omnes
883 786 1075 831 exhiberi
1108 798 1208 832 ante
1242 790 1434 835 tribunal

47 849 228 906 Christi,
248 862 296 896 ut
318 851 404 896 illic
428 853 604 912 recipiat
625 854 757 899 homo
782 872 881 916 quae
905 872 979 916 per
1001 873 1157 919 corpus
1181 861 1324 919 gessit,
1345 862 1433 907 sive

48 920 214 965 bonum
230 923 318 967 sive
340 923 502 967 malum
525 944 532 968 :
555 924 645 983 ipsa
668 935 730 970 cst
748 926 861 970 enim
882 927 1218 986 discriminatio,
1241 942 1290 978 ut
1310 933 1434 979 bonis

48 990 185 1047 bona,
211 992 331 1037 malis
355 994 464 1038 mala
488 994 820 1040 distribuantur.
847 1001 954 1042 Nam
978 1000 1010 1043 si
1028 1001 1243 1060 judicium
1266 1019 1435 1064 semper

47 1061 91 1105 in
128 1062 244 1107 malo
283 1065 574 1124 acciperetur,
610 1082 698 1110 non
731 1066 895 1112 diceret
929 1069 1148 1125 Psalmus,
1176 1073 1330 1118 Judica
1366 1090 1435 1119 me

49 1136 175 1178 Deus.
201 1135 335 1179 Audit
364 1135 475 1180 sorte
504 1136 656 1197 aliquis
683 1137 926 1195 dicentem,
953 1140 1108 1186 Judica
1131 1158 1199 1186 me
1225 1147 1337 1189 Deus
1355 1181 1366 1201 ,
1391 1156 1435 1190 et

47 1203 227 1248 miratur
244 1207 271 1249 ¹.
296 1206 412 1251 Solet
434 1207 550 1251 enim
579 1208 711 1253 homo
743 1208 885 1253 dicere
901 1246 911 1265 ,
937 1212 1135 1268 Ignoscat
1158 1214 1263 1257 mihi
1288 1219 1431 1272 Deus,

48 1278 178 1320 Parce
196 1276 301 1320 mihi
326 1280 464 1322 Deus:
485 1279 581 1339 quis
603 1288 666 1323 est
687 1280 762 1340 qui
783 1280 897 1324 dicat
912 1315 925 1336 ,
949 1281 1104 1326 Judica
1122 1299 1192 1327 me
1217 1288 1355 1330 Deus?
1378 1289 1434 1332 Et

45 1345 280 1406 aliquando
303 1348 346 1392 in
376 1348 544 1394 Psalmo
566 1365 712 1394 versus
734 1351 824 1410 ipse
844 1351 896 1409 ¹in
925 1351 1207 1412 diapsalmate
1227 1358 1405 1415 ponitur
1420 1393 1431 1414 ,

44 1417 119 1474 qui
149 1418 395 1476 praebeatur
423 1435 444 1463 a
467 1419 650 1476 lectore,
682 1429 725 1465 et
747 1423 1060 1480 respondeatur
1082 1440 1103 1468 a
1128 1425 1304 1485 populo.
1332 1430 1430 1473 Non

42 1486 285 1534 fortealicui
308 1505 382 1534 eor
403 1492 659 1550 percutitur,
685 1501 728 1537 et
750 1493 873 1537 timet
890 1503 1064 1538 cantare
1085 1498 1172 1540 Deo
1190 1507 1233 1541 et
1250 1498 1417 1556 dicere,

43 1557 195 1604 Judica
218 1575 287 1604 me
309 1563 449 1605 Deus?
471 1564 526 1605 Et
553 1572 697 1606 tamen
726 1572 871 1608 cantat
899 1564 1086 1624 populus
1114 1566 1318 1625 credens,
1350 1586 1430 1616 nec

41 1637 167 1687 putat
183 1644 227 1674 se
252 1630 364 1674 male
387 1641 536 1691 optare
558 1633 679 1693 quod
701 1633 854 1678 didicit
876 1651 899 1678 a
922 1634 1068 1680 divina
1091 1637 1277 1684 lectione
1300 1660 1308 1685 :
1329 1651 1372 1686 et
1394 1643 1429 1686 si

41 1714 194 1757 parum
212 1700 439 1760 intelligit,
460 1701 597 1746 credit
620 1703 783 1764 aliquid
810 1705 912 1748 boni
932 1721 1021 1750 esse
1043 1708 1162 1767 quod
1185 1721 1345 1756 cantat.
1373 1716 1429 1758 Et

41 1778 184 1814 tamen
216 1780 258 1814 et
290 1772 379 1830 ipse
411 1772 604 1817 Psalmus
634 1789 723 1818 non
754 1774 914 1820 dimisit
942 1777 1162 1823 hominem
1185 1781 1277 1825 sine
1298 1782 1429 1828 intel-

37 1838 169 1884 lectu.
197 1843 377 1886 Secutus
398 1844 513 1886 enim
530 1878 541 1896 ,
573 1844 716 1888 verbis
745 1846 1051 1904 posterioribus
1083 1851 1273 1896 ostendit
1295 1855 1425 1914 quale

32 1911 247 1970 judicium
277 1912 467 1972 diceret,
489 1915 592 1974 quia
613 1930 703 1960 non
730 1925 794 1960 est
822 1917 1135 1976 damnationis,
1159 1924 1235 1967 sed
1259 1924 1422 1972 disere.-

35 1981 177 2026 tionis.
210 1984 282 2028 Ait
311 1985 426 2028 enim
444 2019 455 2039 ,
485 1985 641 2030 Judica
670 2001 739 2030 me
768 1989 895 2032 Deus.
922 1990 1039 2042 Quid
1053 2001 1148 2048 est,
1174 1995 1330 2041 Judica
1351 2013 1421 2042 me

33 2053 177 2097 Deus?¹
207 2057 265 2098 Et
296 2054 491 2099 discerne
522 2070 692 2101 causam
724 2071 863 2101 meam
898 2074 922 2102 a
951 2070 1079 2119 gente
1117 2078 1206 2108 non
1249 2076 1412 2113 sancta.

33 2125 149 2182 Ergo
169 2127 410 2169 secundum
441 2126 522 2170 hoc
550 2126 765 2187 judicium
804 2129 1092 2188 discretionis,
1131 2147 1302 2195 oportet
1337 2155 1416 2185 nos

32 2208 181 2239 omnes
203 2189 516 2240 exhibersante
538 2197 730 2241 tribunal
744 2199 916 2244 Christi.
940 2203 1186 2249 Secundum
1197 2207 1414 2267 judicium

31 2272 175 2308 autem
191 2265 500 2321 damnationis,
525 2285 545 2309 «
562 2268 643 2320 Qui
661 2267 783 2312 audit
798 2270 929 2315 verba
948 2287 1041 2316 mea
1053 2308 1063 2327 ,
1084 2274 1242 2336 inquit,
1262 2287 1305 2322 et
1322 2295 1414 2324 cre-

32 2350 52 2375 »
88 2333 147 2378 dit
169 2335 207 2379 ei
234 2336 310 2396 qui
332 2336 446 2380 misit
467 2351 536 2380 me
553 2371 563 2390 ,
589 2337 723 2381 habet
750 2338 880 2383 vitam
902 2350 1106 2386 aeternam
1125 2380 1135 2398 ,
1162 2355 1204 2389 et
1225 2347 1267 2390 in
1284 2349 1407 2409 judi-

27 2403 143 2447 cium
164 2419 252 2448 non
276 2406 438 2458 veniet,
463 2405 536 2449 sed
560 2407 786 2451 transitum
812 2406 914 2467 facit
936 2427 957 2454 a
981 2422 1120 2456 morte
1138 2416 1190 2458 ad
1209 2417 1356 2463 vitam.
1384 2440 1401 2460 »

26 2473 141 2527 Quid
175 2484 265 2530 est,
293 2495 312 2518 α
332 2476 377 2519 in
401 2475 614 2536 judicium
647 2493 737 2522 non
768 2481 910 2524 veniet
924 2483 942 2521 ’ἔ
962 2499 980 2522 »
1005 2483 1049 2526 in
1082 2483 1403 2532 damnationem

75 2563 83 2581 ¹
105 2559 184 2592 Psal.
209 2570 269 2600 ui,
292 2571 322 2592 1.

1203 2625 1259 2660 iul
