1809 3173
386 166 467 206 264
810 178 842 204 ε.
880 176 1106 204 AUGUSTINJ
1141 177 1317 204 Eriscom

383 253 461 296 est,
483 242 584 301 quia
604 240 883 300 Evangelium
904 241 1114 300 loquitur,
1146 261 1164 282 «
1192 244 1302 286 Deus
1318 242 1491 300 spiritus
1515 246 1618 287 est¹,
1645 262 1662 284 n
1682 244 1766 290 Sed.

385 313 518 357 transi
548 328 722 357 omnem
752 312 1006 356 mutabilem
1040 313 1235 371 spiritum
1259 348 1269 368 ,
1305 313 1436 357 transi
1464 314 1664 372 spiritum
1690 316 1766 375 qui

380 384 513 430 modo
531 384 625 439 seit,
656 384 788 428 modo
810 384 968 438 nescit,
994 383 1126 427 modo
1158 384 1382 439 meminit,
1410 393 1452 428 et
1475 384 1764 444 obliviscitur,

380 455 478 502 vult
500 455 619 516 quod
640 455 833 510 nolebat,
854 470 943 498 non
966 454 1061 498 vult
1090 455 1209 513 quod
1232 454 1406 499 volebat
1425 474 1433 500 ε
1470 455 1558 500 sive
1580 458 1767 515 patiatur

374 530 465 589 jam
488 528 587 572 istas
624 527 953 579 mutabilitates,
980 526 1067 569 sive
1090 525 1178 584 pati
1200 526 1332 584 possit
1359 546 1366 569 2
1393 527 1523 570 transi
1554 528 1647 571 haec
1670 543 1766 573 om·-

378 600 466 644 nia.
492 601 590 644 Non
610 598 775 642 invenis
798 598 842 640 in
859 599 946 641 Deo
969 595 1133 656 aliquid
1157 595 1474 652 mutabilitatis,
1495 612 1583 641 non
1601 597 1768 658 aliquid

377 669 498 731 quod
526 668 648 713 aliter
670 684 787 712 nunc
822 668 903 722 sit,
935 667 1059 711 aliter
1082 666 1212 725 paulo
1253 676 1352 711 ante
1388 666 1532 712 fuerit.
1559 671 1667 713 Nam
1690 670 1766 713 ubi

375 741 540 787 invenis
560 739 683 783 aliter
705 749 748 783 et
769 739 908 793 aliter,
937 737 1049 782 faeta
1072 747 1135 781 est
1163 738 1224 781 ibi
1246 737 1447 797 quoedam
1477 754 1592 783 mors
1618 759 1626 784 ε
1650 755 1766 785 mors

377 812 492 856 enim
511 820 589 865 est,
610 826 699 854 non
725 825 814 853 esse
843 810 964 869 quod
995 808 1092 852 fuit.
1123 808 1383 852 Immortalis
1407 808 1567 854 dieitur
1589 812 1730 855 anima
1752 830 1760 856 :

377 892 440 927 est
458 880 653 941 quidem,
679 880 781 940 quia
819 880 925 924 vivit
945 894 1114 938 semper
1136 879 1295 933 anima,
1321 888 1363 923 et
1388 888 1450 923 est
1472 880 1517 923 in
1539 880 1611 924 illa
1643 897 1766 940 quae-

378 954 479 996 dam
503 952 589 997 vita
608 966 890 1010 permanens,
916 949 991 994 sed
1021 950 1241 993 mutabilis
1265 950 1365 994 vita.
1394 950 1642 994 Secundum
1671 967 1768 995 mu-

379 1022 635 1066 tabilitatem
654 1022 754 1065 vitae
773 1021 903 1081 hujus
922 1030 964 1064 et
985 1007 1176 1065 mortalis
1199 1019 1283 1063 diei
1306 1029 1473 1080 potest,
1492 1022 1594 1080 quia
1630 1022 1663 1065 si
1699 1022 1766 1067 vi-

378 1093 508 1136 vebat
550 1092 764 1151 sapienter
789 1126 799 1146 ,
824 1100 865 1135 et
898 1090 1079 1150 desipit,
1114 1099 1286 1134 mortua
1318 1100 1381 1134 est
1414 1091 1460 1134 in
1490 1091 1701 1149 deterius,
1733 1092 1768 1136 si

377 1164 552 1209 vivebat
577 1163 849 1222 insipienter,
884 1171 927 1207 et
948 1162 1080 1222 sapit,
1106 1171 1275 1206 mortua
1299 1171 1362 1206 est
1388 1162 1433 1205 in
1471 1162 1638 1207 melius.
1658 1166 1768 1209 Nam

376 1251 465 1279 esse
488 1244 671 1279 mortem
694 1235 739 1277 in
755 1234 961 1287 deterius,
988 1249 1077 1277 esse
1099 1243 1284 1277 mortem
1308 1234 1353 1276 in
1377 1233 1530 1277 melius
1547 1235 1767 1294 Scriptura

376 1323 454 1350 nos
482 1305 623 1350 docet.
655 1306 814 1365 Utique
848 1305 893 1348 in
925 1304 1114 1348 deterius
1144 1304 1304 1348 mortui
1336 1313 1486 1358 erant,
1525 1305 1579 1348 de
1607 1306 1767 1365 quibus

376 1377 552 1431 dieitur,
579 1376 669 1419 sine
693 1384 902 1429 mortuos,
923 1374 1133 1434 sepeliant
1155 1383 1349 1418 mortuos
1364 1377 1487 1418 suos²
1506 1393 1515 1418 ε
1533 1384 1575 1418 et
1593 1394 1611 1416 «
1631 1378 1768 1436 Surge

377 1466 396 1503 χ)
434 1447 508 1506 qui
547 1446 735 1499 dormis,
772 1455 814 1488 et
846 1460 1005 1503 exurge
1037 1460 1061 1488 a
1094 1445 1304 1501 mortuis,
1341 1453 1384 1487 et
1422 1444 1687 1490 illuminabit
1726 1455 1767 1490 te

377 1537 397 1560 >›
434 1518 662 1562 Christus3
691 1536 699 1561 ς
732 1535 750 1557 »
778 1525 821 1560 et
843 1517 896 1560 de
916 1518 995 1560 hac
1018 1517 1219 1571 lectione,
1252 1535 1270 1557 «
1296 1514 1483 1569 Quando
1502 1517 1663 1560 mortui
1685 1533 1766 1562 au-

376 1607 397 1630 »
434 1589 577 1643 dient,
615 1596 657 1630 et
681 1588 757 1647 qui
780 1587 997 1631 audierint
1028 1587 1174 1632 vivent
1192 1588 1223 1630 4.
1255 1605 1273 1627 »
1295 1589 1345 1630 In
1378 1585 1567 1631 deterius
1605 1589 1766 1632 mortui

375 1667 513 1712 erant,
539 1657 638 1702 ideo
672 1657 950 1701 reviviscunt.
988 1656 1303 1700 Reviviseendo
1325 1657 1573 1702 moriuntur
1600 1657 1646 1700 in
1671 1673 1766 1702 me-

374 1729 473 1783 lius,
501 1728 602 1788 quia
625 1737 668 1771 et
685 1726 981 1772 reviviscendo
1004 1742 1093 1772 non
1111 1735 1240 1770 erunt
1256 1725 1375 1787 quod
1392 1736 1514 1771 erant
1540 1747 1548 1772 :
1569 1743 1658 1772 non
1676 1743 1765 1773 esse

375 1808 522 1844 autern
545 1796 666 1857 quod
688 1806 794 1852 erat,
827 1812 943 1841 mors
965 1806 1041 1840 est.
1072 1796 1155 1840 Sed
1188 1795 1300 1841 forte
1320 1832 1330 1852 ,
1356 1798 1391 1841 si
1421 1798 1463 1840 in
1495 1797 1649 1842 melius
1678 1808 1761 1855 est,

375 1886 466 1914 non
485 1868 728 1929 appellatur
744 1883 858 1912 mors
874 1869 891 1911 Ρ
907 1866 1152 1927 Appellavit
1165 1867 1282 1911 illam
1302 1878 1485 1912 mortem
1504 1869 1760 1928 Apostolus:

380 1961 399 1983 «
437 1942 479 1986 Si
502 1950 648 1984 autem
678 1939 840 1984 mortui
861 1939 960 1982 estis
981 1954 1080 1983 eum
1103 1939 1275 1983 Christo
1299 1939 1354 1982 ab
1375 1938 1599 1984 elementis
1635 1941 1764 2001 hujus

377 2031 397 2054 »
434 2012 628 2067 mundi5,
658 2009 805 2072 »quid
837 2009 980 2054 adhuc
1015 2008 1137 2053 velut
1167 2009 1360 2054 viventes
1395 2008 1449 2053 de
1474 2011 1558 2054 hoe
1594 2010 1762 2057 mundo

373 2083 637 2129 decernitis?
659 2092 701 2127 et
725 2074 898 2137 iterum,
925 2101 940 2121 «
967 2082 1130 2126 Mortui
1154 2082 1270 2124 enim
1298 2081 1397 2125 estis
1413 2116 1424 2136 ,
1451 2091 1493 2125 et
1510 2081 1597 2126 vita
1619 2092 1761 2127 vestra

373 2175 394 2198 »
432 2155 683 2200 abscondita
719 2163 782 2198 est
809 2168 909 2198 eum
931 2153 1102 2197 Christo
1130 2153 1174 2196 in
1200 2155 1287 2195 Deo
1308 2153 1339 2196 ὓ.
1369 2170 1389 2193 »
1415 2152 1526 2197 Mori
1567 2168 1644 2197 nos
1666 2153 1761 2204 vult

369 2237 420 2272 ut
442 2229 662 2281 vivamus,
688 2227 788 2287 quia
816 2225 997 2269 viximus
1026 2234 1072 2268 ut
1097 2231 1376 2269 moreremur.
1406 2223 1626 2284 Quidquid
1655 2240 1758 2284 ergo

370 2309 413 2344 et
436 2316 458 2342 a
480 2298 658 2342 meliore
679 2298 724 2341 in
755 2297 959 2352 deterius,
982 2306 1024 2340 et
1043 2312 1063 2340 a
1086 2295 1298 2340 deteriore
1316 2296 1360 2339 in
1383 2295 1537 2340 melius
1553 2297 1752 2353 moritur,

367 2387 457 2416 non
475 2380 538 2415 est
559 2371 642 2413 hoe
665 2373 775 2413 Deus
799 2389 805 2413 :
828 2369 928 2429 quia
947 2384 1089 2428 neque
1109 2369 1154 2412 in
1171 2367 1322 2411 melius
1344 2368 1406 2413 ire
1428 2377 1568 2428 potest
1589 2384 1756 2413 summa
1807 2389 1809 2392 ⁴

416 2476 423 2490 ¹
451 2471 541 2500 Joan.
563 2467 671 2508 1v,24
703 2484 743 2489 —
766 2474 776 2488 ²
796 2467 1125 2505 Mattl1.vm‚22.—
1147 2463 1292 2508 3213plie5.
1314 2476 1348 2505 v,
1378 2465 1428 2508 14.
1453 2484 1494 2489 —
1511 2465 1632 2498 4Joan.
1648 2469 1752 2507 v,25.

373 2543 412 2547 —-
434 2523 711 2563 ⁵‹3010<.<.11,90.
739 2540 776 2544 —
802 2520 816 2543 6
839 2522 884 2552 Id.
909 2521 1004 2562 111‚3.
