1809 3173
361 160 443 199 244
784 168 816 197 S.
854 168 1081 198 Auutffl‘mt
1116 172 1296 199 muscom

354 250 443 280 non
457 234 616 279 veniet.
645 233 881 279 Probemus
899 235 953 279 de
973 237 1216 295 Scripturis‚
1240 235 1341 296 quia
1363 234 1529 279 dietum
1551 235 1737 295 estjudi-

351 305 468 350 cium
488 304 562 348 uhi
585 319 712 362 poena
735 303 991 363 intelligitur
1012 325 1020 351 :
1043 321 1296 366 quanquam
1325 314 1366 349 et
1386 306 1430 349 in
1449 306 1527 350 hac
1545 306 1631 365 ipsa
1654 306 1737 350 lec-

355 376 472 419 tione
495 373 624 434 paulo
652 383 749 434 post
769 375 950 419 audietis
972 376 1114 435 ipsum
1137 377 1318 420 verbum
1338 376 1491 437 judicii
1516 392 1603 420 non
1622 376 1737 435 posi-

351 455 446 490 tum
483 445 562 489 nisi
598 460 676 504 pro
710 444 991 490 damnatione
1024 456 1067 490 et
1108 462 1240 506 poena
1271 449 1301 490 ¹.
1339 451 1503 491 Tamen
1550 451 1737 506 Aposto-

350 516 418 560 lus
439 515 543 561 dicit
562 515 754 576 quodam
776 516 873 562 loco
890 552 900 568 ,
933 517 1124 561 scribens
1148 516 1202 560 ad
1231 532 1302 561 eos
1329 519 1405 578 qui
1435 521 1602 578 Corpus
1621 517 1739 579 quod

348 585 499 631 fideles
532 588 665 631 nostis
680 622 690 642 ‚
728 586 840 630 male
878 588 1149 643 tractabant3
1183 596 1226 631 et
1259 597 1436 646 propter
1472 588 1592 648 quod
1629 587 1739 632 male

349 659 616 712 tractabant,
637 657 983 716 corripiebantur
1005 657 1179 716 flagello
1201 658 1389 702 Domini.
1410 659 1482 702 Ait
1497 658 1610 702 enim
1629 657 1709 702 illis
1728 678 1736 703 ;

353 747 374 771 «
410 731 641 787 Propterea
675 727 803 771 multi
838 728 883 772 in
911 728 1031 772 vobis
1063 729 1223 772 infirmi
1258 738 1301 773 et
1331 730 1480 788 aegroti
1515 728 1740 773 dormiunt

350 817 371 840 »
405 798 684 842 sufficienter.
701 797 829 842 Multi
842 799 957 842 enim
974 809 1200 859 propterea
1220 799 1346 843 etiam
1364 799 1660 844 moriebantur
1674 802 1734 842 ².»

348 870 404 913 Et
426 880 599 913 secutus
617 878 696 923 est,
720 888 739 910 «
764 870 806 914 Si
829 871 945 913 enim
969 886 1045 914 nos
1063 870 1466 931 ipsojudicai'emus
1482 905 1492 925 ‚
1513 887 1536 914 a
1559 870 1739 914 Domino

350 956 370 980 »
406 953 493 983 non
507 938 805 998 judicaremur
825 959 834 984 :
858 958 876 981 u
897 941 980 985 hoc
1003 950 1091 995 est,
1117 941 1150 984 si
1171 956 1248 985 nos
1266 941 1379 1000 ipsos
1397 941 1709 999 corriperemus
1725 975 1736 995 ‚

348 1009 533 1053 Domino
565 1025 655 1053 non
687 1010 1017 1070 corriperemur.
1047 1013 1198 1055 «Cum
1227 1011 1477 1071 judicamur
1513 1020 1685 1066 autem,
1716 1026 1740 1055 a

349 1098 369 1121 »
406 1080 593 1125 Domino
616 1081 896 1140 corripimur,
923 1098 977 1126 ne
1000 1098 1099 1126 cum
1121 1084 1202 1126 hoc
1225 1082 1391 1126 mundo
1415 1081 1688 1127 damnemur.
1715 1100 1735 1122 »

349 1153 460 1195 Sunt
482 1167 584 1210 ergo
612 1152 854 1196 secundum
879 1168 1049 1212 paenam
1079 1154 1152 1212 qui
1177 1152 1430 1211 judicantur
1452 1153 1542 1206 hic,
1566 1161 1614 1195 ut
1635 1168 1736 1211 par-

348 1232 472 1265 catur
494 1221 576 1266 illis
607 1223 667 1266 ibi
689 1242 697 1268 2
728 1234 830 1268 sunt
851 1225 1012 1284 quibus
1035 1224 1225 1284 pascitur
1255 1224 1345 1278 hie,
1373 1233 1419 1268 ut
1443 1223 1737 1267 abundantius

348 1301 636 1352 torqueantur
664 1294 724 1337 ibi
751 1314 759 1338 ι
785 1305 888 1338 sunt
917 1305 1062 1339 autem
1095 1294 1255 1355 quibus
1289 1294 1610 1338 distribuuntur
1637 1293 1741 1352 ipsae

346 1377 492 1422 poenae
514 1364 603 1407 sine
624 1364 797 1423 flagello
815 1380 981 1423 poenas,
1008 1365 1041 1409 si
1059 1364 1231 1424 flagello
1252 1364 1328 1408 Dei
1346 1364 1525 1408 correcti
1547 1379 1633 1407 non
1651 1362 1742 1406 fue-

348 1432 435 1477 rint
451 1454 462 1491 3
480 1444 529 1478 ut
552 1450 650 1478 cum
677 1436 746 1479 hic
769 1436 1110 1494 contempserint
1134 1439 1303 1479 Patrem
1326 1435 1625 1478 verberantem
1643 1467 1654 1488 ,
1679 1432 1741 1476 ibi

348 1505 537 1549 sentiant
562 1506 756 1566 judicem
780 1507 1052 1566 punientem.
1080 1510 1197 1566 Ergo
1219 1515 1281 1550 est
1292 1505 1510 1566 judicium
1533 1520 1621 1565 quo
1639 1505 1742 1548 mis-

348 1591 474 1620 surus
497 1586 560 1621 est
584 1580 697 1621 Deus
712 1611 723 1628 ,
748 1577 794 1620 id
816 1587 880 1622 est
898 1577 1035 1621 Filius
1057 1578 1162 1634 Dei,
1188 1578 1233 1621 in
1255 1578 1341 1620 fine
1362 1575 1586 1620 diabolum
1607 1585 1650 1619 et
1667 1591 1743 1619 an·-

351 1646 468 1705 gelos
495 1648 608 1707 ejus,
633 1656 676 1692 et
701 1663 852 1692 omnes
880 1647 1079 1692 infideles
1101 1657 1145 1692 et
1174 1647 1329 1707 impios
1350 1661 1451 1691 cum
1480 1661 1531 1690 eo
1552 1664 1560 1690 :
1583 1646 1638 1690 ad
1660 1646 1743 1690 hoc

344 1717 561 1778 judicium
579 1735 666 1764 non
687 1720 847 1776 veniet,
875 1721 951 1781 qui
977 1719 1110 1765 modo
1139 1718 1320 1765 credens
1342 1717 1574 1763 transitum
1595 1715 1699 1761 facit
1720 1730 1744 1760 a

349 1798 490 1833 morte
512 1788 567 1833 ad
589 1791 738 1834 vitam.

410 1862 485 1905 vt.
511 1862 685 1909 Etenim
709 1877 764 1906 ne
781 1871 958 1922 putares
980 1861 1201 1907 credendo
1221 1869 1263 1904 te
1291 1875 1382 1904 non
1401 1858 1662 1904 moriturum
1679 1871 1745 1901 se·

352 1929 548 1975 cundum
581 1947 782 1987 carnem,
809 1942 853 1976 et
889 1931 1141 1992 accipiendo
1176 1928 1406 1975 carnaliter
1437 1929 1599 1972 diceres
1633 1926 1743 1982 tibi,

354 2003 564 2046 Dominus
582 2018 704 2047 meus
722 2003 832 2047 mihi
849 2004 958 2064 dixit
972 2038 983 2059 ,
1008 2022 1028 2045 «
1050 2003 1135 2056 Qui
1157 2001 1279 2046 audit
1303 1999 1432 2044 verba
1454 2014 1550 2043 mea
1566 2032 1577 2053 ,
1598 2007 1641 2042 et
1657 2012 1747 2042 cre·

357 2090 376 2113 »
413 2073 476 2117 dit
497 2075 532 2117 ei
557 2075 633 2135 qui
650 2074 767 2119 misit
780 2088 874 2130 me,
896 2074 1049 2120 transit
1063 2090 1086 2118 a
1104 2082 1242 2118 morte
1261 2070 1315 2116 ad
1329 2071 1463 2115 vitam
1482 2088 1491 2114 2
1512 2090 1530 2111 »
1549 2083 1649 2127 ergo
1667 2082 1749 2127 ego

355 2144 546 2201 credidi,
571 2161 661 2190 non
681 2162 775 2190 sum
799 2147 1053 2191 moriturus.
1078 2144 1193 2190 Scias
1210 2153 1253 2188 te
1267 2152 1451 2187 mortem
1469 2155 1600 2202 quam
1618 2139 1751 2183 debes

357 2214 570 2274 supplicio
587 2216 726 2260 Adam
743 2251 755 2272 ‚
783 2215 1111 2276 persoluturum
1129 2234 1140 2261 2
1161 2213 1329 2272 accepit
1349 2212 1466 2256 enim
1487 2210 1582 2265 ille,
1600 2210 1645 2254 in
1662 2223 1751 2268 quo

357 2294 463 2329 tunc
487 2302 636 2331 omnes
655 2286 837 2333 fuimus„
864 2307 884 2330 (ι
904 2291 1044 2333 Morte
1066 2285 1281 2342 morieris3
1302 2285 1316 2310 3
1339 2302 1358 2325 »
1384 2298 1464 2327 nec
1486 2289 1628 2342 potest
1648 2294 1751 2324 eva-

358 2358 477 2401 cuari
499 2358 643 2403 divina
662 2363 898 2405 sententia.
923 2378 942 2400 »
972 2358 1053 2404 Sed
1072 2373 1172 2402 cum
1192 2354 1446 2416 persolveris
1467 2360 1651 2397 mortem
1673 2365 1752 2395 ve·-

360 2429 458 2473 teris
475 2430 685 2488 hominis,
710 2431 958 2492 suscipieris
975 2430 1021 2474 in
1042 2429 1175 2474 vitam
1195 2437 1402 2472 aeternam
1423 2424 1525 2470 novi
1545 2422 1749 2478 hominis,

410 2519 416 2535 ¹
441 2513 518 2546 vide
537 2515 618 2547 infra
635 2527 668 2548 n.
691 2517 740 2548 13.
762 2532 804 2544 -w
835 2524 846 2540 ²
874 2528 882 2548 ι
904 2519 974 2549 cor.
998 2526 1043 2556 xi,
1069 2514 1120 2556 30,
1141 2517 1205 2546 etc.
1225 2529 1265 2535 ·-
1289 2510 1302 2535 3
1327 2514 1460 2552 Gen-11,
1480 2521 1530 2552 ι7·
