1825 3214
295 207 336 233 in
370 205 543 233 JOANMS
576 202 887 240 EvANGm-IUM‚
922 203 1067 232 Timor.
1107 205 1197 231 xix.
1351 193 1431 232 207

53 270 182 314 modo
194 284 238 313 sc
255 268 535 314 dilectoribus
559 269 645 313 suis
659 277 933 313 ostensurum
953 269 1162 326 promisit.
1185 267 1305 321 «Qui
1321 268 1437 312 enim

52 358 72 382 »
108 340 247 399 diligit
276 355 366 394 mo,
401 340 484 394 ait,
515 339 717 384 mandata
748 352 840 382 mea
871 336 1090 393 custodit3
1121 347 1164 381 et
1193 338 1266 397 qui
1297 338 1438 396 diligit

52 430 72 453 »
108 426 176 455 me
193 447 203 467 ‚
228 410 434 470 diligetur
456 426 480 454 a
507 413 630 454 Patre
653 425 772 464 meo,
796 417 841 453 et
862 422 940 466 ego
960 407 1136 468 diligam
1159 423 1257 452 eum
1277 444 1287 462 ‚
1315 418 1358 454 et
1375 424 1440 454 os-

52 499 73 522 »
108 480 283 526 tendam
306 482 528 541 meipsum
551 480 611 525 illi
638 482 666 524 ¹.
693 498 712 522 υ
737 478 906 532 Quibus
934 478 1222 537 loquebatur,
1255 493 1438 536 praesens

49 552 109 596 eis
129 561 220 596 erat
240 570 248 596 :
269 551 344 597 sed
366 552 550 595 formam
578 550 691 595 servi
717 548 956 604 videbant;
983 547 1167 594 formam
1193 558 1337 593 autem
1364 550 1438 593 Dei

50 637 138 667 non
171 623 395 667 videbant.
436 626 514 666 Per
537 624 787 682 jumentum
820 619 876 666 ad
909 619 1131 665 stabulum
1163 619 1440 665 ducebantur

49 693 254 748 curandi,
291 693 365 737 scd
397 693 535 736 sanati
567 691 784 736 videbunt
809 710 818 736 ι
843 690 944 750 quia
975 690 1226 746 ostendam,
1265 690 1434 750 inquit,

50 779 119 808 me
137 765 277 823 ipsum
297 763 372 807 illi.
386 763 618 816 Quomodo
640 761 884 807 ostenditur
899 760 1075 821 aequalis
1094 762 1208 805 Patri
1219 763 1236 802 ἲ
1254 776 1355 805 cum
1373 760 1440 805 di-

48 834 107 879 cit
138 834 354 893 Philippo,
381 834 499 887 «Qui
525 848 592 876 mc
618 832 758 887 videt,
783 832 901 876 videt
929 841 973 876 et
997 836 1166 875 Patrem
1190 847 1336 875 meum
1358 836 1389 874 ².
1417 850 1435 872 »

109 905 229 947 XIX.
262 921 277 943 α
306 906 402 948 Non
437 918 606 962 possum
640 918 720 961 ego
751 919 770 946 a
801 901 977 961 meipso
999 900 1138 946 facere
1165 900 1435 961 quidquam:

53 994 72 1016 »
107 975 219 1019 sicut
246 974 377 1018 audio
400 974 576 1034 judico,
603 973 877 1033 ctjudicium
910 989 1054 1017 meum
1081 975 1248 1033 justum
1279 976 1390 1016 cst³.
1416 991 1434 1013 »

49 1047 159 1099 Quia
177 1045 334 1090 dicturi
353 1045 414 1088 illi
435 1060 606 1088 eramus
625 1080 635 1098 ,
663 1046 725 1086 Tu
745 1042 984 1103 judicabis,
1009 1053 1051 1086 ct
1073 1047 1196 1087 Pater
1221 1042 1440 1102 nonjudi-

49 1118 187 1172 cabit,
219 1118 320 1177 quia
350 1131 479 1160 omne
502 1116 716 1175 judicium
741 1114 862 1158 dedit
886 1114 1019 1172 l³ilio3
1050 1130 1138 1158 non
1161 1130 1263 1172 ergo
1285 1129 1441 1158 secun-

48 1188 155 1234 dum
179 1191 350 1232 Patrem
375 1186 592 1247 judicabis
616 1205 624 1230 :
647 1185 830 1246 adJeeit,
862 1204 881 1226 «
901 1187 999 1230 Non
1027 1200 1200 1245 possum
1225 1179 1303 1243 ego
1329 1200 1351 1228 a
1371 1199 1440 1229 me

51 1277 72 1300 »
106 1259 200 1318 ipso
216 1258 362 1304 facere
379 1257 621 1318 quidquam
647 1275 655 1301 ;
679 1257 789 1300 sicut
810 1255 941 1300 audio
958 1254 1110 1317 judico
1126 1291 1136 1310 ‚
1163 1265 1205 1299 et
1223 1254 1440 1316 judicium

54 1347 74 1371 »
108 1343 256 1374 meum
271 1329 440 1389 justum
459 1335 523 1372 est
545 1346 553 1372 2
579 1327 678 1387 quia
696 1341 786 1371 non
805 1341 955 1387 quaero
977 1324 1251 1371 voluntatem
1274 1340 1437 1380 meam,

53 1418 74 1440 »
108 1399 183 1444 sed
211 1399 481 1444 voluntatem
511 1399 603 1459 ejus
632 1397 708 1458 qui
730 1397 846 1442 misit
868 1412 952 1442 me.
978 1416 997 1438 »
1023 1399 1151 1442 Certe
1175 1397 1308 1441 Filius
1331 1412 1441 1458 quos

49 1470 145 1515 vult
176 1471 379 1515 vivificat.
407 1473 503 1515 Non
524 1470 689 1529 ‘quaerit
715 1467 988 1513 voluntatem
1011 1483 1131 1512 suam
1146 1503 1156 1523 ‚
1182 1467 1256 1511 sed
1279 1467 1439 1511 volun-

50 1550 182 1586 tatem
209 1542 300 1600 ejus
329 1541 404 1601 qui
432 1540 547 1584 misit
569 1539 710 1583 illum.
744 1541 842 1584 Non
866 1553 1007 1582 meam
1026 1573 1036 1593 ,
1070 1554 1159 1582 non
1189 1539 1436 1597 propriam3

49 1627 141 1656 non
170 1626 335 1666 meam,
372 1626 461 1656 non
489 1610 567 1654 filii
591 1610 803 1667 hominis3
834 1625 923 1653 non
950 1624 1115 1664 meam,
1146 1625 1245 1669 quae
1275 1610 1441 1654 resistat

48 1684 153 1727 Deo.
175 1682 360 1726 Faciunt
383 1681 499 1725 enim
521 1681 719 1724 homines
741 1679 1020 1724 voluntatem
1049 1695 1171 1723 suam
1185 1715 1195 1735 ‚
1213 1695 1303 1724 non
1335 1680 1436 1736 Dei,

51 1751 228 1813 quando
265 1751 431 1796 faciunt
471 1749 591 1810 quod
626 1749 809 1805 volunt,
845 1765 934 1794 non
971 1749 1092 1810 quod
1122 1750 1249 1811 jubet
1287 1753 1437 1795 Deus:

50 1823 228 1884 quando
251 1831 396 1866 autem
419 1822 477 1865 ita
495 1820 662 1865 faciunt
680 1820 801 1881 quod
818 1820 999 1876 volunt,
1021 1830 1071 1865 ut
1091 1830 1238 1866 tamen
1253 1837 1441 1882 sequan-

51 1903 124 1938 tur
143 1893 415 1938 voluntatem
431 1892 506 1936 Dei
523 1927 533 1947 ,
550 1907 638 1936 non
654 1890 822 1936 faciunt
837 1891 1108 1937 voluntatem
1122 1908 1243 1937 suam
1257 1928 1268 1949 ,
1285 1907 1441 1954 quam-

50 1965 114 2010 vis
135 1964 255 2025 quod
276 1964 432 2010 volunt
455 1962 633 2008 faciant.
668 1963 825 2008 Volens
852 1963 922 2008 fac
945 1964 1066 2023 quod
1088 1964 1282 2024 juberis3
1307 1974 1439 2024 atque

51 2036 111 2081 ita
132 2045 176 2080 et
197 2037 280 2080 hoc
297 2036 426 2081 facies
443 2036 563 2096 quod
578 2035 642 2080 vis
660 2070 671 2091 ‚
694 2045 737 2080 et
753 2050 843 2080 non
860 2035 1133 2080 voluntatem
1151 2045 1271 2080 tuam
1289 2036 1436 2091 facies,

52 2106 127 2152 sed
143 2107 350 2168 jubentis.

111 2179 210 2221 XX.
238 2176 355 2231 Quid
375 2177 505 2235 ergo?
531 2195 549 2218 «
570 2176 689 2221 Sicut
711 2175 866 2232 audio,
891 2176 950 2220 ita
971 2175 1136 2237 judico.
1162 2195 1182 2218 »
1207 2176 1340 2222 Audit
1363 2177 1438 2221 Fi-

51 2245 157 2303 lius,
175 2255 219 2292 et
239 2246 507 2291 demonstrat
524 2247 562 2290 ei
582 2249 724 2301 Pater,
743 2256 786 2290 et
801 2245 921 2290 videt
939 2246 1073 2291 Filius
1090 2251 1261 2292 Patrem
1277 2246 1438 2293 facien-

52 2328 155 2364 tem.
192 2321 250 2364 Et
275 2319 355 2363 ista
386 2316 691 2362 distuleramus
721 2317 852 2377 paulo
886 2318 1153 2364 enucleatius
1175 2335 1255 2380 pro
1275 2320 1437 2364 viribus

50 2399 312 2451 pertractare
330 2424 341 2445 ,
365 2390 399 2434 si
420 2398 592 2449 tempus
617 2388 742 2433 nobis
763 2398 934 2448 peracta
959 2389 1147 2435 lectione
1170 2399 1215 2435 et
1236 2391 1346 2435 vires
1364 2406 1435 2434 re-

51 2462 321 2507 mansissent.
360 2460 404 2507 Si
439 2459 581 2505 dicam
615 2475 684 2505 me
718 2475 841 2520 posse
869 2461 990 2522 loqui
1023 2460 1188 2518 adhuc,
1220 2460 1334 2506 forte
1360 2476 1436 2506 vos

101 2554 113 2573 ¹
126 2550 219 2582 που.
233 2557 303 2590 xxv,
317 2556 373 2581 αι.
396 2561 435 2572 -
457 2546 573 2581 ²1bid.
587 2557 621 2589 9.
647 2562 690 2572 -
706 2543 722 2572 ³
737 2545 786 2579 Id.
802 2555 835 2588 v,
853 2545 907 2580 30.
