1809 3173
352 239 378 275 6
778 249 809 273 s.
848 247 1074 274 ,iocosum
1111 248 1286 274 Et‘lscorl

358 314 456 358 folia
476 313 690 366 habebat,
715 312 902 356 hahebat
928 322 969 356 et
988 312 1194 357 fructum.
1214 312 1468 372 Itaquehoc
1494 311 1737 370 optandum

355 392 417 428 est
453 382 657 426 fratribus
694 383 848 426 nostris
875 383 950 442 qui
988 382 1089 426 foris
1122 382 1421 441 baptizantur,
1459 391 1507 425 ut
1548 382 1739 425 habeant

357 455 548 498 fructum
573 473 581 498 ;
606 469 696 498 non
717 453 813 496 illos
835 454 945 496 sinet
960 453 1164 497 columba
1188 453 1314 507 foris,
1335 453 1414 496 nisi
1438 454 1489 496 ad
1509 467 1652 495 arcam
1676 467 1740 495 re-

356 524 542 569 duxerit.
568 527 754 568 Fructus
778 532 923 567 autem
947 532 1009 567 est
1032 532 1149 568 totus
1166 524 1350 567 charitas
1378 542 1386 568 ε
1412 523 1503 566 sine
1523 539 1608 582 qua
1631 523 1740 566 nihil

355 604 418 639 est
446 595 603 649 hoino,
629 592 843 652 quidquid
861 593 979 636 aliud
1006 593 1221 647 habuerit.
1254 595 1310 636 Et
1337 593 1421 636 hoc
1443 593 1663 636 uberrime
1685 593 1741 636 ab

354 663 563 724 Apostolo
591 662 757 707 dictum
788 663 1222 707 commemoravimus
1247 673 1289 706 et
1320 663 1631 706 recensuimus.
1670 663 1743 707 Ait

356 735 471 779 enim
491 753 499 779 :
526 752 546 775 «
570 734 611 778 Si
638 732 796 791 linguis
820 733 1047 776 hominum
1072 733 1226 791 loquar
1249 741 1290 775 et
1322 733 1614 791 Angelorum,
1639 733 1743 777 cha-

360 824 380 847 »
416 805 587 848 ritatem
612 812 755 846 autem
775 818 863 846 non
885 803 1068 846 habeam
1083 838 1093 855 ,
1119 801 1258 846 factus
1277 818 1372 846 sum
1395 802 1515 846 velut
1533 817 1745 846 aeramen—

362 895 381 917 »
417 885 511 918 tum
540 888 719 927 sonans,
757 882 832 916 aut
853 872 1107 929 cymhalum
1142 873 1330 916 tinniens
1369 882 1445 917 :et
1478 874 1511 917 si
1550 874 1744 917 habuero

359 963 380 986 »
415 958 587 988 omnem
612 942 851 996 scientiam,
882 951 925 985 et
953 943 1082 986 sciam
1107 943 1251 986 omnia
1282 952 1572 998 sacramenta,
1600 953 1643 987 et
1663 944 1745 987 ha-

363 1033 383 1056 »
418 1014 545 1057 beam
570 1026 743 1057 omnem
773 1012 1063 1070 prophetiam,
1089 1021 1132 1055 et
1151 1013 1345 1057 habuero
1366 1028 1541 1057 omnem
1564 1013 1743 1068 fidem,»

361 1083 517 1140 (fidem
540 1091 685 1127 autem
704 1081 926 1142 quomodo
940 1081 1047 1125 dixit
1062 1097 1234 1126 omnem
1247 1085 1293 1140 P)
1315 1101 1334 1124 «
1353 1092 1401 1126 ut
1415 1092 1584 1127 montes
1612 1092 1748 1127 trans-

361 1174 382 1197 »
417 1155 577 1209 feram,
602 1153 856 1198 charitatem
891 1162 1036 1196 autem
1060 1168 1149 1197 non
1176 1154 1386 1208 habeam,
1412 1153 1521 1197 nihil
1550 1169 1661 1198 sum.
1690 1156 1747 1198 Et

362 1245 383 1268 »
419 1227 452 1270 si
476 1225 739 1269 distribuero
772 1224 918 1269 omnia
953 1239 1046 1268 mea
1079 1225 1373 1284 pauperibus,
1405 1225 1503 1268 etsi
1527 1224 1747 1269 tradidero

361 1316 382 1339 »
418 1311 574 1355 corpus
598 1310 745 1339 meum
775 1303 824 1338 ut
852 1293 1025 1338 ardeam
1043 1329 1054 1349 ,
1085 1295 1338 1339 charitatem
1368 1305 1513 1340 autem
1546 1311 1636 1340 non
1665 1296 1746 1340 ha-

361 1387 382 1410 »
416 1368 568 1422 beam,
598 1365 707 1411 nihil
735 1366 843 1410 mihi
872 1365 1096 1425 prodest1.
1122 1371 1141 1407 »
1168 1366 1299 1411 Nullo
1328 1366 1459 1411 modo
1484 1376 1629 1410 autem
1651 1382 1749 1426 pos·

360 1448 462 1484 sunt
484 1438 626 1483 dicere
650 1453 693 1481 se
716 1437 878 1482 habere
898 1438 1148 1481 charitatem
1166 1472 1176 1491 ,
1203 1437 1278 1497 qui
1294 1436 1498 1481 dividunt
1516 1438 1745 1482 unitatem.

360 1513 465 1554 Haec
486 1509 601 1552 dicta
624 1517 726 1552 sunt
751 1527 761 1552 2
786 1508 1010 1567 sequentia
1032 1507 1271 1552 videamus.

438 1582 514 1624 IV.
556 1578 784 1622 Perhibuit
825 1581 1014 1622 Joannes
1055 1579 1349 1626 testimonium
1375 1582 1392 1604 2
1433 1598 1441 1623 ι
1480 1579 1581 1638 quia
1622 1578 1745 1623 vidit.

361 1649 499 1703 Quale
521 1649 817 1708 testimonium
833 1649 1086 1707 perhibuit?
1103 1650 1245 1701 «Quia
1264 1650 1354 1708 ipse
1376 1658 1438 1693 est
1461 1649 1596 1693 Filius
1617 1651 1708 1694 Dei.
1725 1669 1745 1691 »

360 1720 601 1780 Oportebat
618 1733 718 1777 ergo
736 1728 786 1762 ut
807 1718 880 1762 ille
896 1720 1139 1778 baptizaret
1157 1720 1232 1779 qui
1248 1728 1311 1763 est
1328 1720 1464 1764 Filius
1482 1721 1559 1764 Dei
1576 1721 1747 1776 unicus,
1775 1735 1778 1741 ·

360 1806 451 1835 non
471 1790 716 1850 adoptatus.
740 1789 947 1849 Adoptati
970 1788 1064 1844 filii,
1084 1790 1267 1833 ministri
1289 1800 1391 1834 sunt
1410 1790 1533 1834 Unici
1557 1810 1565 1835 ε
1590 1791 1750 1836 Unicus

360 1862 494 1906 habet
525 1869 810 1920 potestatem,
849 1861 1042 1920 adoptati
1071 1860 1372 1904 ministerium.
1411 1861 1532 1905 Licet
1560 1861 1751 1920 baptizet

363 1932 560 1976 minister
590 1948 681 1976 non
699 1931 920 1991 pertinens
936 1931 990 1975 ad
1006 1947 1236 1975 numerum
1256 1931 1469 1976 Filiorum
1481 1967 1492 1987 ,
1518 1933 1621 1992 quia
1639 1933 1751 1976 male

364 2003 472 2048 vivit
485 2011 529 2046 et
541 2002 654 2047 male
672 2003 780 2062 agit,
807 2001 916 2062 quid
937 2017 1015 2047 nos
1032 2001 1280 2047 consolatur
1293 2003 1311 2044 ‘3
1324 2021 1343 2044 «
1364 2003 1442 2048 Hic
1460 2011 1522 2046 est
1542 2003 1619 2063 qui
1639 2003 1751 2063 bap-

366 2091 387 2115 »
422 2074 580 2117 tizatss.
610 2090 631 2113 »

423 2146 476 2188 V.
508 2163 528 2185 «
549 2143 697 2188 Altera
718 2141 789 2186 die
816 2143 974 2187 iterum
996 2142 1137 2186 stabat
1154 2145 1177 2186 J
1182 2158 1343 2187 oannes
1362 2178 1373 2198 ,
1394 2152 1437 2187 et
1453 2159 1504 2187 ex
1524 2144 1753 2203 Discipulis

368 2233 389 2256 »
424 2216 515 2275 ejus
541 2214 630 2258 duo
652 2234 661 2260 2
682 2223 725 2258 et
740 2214 971 2274 respiciens
984 2217 1129 2258 Jesum
1150 2214 1471 2269 ambulantem,
1493 2215 1622 2260 dicit:
1640 2218 1753 2260 Ecce

368 2305 389 2328 »
407 2302 561 2345 ,agnus
586 2287 707 2329 Dei4.
737 2305 755 2326 »
783 2285 943 2345 Utique
970 2285 1244 2344 singulariter
1264 2286 1342 2329 iste
1368 2289 1517 2344 Agnus
1548 2305 1557 2330 ε
1581 2301 1683 2330 nam
1711 2295 1754 2331 et

365 2357 573 2416 Discipuli
591 2357 697 2401 dicti
718 2366 819 2400 sunt
841 2357 962 2415 agni:
984 2348 1128 2400 &Ecce
1149 2371 1228 2414 ego
1251 2357 1378 2400 mitto
1396 2373 1470 2401 vos
1493 2357 1604 2402 sicut
1621 2373 1754 2416 agnos

340 2430 345 2431 ⁷
370 2448 390 2469 »
426 2429 472 2471 in
494 2427 638 2472 medio
672 2427 873 2488 luporum
893 2430 923 2471 ⁵.
953 2446 972 2467 »
997 2428 1108 2472 Dicti
1130 2436 1232 2471 sunt
1255 2437 1297 2471 et
1318 2427 1398 2486 ipsi
1421 2427 1568 2472 lumen
1588 2464 1599 2483 ,
1622 2448 1641 2470 «
1669 2431 1754 2473 Vos

417 2533 425 2548 ¹
453 2538 461 2556 x
486 2529 557 2557 (tor.
589 2537 657 2562 xiii,
682 2527 751 2556 1-3.
776 2543 813 2546 ·—-
837 2534 846 2546 ³
867 2528 957 2555 Joan.
985 2537 1006 2560 ι,
1030 2523 1069 2565 34
1103 2543 1143 2547 -
1160 2523 1267 2556 311)ἰι1.
1291 2526 1341 2555 ΞἿ.Δ
1368 2543 1404 2546 -—
1431 2525 1443 2554 si
1466 2526 1546 2557 ibid.
1570 2524 1688 2567 34-36.
1713 2543 1754 2548 —

374 2580 637 2618 =7M:1uli.x‚1o'.
