1825 3214
308 178 347 202 ιΝ
382 174 555 203 somnis
588 170 868 201 auxentium
891 193 900 211 ‚
936 175 1082 203 ἰ-ιιΛεῚ.
1121 177 1202 202 xxi.
1357 165 1438 203 237

54 250 97 285 et
123 240 273 284 Filium
299 257 386 285 non
411 240 680 286 videbimus?
703 239 816 283 Audi
843 241 926 284 alio
948 241 1044 285 loco
1063 242 1136 285 ubi
1165 243 1293 286 vitam
1313 251 1441 286 aeter-

52 327 152 357 nam
177 313 443 367 nominavit,
469 322 511 357 et
533 312 737 372 expressit
758 312 863 372 quid
893 313 947 356 sit
981 313 1066 356 vita
1099 323 1257 358 {eterna
1282 317 1308 358 ¹.
1345 314 1442 358 Noli

56 384 221 436 timere,
249 400 335 428 non
358 394 397 428 te
419 383 521 428 fallo
547 403 554 427 ς
582 399 670 427 non
694 383 784 427 sine
807 398 933 427 eausa
964 383 1139 442 promisi
1163 383 1443 429 dilectoribus

54 455 158 498 meis
181 455 328 498 dicens
356 474 364 498 :
395 476 412 496 a
438 455 517 507 Qui
546 455 676 498 liabet
705 453 907 497 mandata
932 469 1024 497 mea
1048 463 1089 496 et
1112 465 1252 498 servat
1275 473 1344 509 ea,
1373 455 1444 499 ille

55 543 75 565 η
110 525 269 584 estqui
300 524 439 582 diligit
471 540 568 582 me3
594 534 636 568 et
663 524 738 584 qui
756 540 824 568 me
852 523 1017 583 diligit,
1045 523 1251 583 diligetur
1270 542 1291 568 a
1322 530 1444 570 Patre

55 613 74 635 η
112 610 224 649 meo,
244 605 287 639 et
305 611 385 653 ego
408 594 586 653 diligam
602 610 718 648 eum,
745 604 786 638 et
809 593 1034 639 ostendam
1055 596 1275 655 meipsum
1302 596 1362 639 illi
1381 601 1397 622 '2
1421 615 1440 637 »

53 666 408 725 Respondeamus
436 666 617 710 Domino
634 701 644 720 ,
663 665 914 709 etdicamus
936 685 943 709 z
978 665 1108 719 Quid,
1134 667 1445 710 nominemus

53 746 213 790 noster,
248 729 479 796 magnum,
519 736 627 796 quid
660 738 894 794 magnum?
917 736 1050 780 Nobis
1071 737 1446 782 demonstraturus

53 823 96 851 es
118 817 158 852 te
184 808 350 868 ipsum?
379 808 493 861 Quid
515 808 648 861 enim,
674 816 717 850 et
740 807 901 851 Judaeis
926 816 966 852 te
994 824 1080 852 non
1109 808 1446 854 demonstrasti?

51 881 147 925 Non
180 889 221 924 te
251 880 453 923 viderunt
475 888 518 923 et
546 879 621 939 qui
643 880 981 923 crucifixerunt?
1011 881 1093 925 Sed
1126 880 1446 926 demonstrabis

53 959 95 994 te
113 950 157 993 in
175 950 358 1010 judicio,
380 965 480 994 cum
504 950 714 994 stabimus
737 949 791 993 ad
810 949 1029 994 dexteram
1050 959 1166 995 tuam
1196 971 1203 997 :
1231 952 1446 1012 numquid

51 1032 95 1067 et
116 1021 179 1066 illi
202 1023 276 1083 qui
296 1023 350 1066 ad
376 1023 589 1066 sinistram
613 1021 791 1066 stabunt
807 1037 894 1065 non
920 1032 960 1066 te
981 1022 1222 1067 videbunt?
1245 1024 1359 1076 Quid
1384 1033 1448 1068 est

51 1092 170 1154 quod
204 1093 521 1138 demonstrabis
550 1093 674 1136 nobis
710 1093 937 1151 teipsum?
968 1096 1092 1138 Nunc
1130 1094 1244 1137 enim
1283 1110 1373 1138 nou
1407 1104 1447 1138 te

52 1163 374 1208 videmus·eum
399 1163 614 1223 loqueris?
638 1161 887 1222 Respondet
916 1182 923 1206 :
955 1165 1267 1209 Demonstrabo
1297 1165 1448 1224 meip-

51 1252 144 1280 sum
179 1237 221 1279 in
257 1235 395 1281 forma
428 1236 528 1289 Dei,
564 1234 716 1278 videtis
754 1234 886 1278 modo
922 1233 1104 1279 formam
1129 1236 1253 1279 servi.
1281 1240 1375 1281 Non
1407 1246 1447 1281 te

51 1306 267 1351 fraudabo
285 1342 295 1361 ‚
328 1322 354 1351 0
384 1307 516 1350 homo
539 1304 676 1349 fidelis
695 1340 705 1359 ‚
741 1304 869 1349 crede
891 1306 993 1365 quia
1013 1305 1192 1350 videbis.
1220 1310 1348 1352 Amas
1367 1343 1377 1362 ,
1405 1315 1448 1352 et

53 1394 143 1423 non
164 1379 284 1423 vides
318 1398 326 1423 :
354 1393 474 1422 amor
497 1377 587 1436 ipse
610 1392 696 1420 non
726 1386 767 1420 te
793 1375 1002 1435 perducet
1032 1386 1081 1421 ut
1112 1378 1286 1422 videas?
1310 1381 1414 1423 Ama
1431 1414 1442 1434 ‚

52 1464 273 1508 persevera
307 1449 352 1493 in
386 1447 573 1492 amando
611 1467 619 1492 :
661 1462 750 1491 non
783 1445 1011 1502 fraudabo,
1048 1448 1214 1508 inquit,
1255 1465 1446 1494 amorem

55 1529 178 1564 tuum
199 1556 209 1575 ,
232 1520 307 1580 qui
328 1518 535 1563 mundavi
559 1534 633 1563 cor
653 1527 792 1562 tuum.
824 1518 985 1578 thuid
1009 1520 1123 1563 enim
1146 1520 1353 1565 mundavi
1371 1537 1446 1566 eor

54 1601 194 1646 tuum,
213 1591 292 1635 nisi
315 1600 364 1634 ut
379 1593 491 1634 Deus
510 1605 532 1633 a
550 1599 591 1634 te
612 1590 747 1649 possit
770 1588 938 1633 videri?
966 1609 985 1632 «
1007 1591 1123 1634 Beati
1143 1592 1259 1635 enim
1278 1592 1445 1638 mundo

56 1680 76 1703 »
110 1662 268 1718 corde3
300 1660 402 1721 quia
431 1659 510 1719 ipsi
540 1661 676 1703 Deum
699 1658 914 1704 videbunt
939 1661 970 1704 ³.
1001 1678 1020 1700 »
1044 1660 1128 1705 Sed
1152 1662 1233 1706 hoc
1253 1697 1264 1717 ,
1303 1663 1446 1723 inquit

52 1748 198 1778 servus
225 1742 433 1792 tanquam
456 1746 555 1775 cum
583 1731 766 1775 Domino
800 1731 1049 1791 disputans,
1081 1748 1170 1777 non
1204 1735 1444 1793 expressisti

53 1819 152 1849 cum
183 1803 349 1858 dixisti,
380 1802 515 1846 Ibunt
531 1803 636 1862 justi
664 1802 709 1845 in
732 1803 861 1846 vitam
885 1812 1090 1847 aeternam
1117 1819 1126 1845 t
1153 1820 1243 1849 non
1264 1805 1403 1850 dixisti
1432 1826 1440 1851 ;

54 1874 187 1919 lbunt
215 1883 264 1918 ut
285 1873 462 1918 videant
491 1887 562 1916 me
592 1873 637 1916 in
659 1871 799 1917 forma
832 1873 932 1927 Dei,
968 1873 1146 1919 videant
1168 1878 1337 1920 Patrem
1372 1877 1443 1920 cui

53 1945 232 2006 aequalis
257 1960 368 1989 sum.
399 1943 516 1988 Alibi
539 1943 715 1988 attende
736 1943 845 2004 quid
866 1943 976 1989 dixit
1002 1963 1010 1990 ε
1039 1964 1059 1988 (ι
1086 1949 1189 1991 Haec
1212 1956 1274 1991 est
1297 1957 1442 1992 autem

56 2036 77 2060 η
112 2017 198 2061 vita
223 2025 408 2070 aeterna,
434 2024 485 2059 ut
506 2025 773 2074 cognoscant
800 2025 840 2059 te
863 2011 1003 2060 unum
1031 2032 1183 2062 verum
1210 2021 1372 2075 Deum,
1399 2029 1443 2064 et

57 2103 76 2128 »
111 2102 246 2147 quem
272 2085 422 2131 misisti
444 2087 592 2140 Jesum
613 2086 836 2131 Christum
860 2088 891 2129 4.
915 2105 936 2127 »

113 2159 234 2201 XVI.
269 2159 327 2201 Et
359 2154 491 2200 modo
523 2170 625 2213 ergo
654 2165 751 2215 post
777 2167 1165 2203 commemoratum
1191 2160 1438 2219 judicium,

54 2227 174 2288 quod
197 2242 328 2272 omne
363 2226 485 2270 dedit
507 2225 617 2270 Filio
652 2229 779 2271 Pater
800 2243 890 2272 non
913 2227 1114 2288 judicans
1143 2245 1409 2292 quemquam
1427 2266 1438 2287 ‚

54 2297 162 2359 quid
193 2297 391 2342 futurum
413 2298 506 2340 est?
536 2296 650 2349 Quid
672 2298 894 2357 sequitur?
920 2318 940 2340 «
976 2301 1034 2343 Ut
1055 2315 1204 2345 omnes
1235 2302 1443 2347 honorifi-

60 2388 80 2411 «
113 2379 213 2414 cent
238 2368 408 2422 Filium,
441 2367 550 2412 sieut
572 2368 860 2413 honorificant
882 2373 1051 2414 Patrem
1074 2373 1104 2415 ⁵.
1134 2391 1152 2413 η
1179 2373 1342 2417 Judaeis
1362 2374 1441 2418 ho-

103 2472 111 2488 ¹
127 2467 216 2498 Joan.
238 2475 314 2506 xvu,
334 2464 364 2497 3.
390 2480 430 2486 -
452 2469 464 2485 ²
487 2462 533 2496 Id.
561 2473 630 2505 xiv,
648 2471 702 2498 21.
728 2480 768 2487 —
789 2461 802 2488 3
817 2464 930 2497 matth.
951 2476 981 2508 v,
1001 2468 1036 2500 8.
1055 2483 1096 2491 -
1110 2465 1126 2497 4
1142 2468 1232 2501 Joan.
1250 2479 1327 2510 xvu,
1348 2467 1378 2500 3.
1398 2484 1439 2492 —

55 2519 135 2554 ⁵1d.
155 2532 190 2563 v,
205 2521 261 2555 23.
