<?xml version="1.0" encoding="UTF-8"?>
<!DOCTYPE html PUBLIC "-//W3C//DTD XHTML 1.0 Transitional//EN"
    "http://www.w3.org/TR/xhtml1/DTD/xhtml1-transitional.dtd">
<html xmlns="http://www.w3.org/1999/xhtml" xml:lang="en" lang="en">
 <head>
  <title>
</title>
<meta http-equiv="Content-Type" content="text/html;charset=utf-8" />
  <meta name='ocr-system' content='tesseract 3.04.00' />
  <meta name='ocr-capabilities' content='ocr_page ocr_carea ocr_par ocr_line ocrx_word'/>
</head>
<body>
  <div class='ocr_page' id='page_1' title='image "./operaomniaaccura15auguuoft_0171.png"; bbox 0 0 1825 3214; ppageno 0'>
   <div class='ocr_carea' id='block_1_1' title="bbox 269 201 1410 246">
    <p class='ocr_par' dir='ltr' id='par_1_1' title="bbox 269 201 1410 246">
     <span class='ocr_line' id='line_1_1' title="bbox 269 201 1410 246; baseline 0.004 -11"><span class='ocrx_word' id='word_1_1' title='bbox 269 210 311 236; x_wconf 66' lang='lat' dir='ltr'><strong>nv</strong></span> <span class='ocrx_word' id='word_1_2' title='bbox 345 207 518 237; x_wconf 74' lang='lat' dir='ltr'><strong>JOANle</strong></span> <span class='ocrx_word' id='word_1_3' title='bbox 550 207 855 246; x_wconf 70' lang='lat' dir='ltr'><strong>EvANoleuM,</strong></span> <span class='ocrx_word' id='word_1_4' title='bbox 879 209 1025 237; x_wconf 70' lang='lat' dir='ltr'><strong>TnAc‘r.</strong></span> <span class='ocrx_word' id='word_1_5' title='bbox 1063 213 1169 238; x_wconf 84' lang='lat' dir='ltr'><strong>xvii.</strong></span> <span class='ocrx_word' id='word_1_6' title='bbox 1329 201 1410 239; x_wconf 78' lang='lat'><strong>159</strong></span> 
     </span>
    </p>
   </div>
   <div class='ocr_carea' id='block_1_2' title="bbox 12 270 1430 2530">
    <p class='ocr_par' dir='ltr' id='par_1_2' title="bbox 31 270 1423 1747">
     <span class='ocr_line' id='line_1_2' title="bbox 37 270 1408 332; baseline 0.002 -17"><span class='ocrx_word' id='word_1_7' title='bbox 37 284 123 316; x_wconf 89' lang='lat' dir='ltr'><strong>uno</strong></span> <span class='ocrx_word' id='word_1_8' title='bbox 142 271 276 316; x_wconf 87' lang='lat' dir='ltr'><strong>verbo</strong></span> <span class='ocrx_word' id='word_1_9' title='bbox 303 285 454 316; x_wconf 91' lang='lat' dir='ltr'><strong>omnes</strong></span> <span class='ocrx_word' id='word_1_10' title='bbox 482 271 656 330; x_wconf 87' lang='lat' dir='ltr'><strong>erigere.</strong></span> <span class='ocrx_word' id='word_1_11' title='bbox 683 270 796 325; x_wconf 87' lang='lat' dir='ltr'><strong>Quid</strong></span> <span class='ocrx_word' id='word_1_12' title='bbox 826 286 928 331; x_wconf 88' lang='lat' dir='ltr'><strong>ergo</strong></span> <span class='ocrx_word' id='word_1_13' title='bbox 957 273 1286 332; x_wconf 85' lang='lat' dir='ltr'><strong>intelligendum</strong></span> <span class='ocrx_word' id='word_1_14' title='bbox 1316 283 1379 318; x_wconf 88' lang='lat' dir='ltr'><strong>est</strong></span> <span class='ocrx_word' id='word_1_15' title='bbox 1396 311 1408 330; x_wconf 86' lang='lat'>‚</span> 
     </span>
     <span class='ocr_line' id='line_1_3' title="bbox 33 340 1413 403; baseline 0.003 -20"><span class='ocrx_word' id='word_1_16' title='bbox 33 340 111 383; x_wconf 90' lang='lat' dir='ltr'><strong>nisi</strong></span> <span class='ocrx_word' id='word_1_17' title='bbox 140 340 242 400; x_wconf 85' lang='lat' dir='ltr'><strong>quia</strong></span> <span class='ocrx_word' id='word_1_18' title='bbox 265 348 453 400; x_wconf 88' lang='lat' dir='ltr'><strong>potestas</strong></span> <span class='ocrx_word' id='word_1_19' title='bbox 475 340 546 384; x_wconf 90' lang='lat' dir='ltr'><strong>illa</strong></span> <span class='ocrx_word' id='word_1_20' title='bbox 568 349 610 384; x_wconf 86' lang='lat' dir='ltr'><strong>ct</strong></span> <span class='ocrx_word' id='word_1_21' title='bbox 646 340 815 385; x_wconf 86' lang='lat' dir='ltr'>bonitas</span> <span class='ocrx_word' id='word_1_22' title='bbox 839 340 911 384; x_wconf 89' lang='lat' dir='ltr'><strong>illa</strong></span> <span class='ocrx_word' id='word_1_23' title='bbox 936 342 1070 400; x_wconf 84' lang='lat' dir='ltr'><strong>magis</strong></span> <span class='ocrx_word' id='word_1_24' title='bbox 1098 343 1278 400; x_wconf 87' lang='lat' dir='ltr'><strong>agebat,</strong></span> <span class='ocrx_word' id='word_1_25' title='bbox 1303 342 1413 403; x_wconf 84' lang='lat' dir='ltr'><strong>quid</strong></span> 
     </span>
     <span class='ocr_line' id='line_1_4' title="bbox 33 410 1410 472; baseline 0.003 -18"><span class='ocrx_word' id='word_1_26' title='bbox 33 411 186 455; x_wconf 82' lang='lat' dir='ltr'><strong>animae</strong></span> <span class='ocrx_word' id='word_1_27' title='bbox 209 411 254 455; x_wconf 90' lang='lat' dir='ltr'><strong>in</strong></span> <span class='ocrx_word' id='word_1_28' title='bbox 284 410 408 456; x_wconf 81' lang='lat' dir='ltr'><strong>factis</strong></span> <span class='ocrx_word' id='word_1_29' title='bbox 429 411 518 471; x_wconf 92' lang='lat' dir='ltr'><strong>ejus</strong></span> <span class='ocrx_word' id='word_1_30' title='bbox 541 425 619 471; x_wconf 91' lang='lat' dir='ltr'><strong>pro</strong></span> <span class='ocrx_word' id='word_1_31' title='bbox 648 411 785 456; x_wconf 86' lang='lat' dir='ltr'><strong>salute</strong></span> <span class='ocrx_word' id='word_1_32' title='bbox 813 412 1072 471; x_wconf 88' lang='lat' dir='ltr'><strong>sempiterna</strong></span> <span class='ocrx_word' id='word_1_33' title='bbox 1095 412 1410 472; x_wconf 79' lang='lat' dir='ltr'><strong>intelligerent,</strong></span> 
     </span>
     <span class='ocr_line' id='line_1_5' title="bbox 32 473 1414 542; baseline 0.001 -18"><span class='ocrx_word' id='word_1_34' title='bbox 32 494 164 540; x_wconf 85' lang='lat' dir='ltr'><strong>quam</strong></span> <span class='ocrx_word' id='word_1_35' title='bbox 199 481 309 542; x_wconf 90' lang='lat' dir='ltr'><strong>quid</strong></span> <span class='ocrx_word' id='word_1_36' title='bbox 345 495 424 541; x_wconf 89' lang='lat' dir='ltr'><strong>pro</strong></span> <span class='ocrx_word' id='word_1_37' title='bbox 458 481 685 540; x_wconf 86' lang='lat' dir='ltr'><strong>temporali</strong></span> <span class='ocrx_word' id='word_1_38' title='bbox 723 481 861 526; x_wconf 90' lang='lat' dir='ltr'><strong>salute</strong></span> <span class='ocrx_word' id='word_1_39' title='bbox 878 473 881 476; x_wconf 44' lang='grc'><strong>”</strong></span> <span class='ocrx_word' id='word_1_40' title='bbox 896 496 1077 542; x_wconf 87' lang='lat' dir='ltr'><strong>corpora</strong></span> <span class='ocrx_word' id='word_1_41' title='bbox 1117 486 1414 528; x_wconf 77' lang='lat' dir='ltr'><strong>mererentur?</strong></span> 
     </span>
     <span class='ocr_line' id='line_1_6' title="bbox 31 551 1411 612; baseline 0.001 -15"><span class='ocrx_word' id='word_1_42' title='bbox 31 552 275 612; x_wconf 78' lang='lat' dir='ltr'><strong>Corporum</strong></span> <span class='ocrx_word' id='word_1_43' title='bbox 310 551 427 595; x_wconf 92' lang='lat' dir='ltr'><strong>enim</strong></span> <span class='ocrx_word' id='word_1_44' title='bbox 465 551 579 596; x_wconf 86' lang='lat' dir='ltr'><strong>salus</strong></span> <span class='ocrx_word' id='word_1_45' title='bbox 607 566 707 612; x_wconf 85' lang='lat' dir='ltr'><strong>quae</strong></span> <span class='ocrx_word' id='word_1_46' title='bbox 738 566 839 596; x_wconf 91' lang='lat' dir='ltr'><strong>vera</strong></span> <span class='ocrx_word' id='word_1_47' title='bbox 871 562 1123 612; x_wconf 85' lang='lat' dir='ltr'><strong>expectatur</strong></span> <span class='ocrx_word' id='word_1_48' title='bbox 1151 568 1175 597; x_wconf 91' lang='lat' dir='ltr'><strong>a</strong></span> <span class='ocrx_word' id='word_1_49' title='bbox 1210 553 1411 608; x_wconf 88' lang='lat' dir='ltr'><strong>Domino,</strong></span> 
     </span>
     <span class='ocr_line' id='line_1_7' title="bbox 33 621 1413 683; baseline 0.002 -19"><span class='ocrx_word' id='word_1_50' title='bbox 33 621 114 665; x_wconf 89' lang='lat' dir='ltr'><strong>erit</strong></span> <span class='ocrx_word' id='word_1_51' title='bbox 134 621 180 665; x_wconf 90' lang='lat' dir='ltr'><strong>in</strong></span> <span class='ocrx_word' id='word_1_52' title='bbox 198 622 285 665; x_wconf 84' lang='lat' dir='ltr'><strong>fine</strong></span> <span class='ocrx_word' id='word_1_53' title='bbox 298 621 345 666; x_wconf 91' lang='lat' dir='ltr'><strong>in</strong></span> <span class='ocrx_word' id='word_1_54' title='bbox 366 622 676 667; x_wconf 84' lang='lat' dir='ltr'><strong>resurrectione</strong></span> <span class='ocrx_word' id='word_1_55' title='bbox 692 631 966 667; x_wconf 89' lang='lat' dir='ltr'><strong>mortuorum</strong></span> <span class='ocrx_word' id='word_1_56' title='bbox 991 642 999 667; x_wconf 91' lang='lat'>:</span> <span class='ocrx_word' id='word_1_57' title='bbox 1020 631 1125 667; x_wconf 99' lang='grc' dir='ltr'><strong>ωηο</strong></span> <span class='ocrx_word' id='word_1_58' title='bbox 1142 624 1264 683; x_wconf 87' lang='lat' dir='ltr'><strong>quod</strong></span> <span class='ocrx_word' id='word_1_59' title='bbox 1279 624 1413 678; x_wconf 88' lang='lat' dir='ltr'><strong>vivet,</strong></span> 
     </span>
     <span class='ocr_line' id='line_1_8' title="bbox 33 692 1417 753; baseline 0.001 -17"><span class='ocrx_word' id='word_1_60' title='bbox 33 704 123 736; x_wconf 87' lang='lat' dir='ltr'><strong>non</strong></span> <span class='ocrx_word' id='word_1_61' title='bbox 142 693 376 750; x_wconf 69' lang='lat' dir='ltr'><strong>morietur,</strong></span> <span class='ocrx_word' id='word_1_62' title='bbox 400 701 506 737; x_wconf 87' lang='lat' dir='ltr'><strong>tunc</strong></span> <span class='ocrx_word' id='word_1_63' title='bbox 522 692 642 752; x_wconf 87' lang='lat' dir='ltr'><strong>quod</strong></span> <span class='ocrx_word' id='word_1_64' title='bbox 656 693 894 749; x_wconf 85' lang='lat' dir='ltr'><strong>sanabitur,</strong></span> <span class='ocrx_word' id='word_1_65' title='bbox 920 708 1009 738; x_wconf 90' lang='lat' dir='ltr'><strong>non</strong></span> <span class='ocrx_word' id='word_1_66' title='bbox 1031 694 1286 753; x_wconf 81' lang='lat' dir='ltr'><strong>aegrotabit3</strong></span> <span class='ocrx_word' id='word_1_67' title='bbox 1312 702 1417 738; x_wconf 88' lang='lat' dir='ltr'><strong>tunc</strong></span> 
     </span>
     <span class='ocr_line' id='line_1_9' title="bbox 33 762 1418 825; baseline 0.001 -19"><span class='ocrx_word' id='word_1_68' title='bbox 33 762 155 822; x_wconf 88' lang='lat' dir='ltr'><strong>quod</strong></span> <span class='ocrx_word' id='word_1_69' title='bbox 175 763 419 819; x_wconf 83' lang='lat' dir='ltr'>satiabitur,</span> <span class='ocrx_word' id='word_1_70' title='bbox 446 778 535 808; x_wconf 91' lang='lat' dir='ltr'><strong>non</strong></span> <span class='ocrx_word' id='word_1_71' title='bbox 547 764 708 809; x_wconf 84' lang='lat' dir='ltr'><strong>esuriet</strong></span> <span class='ocrx_word' id='word_1_72' title='bbox 729 773 805 808; x_wconf 89' lang='lat' dir='ltr'><strong>aut</strong></span> <span class='ocrx_word' id='word_1_73' title='bbox 820 765 957 823; x_wconf 75' lang='lat' dir='ltr'><strong>sitiet,</strong></span> <span class='ocrx_word' id='word_1_74' title='bbox 976 773 1082 809; x_wconf 90' lang='lat' dir='ltr'><strong>tunc</strong></span> <span class='ocrx_word' id='word_1_75' title='bbox 1099 765 1219 825; x_wconf 92' lang='lat' dir='ltr'><strong>quod</strong></span> <span class='ocrx_word' id='word_1_76' title='bbox 1235 779 1418 810; x_wconf 84' lang='lat' dir='ltr'><strong>renova-</strong></span> 
     </span>
     <span class='ocr_line' id='line_1_10' title="bbox 33 833 1419 890; baseline 0.002 -13"><span class='ocrx_word' id='word_1_77' title='bbox 33 833 173 890; x_wconf 88' lang='lat' dir='ltr'><strong>bitur,</strong></span> <span class='ocrx_word' id='word_1_78' title='bbox 198 849 288 880; x_wconf 90' lang='lat' dir='ltr'><strong>non</strong></span> <span class='ocrx_word' id='word_1_79' title='bbox 309 844 560 880; x_wconf 82' lang='lat' dir='ltr'><strong>veterascet.</strong></span> <span class='ocrx_word' id='word_1_80' title='bbox 592 838 717 881; x_wconf 92' lang='lat' dir='ltr'><strong>Nunc</strong></span> <span class='ocrx_word' id='word_1_81' title='bbox 739 851 842 881; x_wconf 91' lang='lat' dir='ltr'><strong>vero</strong></span> <span class='ocrx_word' id='word_1_82' title='bbox 870 837 915 881; x_wconf 92' lang='lat' dir='ltr'><strong>in</strong></span> <span class='ocrx_word' id='word_1_83' title='bbox 935 836 1018 880; x_wconf 90' lang='lat' dir='ltr'><strong>illis</strong></span> <span class='ocrx_word' id='word_1_84' title='bbox 1039 837 1165 882; x_wconf 81' lang='lat' dir='ltr'><strong>factis</strong></span> <span class='ocrx_word' id='word_1_85' title='bbox 1187 837 1358 882; x_wconf 82' lang='lat' dir='ltr'><strong>Domini</strong></span> <span class='ocrx_word' id='word_1_86' title='bbox 1375 845 1419 880; x_wconf 89' lang='lat' dir='ltr'><strong>et</strong></span> 
     </span>
     <span class='ocr_line' id='line_1_11' title="bbox 35 902 1416 968; baseline 0.001 -20"><span class='ocrx_word' id='word_1_87' title='bbox 35 902 257 950; x_wconf 88' lang='lat' dir='ltr'><strong>salvatoris</strong></span> <span class='ocrx_word' id='word_1_88' title='bbox 279 906 414 950; x_wconf 84' lang='lat' dir='ltr'><strong>nostri</strong></span> <span class='ocrx_word' id='word_1_89' title='bbox 438 907 540 950; x_wconf 83' lang='lat' dir='ltr'><strong>Jesu</strong></span> <span class='ocrx_word' id='word_1_90' title='bbox 571 907 760 962; x_wconf 88' lang='lat' dir='ltr'><strong>Christi,</strong></span> <span class='ocrx_word' id='word_1_91' title='bbox 787 916 830 951; x_wconf 91' lang='lat' dir='ltr'><strong>et</strong></span> <span class='ocrx_word' id='word_1_92' title='bbox 863 921 1078 952; x_wconf 81' lang='lat' dir='ltr'><strong>caecorum</strong></span> <span class='ocrx_word' id='word_1_93' title='bbox 1109 909 1244 968; x_wconf 83' lang='lat' dir='ltr'><strong>aperti</strong></span> <span class='ocrx_word' id='word_1_94' title='bbox 1271 905 1416 963; x_wconf 89' lang='lat' dir='ltr'><strong>oculi,</strong></span> 
     </span>
     <span class='ocr_line' id='line_1_12' title="bbox 36 975 1418 1036; baseline 0.004 -18"><span class='ocrx_word' id='word_1_95' title='bbox 36 983 174 1020; x_wconf 88' lang='lat' dir='ltr'><strong>morte</strong></span> <span class='ocrx_word' id='word_1_96' title='bbox 204 975 339 1020; x_wconf 90' lang='lat' dir='ltr'><strong>clausi</strong></span> <span class='ocrx_word' id='word_1_97' title='bbox 360 985 484 1035; x_wconf 68' lang='lat' dir='ltr'><strong>sunt,</strong></span> <span class='ocrx_word' id='word_1_98' title='bbox 508 985 551 1020; x_wconf 93' lang='lat' dir='ltr'><strong>et</strong></span> <span class='ocrx_word' id='word_1_99' title='bbox 579 977 916 1036; x_wconf 81' lang='lat' dir='ltr'><strong>paralyticorum</strong></span> <span class='ocrx_word' id='word_1_100' title='bbox 938 979 1134 1022; x_wconf 84' lang='lat' dir='ltr'><strong>membra</strong></span> <span class='ocrx_word' id='word_1_101' title='bbox 1164 979 1418 1034; x_wconf 84' lang='lat' dir='ltr'><strong>constricta,</strong></span> 
     </span>
     <span class='ocr_line' id='line_1_13' title="bbox 34 1046 1421 1109; baseline 0.004 -20"><span class='ocrx_word' id='word_1_102' title='bbox 34 1054 174 1090; x_wconf 89' lang='lat' dir='ltr'><strong>morte</strong></span> <span class='ocrx_word' id='word_1_103' title='bbox 199 1046 410 1092; x_wconf 88' lang='lat' dir='ltr'><strong>dissoluta</strong></span> <span class='ocrx_word' id='word_1_104' title='bbox 436 1055 561 1105; x_wconf 71' lang='lat' dir='ltr'><strong>sunt,</strong></span> <span class='ocrx_word' id='word_1_105' title='bbox 591 1057 635 1092; x_wconf 91' lang='lat' dir='ltr'><strong>et</strong></span> <span class='ocrx_word' id='word_1_106' title='bbox 655 1047 873 1108; x_wconf 83' lang='lat' dir='ltr'><strong>quidquid</strong></span> <span class='ocrx_word' id='word_1_107' title='bbox 895 1058 1094 1093; x_wconf 87' lang='lat' dir='ltr'><strong>sanatum</strong></span> <span class='ocrx_word' id='word_1_108' title='bbox 1117 1058 1179 1093; x_wconf 89' lang='lat' dir='ltr'><strong>est</strong></span> <span class='ocrx_word' id='word_1_109' title='bbox 1200 1059 1421 1109; x_wconf 88' lang='lat' dir='ltr'><strong>tempora-</strong></span> 
     </span>
     <span class='ocr_line' id='line_1_14' title="bbox 34 1116 1421 1174; baseline 0.003 -13"><span class='ocrx_word' id='word_1_110' title='bbox 34 1116 132 1162; x_wconf 87' lang='lat' dir='ltr'><strong>liter</strong></span> <span class='ocrx_word' id='word_1_111' title='bbox 157 1118 203 1162; x_wconf 91' lang='lat' dir='ltr'><strong>in</strong></span> <span class='ocrx_word' id='word_1_112' title='bbox 223 1118 429 1163; x_wconf 85' lang='lat' dir='ltr'><strong>membris</strong></span> <span class='ocrx_word' id='word_1_113' title='bbox 453 1118 737 1174; x_wconf 86' lang='lat' dir='ltr'><strong>mortalibus,</strong></span> <span class='ocrx_word' id='word_1_114' title='bbox 758 1119 803 1163; x_wconf 91' lang='lat' dir='ltr'><strong>in</strong></span> <span class='ocrx_word' id='word_1_115' title='bbox 827 1120 912 1163; x_wconf 93' lang='lat' dir='ltr'><strong>fine</strong></span> <span class='ocrx_word' id='word_1_116' title='bbox 931 1119 1092 1164; x_wconf 75' lang='lat' dir='ltr'><strong>defecit</strong></span> <span class='ocrx_word' id='word_1_117' title='bbox 1118 1139 1126 1164; x_wconf 74' lang='grc' dir='ltr'>ε</span> <span class='ocrx_word' id='word_1_118' title='bbox 1153 1121 1297 1165; x_wconf 87' lang='lat' dir='ltr'><strong>anima</strong></span> <span class='ocrx_word' id='word_1_119' title='bbox 1317 1136 1421 1165; x_wconf 91' lang='lat' dir='ltr'><strong>vero</strong></span> 
     </span>
     <span class='ocr_line' id='line_1_15' title="bbox 35 1189 1421 1247; baseline 0.002 -15"><span class='ocrx_word' id='word_1_120' title='bbox 35 1202 134 1247; x_wconf 80' lang='lat' dir='ltr'><strong>quae</strong></span> <span class='ocrx_word' id='word_1_121' title='bbox 155 1189 340 1233; x_wconf 90' lang='lat' dir='ltr'><strong>credidit</strong></span> <span class='ocrx_word' id='word_1_122' title='bbox 355 1224 367 1245; x_wconf 91' lang='lat'><strong>,</strong></span> <span class='ocrx_word' id='word_1_123' title='bbox 393 1190 449 1234; x_wconf 87' lang='lat' dir='ltr'><strong>ad</strong></span> <span class='ocrx_word' id='word_1_124' title='bbox 468 1189 601 1234; x_wconf 87' lang='lat' dir='ltr'><strong>vitam</strong></span> <span class='ocrx_word' id='word_1_125' title='bbox 625 1199 831 1234; x_wconf 83' lang='lat' dir='ltr'><strong>aeternam</strong></span> <span class='ocrx_word' id='word_1_126' title='bbox 858 1191 1087 1235; x_wconf 87' lang='lat' dir='ltr'><strong>transitum</strong></span> <span class='ocrx_word' id='word_1_127' title='bbox 1105 1190 1224 1235; x_wconf 88' lang='lat' dir='ltr'><strong>fecit.</strong></span> <span class='ocrx_word' id='word_1_128' title='bbox 1251 1192 1421 1235; x_wconf 78' lang='lat' dir='ltr'><strong>Animae</strong></span> 
     </span>
     <span class='ocr_line' id='line_1_16' title="bbox 36 1260 1421 1322; baseline 0.003 -20"><span class='ocrx_word' id='word_1_129' title='bbox 36 1272 137 1317; x_wconf 87' lang='lat' dir='ltr'><strong>ergo</strong></span> <span class='ocrx_word' id='word_1_130' title='bbox 151 1260 398 1317; x_wconf 82' lang='lat' dir='ltr'><strong>crediturae,</strong></span> <span class='ocrx_word' id='word_1_131' title='bbox 417 1262 542 1321; x_wconf 89' lang='lat' dir='ltr'><strong>cujus</strong></span> <span class='ocrx_word' id='word_1_132' title='bbox 563 1269 739 1320; x_wconf 90' lang='lat' dir='ltr'><strong>peccata</strong></span> <span class='ocrx_word' id='word_1_133' title='bbox 762 1260 981 1306; x_wconf 90' lang='lat' dir='ltr'><strong>dimittere</strong></span> <span class='ocrx_word' id='word_1_134' title='bbox 1002 1270 1195 1317; x_wconf 85' lang='lat' dir='ltr'><strong>venerat,</strong></span> <span class='ocrx_word' id='word_1_135' title='bbox 1222 1262 1277 1306; x_wconf 90' lang='lat' dir='ltr'><strong>ad</strong></span> <span class='ocrx_word' id='word_1_136' title='bbox 1298 1264 1421 1322; x_wconf 89' lang='lat' dir='ltr'><strong>cujus</strong></span> 
     </span>
     <span class='ocr_line' id='line_1_17' title="bbox 35 1327 1421 1391; baseline 0.004 -19"><span class='ocrx_word' id='word_1_137' title='bbox 35 1327 264 1388; x_wconf 86' lang='lat' dir='ltr'><strong>languores</strong></span> <span class='ocrx_word' id='word_1_138' title='bbox 285 1330 500 1376; x_wconf 91' lang='lat' dir='ltr'><strong>sanandos</strong></span> <span class='ocrx_word' id='word_1_139' title='bbox 519 1345 562 1375; x_wconf 91' lang='lat' dir='ltr'><strong>se</strong></span> <span class='ocrx_word' id='word_1_140' title='bbox 581 1331 914 1388; x_wconf 87' lang='lat' dir='ltr'><strong>humiliaverat,</strong></span> <span class='ocrx_word' id='word_1_141' title='bbox 940 1332 996 1376; x_wconf 88' lang='lat' dir='ltr'><strong>de</strong></span> <span class='ocrx_word' id='word_1_142' title='bbox 1017 1333 1101 1377; x_wconf 87' lang='lat' dir='ltr'><strong>hoc</strong></span> <span class='ocrx_word' id='word_1_143' title='bbox 1125 1332 1332 1391; x_wconf 77' lang='lat' dir='ltr'><strong>languido</strong></span> <span class='ocrx_word' id='word_1_144' title='bbox 1351 1347 1421 1378; x_wconf 89' lang='lat' dir='ltr'><strong>sa-</strong></span> 
     </span>
     <span class='ocr_line' id='line_1_18' title="bbox 36 1401 1422 1463; baseline 0.004 -20"><span class='ocrx_word' id='word_1_145' title='bbox 36 1407 140 1444; x_wconf 87' lang='lat' dir='ltr'><strong>nato</strong></span> <span class='ocrx_word' id='word_1_146' title='bbox 161 1415 371 1459; x_wconf 85' lang='lat' dir='ltr'><strong>magnum</strong></span> <span class='ocrx_word' id='word_1_147' title='bbox 393 1402 567 1460; x_wconf 84' lang='lat' dir='ltr'><strong>signum</strong></span> <span class='ocrx_word' id='word_1_148' title='bbox 588 1401 724 1447; x_wconf 87' lang='lat' dir='ltr'><strong>dedit.</strong></span> <span class='ocrx_word' id='word_1_149' title='bbox 751 1403 886 1463; x_wconf 83' lang='lat' dir='ltr'><strong>Cujus</strong></span> <span class='ocrx_word' id='word_1_150' title='bbox 908 1404 968 1446; x_wconf 88' lang='lat' dir='ltr'><strong>rei</strong></span> <span class='ocrx_word' id='word_1_151' title='bbox 989 1411 1033 1447; x_wconf 90' lang='lat' dir='ltr'><strong>et</strong></span> <span class='ocrx_word' id='word_1_152' title='bbox 1053 1404 1175 1462; x_wconf 86' lang='lat' dir='ltr'><strong>cujus</strong></span> <span class='ocrx_word' id='word_1_153' title='bbox 1196 1404 1305 1462; x_wconf 84' lang='lat' dir='ltr'><strong>signi</strong></span> <span class='ocrx_word' id='word_1_154' title='bbox 1328 1419 1422 1463; x_wconf 91' lang='lat' dir='ltr'><strong>pro-</strong></span> 
     </span>
     <span class='ocr_line' id='line_1_19' title="bbox 35 1468 1423 1533; baseline 0.004 -19"><span class='ocrx_word' id='word_1_155' title='bbox 35 1468 226 1515; x_wconf 88' lang='lat' dir='ltr'><strong>fundum</strong></span> <span class='ocrx_word' id='word_1_156' title='bbox 247 1482 582 1529; x_wconf 85' lang='lat' dir='ltr'><strong>sacramentum,</strong></span> <span class='ocrx_word' id='word_1_157' title='bbox 607 1482 822 1533; x_wconf 61' lang='lat' dir='ltr'><strong>quamtum</strong></span> <span class='ocrx_word' id='word_1_158' title='bbox 845 1474 1056 1519; x_wconf 88' lang='lat' dir='ltr'><strong>Dominus</strong></span> <span class='ocrx_word' id='word_1_159' title='bbox 1077 1474 1240 1519; x_wconf 86' lang='lat' dir='ltr'><strong>donare</strong></span> <span class='ocrx_word' id='word_1_160' title='bbox 1267 1474 1423 1533; x_wconf 82' lang='lat' dir='ltr'><strong>digna-</strong></span> 
     </span>
     <span class='ocr_line' id='line_1_20' title="bbox 37 1543 1423 1605; baseline 0.003 -20"><span class='ocrx_word' id='word_1_161' title='bbox 37 1549 135 1593; x_wconf 84' lang='lat' dir='ltr'><strong>tur,</strong></span> <span class='ocrx_word' id='word_1_162' title='bbox 160 1543 333 1587; x_wconf 89' lang='lat' dir='ltr'><strong>attentis</strong></span> <span class='ocrx_word' id='word_1_163' title='bbox 360 1543 484 1588; x_wconf 87' lang='lat' dir='ltr'><strong>vobis</strong></span> <span class='ocrx_word' id='word_1_164' title='bbox 515 1552 559 1588; x_wconf 89' lang='lat' dir='ltr'><strong>et</strong></span> <span class='ocrx_word' id='word_1_165' title='bbox 596 1545 762 1589; x_wconf 90' lang='lat' dir='ltr'><strong>orando</strong></span> <span class='ocrx_word' id='word_1_166' title='bbox 795 1545 1104 1605; x_wconf 86' lang='lat' dir='ltr'><strong>adjuvantibus</strong></span> <span class='ocrx_word' id='word_1_167' title='bbox 1126 1545 1423 1589; x_wconf 85' lang='lat' dir='ltr'><strong>infirmitatem</strong></span> 
     </span>
     <span class='ocr_line' id='line_1_21' title="bbox 38 1612 1421 1675; baseline 0.004 -20"><span class='ocrx_word' id='word_1_168' title='bbox 38 1620 251 1668; x_wconf 87' lang='lat' dir='ltr'><strong>nostram,</strong></span> <span class='ocrx_word' id='word_1_169' title='bbox 275 1612 432 1673; x_wconf 89' lang='lat' dir='ltr'><strong>loquar</strong></span> <span class='ocrx_word' id='word_1_170' title='bbox 449 1622 500 1657; x_wconf 90' lang='lat' dir='ltr'><strong>ut</strong></span> <span class='ocrx_word' id='word_1_171' title='bbox 517 1622 684 1672; x_wconf 89' lang='lat' dir='ltr'><strong>potero.</strong></span> <span class='ocrx_word' id='word_1_172' title='bbox 705 1614 933 1675; x_wconf 89' lang='lat' dir='ltr'><strong>Quidquid</strong></span> <span class='ocrx_word' id='word_1_173' title='bbox 955 1625 1101 1660; x_wconf 86' lang='lat' dir='ltr'><strong>autem</strong></span> <span class='ocrx_word' id='word_1_174' title='bbox 1121 1630 1211 1660; x_wconf 93' lang='lat' dir='ltr'><strong>non</strong></span> <span class='ocrx_word' id='word_1_175' title='bbox 1228 1630 1421 1675; x_wconf 86' lang='lat' dir='ltr'><strong>possum,</strong></span> 
     </span>
     <span class='ocr_line' id='line_1_22' title="bbox 38 1681 1419 1747; baseline 0.004 -23"><span class='ocrx_word' id='word_1_176' title='bbox 38 1681 260 1741; x_wconf 86' lang='lat' dir='ltr'><strong>supplebit</strong></span> <span class='ocrx_word' id='word_1_177' title='bbox 271 1683 314 1727; x_wconf 89' lang='lat' dir='ltr'><strong>in</strong></span> <span class='ocrx_word' id='word_1_178' title='bbox 336 1683 460 1728; x_wconf 89' lang='lat' dir='ltr'><strong>vobis</strong></span> <span class='ocrx_word' id='word_1_179' title='bbox 482 1684 588 1742; x_wconf 90' lang='lat' dir='ltr'><strong>ipse,</strong></span> <span class='ocrx_word' id='word_1_180' title='bbox 609 1699 698 1744; x_wconf 91' lang='lat' dir='ltr'><strong>quo</strong></span> <span class='ocrx_word' id='word_1_181' title='bbox 716 1685 950 1745; x_wconf 84' lang='lat' dir='ltr'><strong>adjuvante</strong></span> <span class='ocrx_word' id='word_1_182' title='bbox 961 1685 1074 1731; x_wconf 87' lang='lat' dir='ltr'><strong>facio</strong></span> <span class='ocrx_word' id='word_1_183' title='bbox 1085 1685 1211 1747; x_wconf 81' lang='lat' dir='ltr'><strong>quod</strong></span> <span class='ocrx_word' id='word_1_184' title='bbox 1227 1701 1419 1746; x_wconf 89' lang='lat' dir='ltr'><strong>possum.</strong></span> 
     </span>
    </p>

    <p class='ocr_par' dir='ltr' id='par_1_3' title="bbox 12 1753 1430 2530">
     <span class='ocr_line' id='line_1_23' title="bbox 100 1753 1418 1816; baseline 0.004 -20"><span class='ocrx_word' id='word_1_185' title='bbox 100 1754 158 1796; x_wconf 92' lang='lat'><strong>11.</strong></span> <span class='ocrx_word' id='word_1_186' title='bbox 177 1755 240 1796; x_wconf 92' lang='lat' dir='ltr'><strong>De</strong></span> <span class='ocrx_word' id='word_1_187' title='bbox 259 1753 340 1797; x_wconf 88' lang='lat' dir='ltr'><strong>hac</strong></span> <span class='ocrx_word' id='word_1_188' title='bbox 362 1754 526 1813; x_wconf 87' lang='lat' dir='ltr'><strong>piscina</strong></span> <span class='ocrx_word' id='word_1_189' title='bbox 548 1769 649 1814; x_wconf 86' lang='lat' dir='ltr'><strong>quae</strong></span> <span class='ocrx_word' id='word_1_190' title='bbox 669 1754 865 1815; x_wconf 87' lang='lat' dir='ltr'><strong>quinque</strong></span> <span class='ocrx_word' id='word_1_191' title='bbox 885 1757 1125 1816; x_wconf 88' lang='lat' dir='ltr'><strong>porticibus</strong></span> <span class='ocrx_word' id='word_1_192' title='bbox 1146 1757 1418 1816; x_wconf 87' lang='lat' dir='ltr'><strong>cingebatur,</strong></span> 
     </span>
     <span class='ocr_line' id='line_1_24' title="bbox 38 1821 1424 1885; baseline 0.004 -19"><span class='ocrx_word' id='word_1_193' title='bbox 38 1821 84 1865; x_wconf 87' lang='lat' dir='ltr'><strong>in</strong></span> <span class='ocrx_word' id='word_1_194' title='bbox 103 1822 264 1882; x_wconf 82' lang='lat' dir='ltr'><strong>quibus</strong></span> <span class='ocrx_word' id='word_1_195' title='bbox 273 1824 444 1882; x_wconf 86' lang='lat' dir='ltr'><strong>jacebat</strong></span> <span class='ocrx_word' id='word_1_196' title='bbox 460 1837 616 1881; x_wconf 85' lang='lat' dir='ltr'><strong>magna</strong></span> <span class='ocrx_word' id='word_1_197' title='bbox 637 1824 877 1870; x_wconf 89' lang='lat' dir='ltr'><strong>multitudo</strong></span> <span class='ocrx_word' id='word_1_198' title='bbox 897 1825 1202 1885; x_wconf 87' lang='lat' dir='ltr'><strong>languentium</strong></span> <span class='ocrx_word' id='word_1_199' title='bbox 1219 1861 1231 1883; x_wconf 96' lang='lat'><strong>,</strong></span> <span class='ocrx_word' id='word_1_200' title='bbox 1256 1826 1424 1880; x_wconf 76' lang='lat' dir='ltr'><strong>assidue</strong></span> 
     </span>
     <span class='ocr_line' id='line_1_25' title="bbox 39 1895 1424 1959; baseline 0.004 -23"><span class='ocrx_word' id='word_1_201' title='bbox 39 1907 118 1937; x_wconf 92' lang='lat' dir='ltr'><strong>nos</strong></span> <span class='ocrx_word' id='word_1_202' title='bbox 139 1901 341 1939; x_wconf 89' lang='lat' dir='ltr'><strong>tractasse</strong></span> <span class='ocrx_word' id='word_1_203' title='bbox 361 1895 562 1954; x_wconf 73' lang='lat' dir='ltr'><strong>memini,</strong></span> <span class='ocrx_word' id='word_1_204' title='bbox 580 1904 623 1940; x_wconf 91' lang='lat' dir='ltr'><strong>et</strong></span> <span class='ocrx_word' id='word_1_205' title='bbox 640 1910 729 1940; x_wconf 92' lang='lat' dir='ltr'><strong>rem</strong></span> <span class='ocrx_word' id='word_1_206' title='bbox 745 1895 942 1942; x_wconf 89' lang='lat' dir='ltr'><strong>dicturus</strong></span> <span class='ocrx_word' id='word_1_207' title='bbox 957 1912 1054 1942; x_wconf 91' lang='lat' dir='ltr'><strong>sum</strong></span> <span class='ocrx_word' id='word_1_208' title='bbox 1069 1932 1081 1954; x_wconf 86' lang='lat'><strong>,</strong></span> <span class='ocrx_word' id='word_1_209' title='bbox 1100 1913 1234 1959; x_wconf 87' lang='lat' dir='ltr'><strong>quam</strong></span> <span class='ocrx_word' id='word_1_210' title='bbox 1251 1913 1424 1943; x_wconf 87' lang='lat' dir='ltr'><strong>mecum</strong></span> 
     </span>
     <span class='ocr_line' id='line_1_26' title="bbox 39 1962 1427 2028; baseline 0.003 -20"><span class='ocrx_word' id='word_1_211' title='bbox 39 1962 186 2023; x_wconf 89' lang='lat' dir='ltr'><strong>plures</strong></span> <span class='ocrx_word' id='word_1_212' title='bbox 203 1975 514 2025; x_wconf 86' lang='lat' dir='ltr'><strong>recognoscant</strong></span> <span class='ocrx_word' id='word_1_213' title='bbox 531 1967 674 2026; x_wconf 89' lang='lat' dir='ltr'><strong>potius</strong></span> <span class='ocrx_word' id='word_1_214' title='bbox 690 1982 821 2028; x_wconf 90' lang='lat' dir='ltr'><strong>quam</strong></span> <span class='ocrx_word' id='word_1_215' title='bbox 836 1978 1116 2028; x_wconf 86' lang='lat' dir='ltr'><strong>cognoscant.</strong></span> <span class='ocrx_word' id='word_1_216' title='bbox 1134 1972 1300 2014; x_wconf 89' lang='lat' dir='ltr'><strong>Verum</strong></span> <span class='ocrx_word' id='word_1_217' title='bbox 1316 1967 1427 2013; x_wconf 89' lang='lat' dir='ltr'><strong>nihil</strong></span> 
     </span>
     <span class='ocr_line' id='line_1_27' title="bbox 41 2034 1427 2099; baseline 0.003 -21"><span class='ocrx_word' id='word_1_218' title='bbox 41 2042 105 2078; x_wconf 88' lang='lat' dir='ltr'><strong>est</strong></span> <span class='ocrx_word' id='word_1_219' title='bbox 132 2034 188 2079; x_wconf 88' lang='lat' dir='ltr'><strong>ab</strong></span> <span class='ocrx_word' id='word_1_220' title='bbox 218 2049 286 2091; x_wconf 90' lang='lat' dir='ltr'><strong>re,</strong></span> <span class='ocrx_word' id='word_1_221' title='bbox 312 2037 443 2080; x_wconf 89' lang='lat' dir='ltr'><strong>etiam</strong></span> <span class='ocrx_word' id='word_1_222' title='bbox 464 2045 567 2082; x_wconf 89' lang='lat' dir='ltr'><strong>nota</strong></span> <span class='ocrx_word' id='word_1_223' title='bbox 596 2047 818 2097; x_wconf 85' lang='lat' dir='ltr'><strong>repetere,</strong></span> <span class='ocrx_word' id='word_1_224' title='bbox 849 2047 900 2082; x_wconf 88' lang='lat' dir='ltr'><strong>ut</strong></span> <span class='ocrx_word' id='word_1_225' title='bbox 921 2047 964 2083; x_wconf 92' lang='lat' dir='ltr'><strong>et</strong></span> <span class='ocrx_word' id='word_1_226' title='bbox 990 2040 1066 2099; x_wconf 89' lang='lat' dir='ltr'><strong>qni</strong></span> <span class='ocrx_word' id='word_1_227' title='bbox 1095 2055 1186 2084; x_wconf 93' lang='lat' dir='ltr'><strong>non</strong></span> <span class='ocrx_word' id='word_1_228' title='bbox 1215 2047 1427 2085; x_wconf 84' lang='lat' dir='ltr'><strong>noverant</strong></span> 
     </span>
     <span class='ocr_line' id='line_1_28' title="bbox 40 2104 1426 2171; baseline 0.004 -23"><span class='ocrx_word' id='word_1_229' title='bbox 40 2104 338 2165; x_wconf 72' lang='lat' dir='ltr'><strong>instruantur,</strong></span> <span class='ocrx_word' id='word_1_230' title='bbox 366 2117 410 2152; x_wconf 91' lang='lat' dir='ltr'><strong>et</strong></span> <span class='ocrx_word' id='word_1_231' title='bbox 431 2107 508 2167; x_wconf 92' lang='lat' dir='ltr'><strong>qui</strong></span> <span class='ocrx_word' id='word_1_232' title='bbox 528 2117 740 2154; x_wconf 88' lang='lat' dir='ltr'><strong>noverant</strong></span> <span class='ocrx_word' id='word_1_233' title='bbox 760 2109 1091 2155; x_wconf 89' lang='lat' dir='ltr'><strong>confirmentur.</strong></span> <span class='ocrx_word' id='word_1_234' title='bbox 1117 2110 1308 2171; x_wconf 85' lang='lat' dir='ltr'><strong>Proinde</strong></span> <span class='ocrx_word' id='word_1_235' title='bbox 1328 2119 1426 2154; x_wconf 91' lang='lat' dir='ltr'><strong>tan-</strong></span> 
     </span>
     <span class='ocr_line' id='line_1_29' title="bbox 41 2177 1426 2239; baseline 0.004 -19"><span class='ocrx_word' id='word_1_236' title='bbox 41 2189 173 2235; x_wconf 80' lang='lat' dir='ltr'><strong>quam</strong></span> <span class='ocrx_word' id='word_1_237' title='bbox 189 2185 292 2222; x_wconf 88' lang='lat' dir='ltr'><strong>nota</strong></span> <span class='ocrx_word' id='word_1_238' title='bbox 313 2177 502 2223; x_wconf 87' lang='lat' dir='ltr'><strong>breviter</strong></span> <span class='ocrx_word' id='word_1_239' title='bbox 523 2179 852 2239; x_wconf 84' lang='lat' dir='ltr'><strong>perstringenda</strong></span> <span class='ocrx_word' id='word_1_240' title='bbox 872 2192 995 2238; x_wconf 90' lang='lat' dir='ltr'><strong>sunt,</strong></span> <span class='ocrx_word' id='word_1_241' title='bbox 1020 2197 1110 2227; x_wconf 91' lang='lat' dir='ltr'><strong>non</strong></span> <span class='ocrx_word' id='word_1_242' title='bbox 1129 2182 1264 2226; x_wconf 86' lang='lat' dir='ltr'><strong>otiose</strong></span> <span class='ocrx_word' id='word_1_243' title='bbox 1278 2180 1426 2226; x_wconf 87' lang='lat' dir='ltr'><strong>incul-</strong></span> 
     </span>
     <span class='ocr_line' id='line_1_30' title="bbox 12 2247 1426 2314; baseline 0.006 -24"><span class='ocrx_word' id='word_1_244' title='bbox 12 2247 193 2305; x_wconf 16' lang='lat' dir='ltr'><strong>xcanda.</strong></span> <span class='ocrx_word' id='word_1_245' title='bbox 231 2248 400 2293; x_wconf 87' lang='lat' dir='ltr'><strong>Piscina</strong></span> <span class='ocrx_word' id='word_1_246' title='bbox 428 2248 504 2294; x_wconf 90' lang='lat' dir='ltr'><strong>illa</strong></span> <span class='ocrx_word' id='word_1_247' title='bbox 535 2260 579 2295; x_wconf 90' lang='lat' dir='ltr'><strong>et</strong></span> <span class='ocrx_word' id='word_1_248' title='bbox 612 2266 726 2312; x_wconf 86' lang='lat' dir='ltr'><strong>aqua</strong></span> <span class='ocrx_word' id='word_1_249' title='bbox 757 2251 830 2297; x_wconf 91' lang='lat' dir='ltr'><strong>illa</strong></span> <span class='ocrx_word' id='word_1_250' title='bbox 851 2247 1078 2314; x_wconf 71' lang='lat' dir='ltr'><strong>&#39;populum</strong></span> <span class='ocrx_word' id='word_1_251' title='bbox 1110 2254 1217 2298; x_wconf 92' lang='lat' dir='ltr'><strong>mihi</strong></span> <span class='ocrx_word' id='word_1_252' title='bbox 1249 2254 1426 2299; x_wconf 85' lang='lat' dir='ltr'><strong>videtur</strong></span> 
     </span>
     <span class='ocr_line' id='line_1_31' title="bbox 41 2317 1428 2386; baseline 0.006 -25"><span class='ocrx_word' id='word_1_253' title='bbox 41 2317 301 2376; x_wconf 83' lang='lat' dir='ltr'><strong>significasse</strong></span> <span class='ocrx_word' id='word_1_254' title='bbox 329 2319 600 2366; x_wconf 84' lang='lat' dir='ltr'><strong>Judaeorum.</strong></span> <span class='ocrx_word' id='word_1_255' title='bbox 635 2323 873 2381; x_wconf 77' lang='lat' dir='ltr'><strong>significari</strong></span> <span class='ocrx_word' id='word_1_256' title='bbox 895 2326 1011 2370; x_wconf 88' lang='lat' dir='ltr'><strong>enim</strong></span> <span class='ocrx_word' id='word_1_257' title='bbox 1042 2325 1227 2386; x_wconf 84' lang='lat' dir='ltr'><strong>populos</strong></span> <span class='ocrx_word' id='word_1_258' title='bbox 1249 2326 1428 2371; x_wconf 88' lang='lat' dir='ltr'><strong>nomine</strong></span> 
     </span>
     <span class='ocr_line' id='line_1_32' title="bbox 43 2393 1430 2457; baseline 0.006 -25"><span class='ocrx_word' id='word_1_259' title='bbox 43 2397 277 2449; x_wconf 73' lang='lat' dir='ltr'><strong>aquarum,</strong></span> <span class='ocrx_word' id='word_1_260' title='bbox 303 2401 449 2450; x_wconf 88' lang='lat' dir='ltr'><strong>aperte</strong></span> <span class='ocrx_word' id='word_1_261' title='bbox 464 2393 591 2438; x_wconf 84' lang='lat' dir='ltr'><strong>nobis</strong></span> <span class='ocrx_word' id='word_1_262' title='bbox 612 2394 778 2440; x_wconf 83' lang='lat' dir='ltr'><strong>indicat</strong></span> <span class='ocrx_word' id='word_1_263' title='bbox 794 2397 1075 2457; x_wconf 86' lang='lat' dir='ltr'><strong>Apocalypsis</strong></span> <span class='ocrx_word' id='word_1_264' title='bbox 1099 2399 1281 2443; x_wconf 88' lang='lat' dir='ltr'><strong>Joannis</strong></span> <span class='ocrx_word' id='word_1_265' title='bbox 1311 2417 1320 2443; x_wconf 75' lang='grc' dir='ltr'><strong><em>ι</em></strong></span> <span class='ocrx_word' id='word_1_266' title='bbox 1352 2397 1430 2442; x_wconf 87' lang='lat' dir='ltr'><strong>ubi</strong></span> 
     </span>
     <span class='ocr_line' id='line_1_33' title="bbox 44 2461 1427 2530; baseline 0.005 -25"><span class='ocrx_word' id='word_1_267' title='bbox 44 2461 83 2505; x_wconf 90' lang='lat' dir='ltr'><strong>ei</strong></span> <span class='ocrx_word' id='word_1_268' title='bbox 103 2476 206 2510; x_wconf 86' lang='lat' dir='ltr'><strong>cum</strong></span> <span class='ocrx_word' id='word_1_269' title='bbox 230 2462 562 2510; x_wconf 85' lang='lat' dir='ltr'><strong>ostenderentur</strong></span> <span class='ocrx_word' id='word_1_270' title='bbox 580 2482 706 2526; x_wconf 82' lang='lat' dir='ltr'><strong>aquae</strong></span> <span class='ocrx_word' id='word_1_271' title='bbox 727 2467 902 2526; x_wconf 82' lang='lat' dir='ltr'><strong>multae,</strong></span> <span class='ocrx_word' id='word_1_272' title='bbox 930 2478 976 2515; x_wconf 90' lang='lat' dir='ltr'><strong>et</strong></span> <span class='ocrx_word' id='word_1_273' title='bbox 995 2470 1298 2530; x_wconf 74' lang='lat' dir='ltr'><strong>interrogasset</strong></span> <span class='ocrx_word' id='word_1_274' title='bbox 1318 2467 1427 2529; x_wconf 91' lang='lat' dir='ltr'><strong>quid</strong></span> 
     </span>
    </p>
   </div>
  </div>
 </body>
</html>
