1809 3173
375 181 460 221 460
814 197 847 223 S·
883 193 1111 224 AUGUSTINI
1145 198 1325 226 EPISCOPI

375 358 1753 384 mmmmmmwmmmm¹mmwmmxmmwuww

765 501 1170 549 TRACTATUS
1203 504 1349 550 XLII.

378 661 445 706 Ab
469 677 519 706 eo
541 661 659 722 quod
680 663 887 722 scriptum
908 673 971 708 est
990 681 1001 708 .·
1026 663 1137 709 Scio
1161 663 1385 725 qniafilz‘z'
1402 663 1663 710 Abraham
1684 683 1755 711 es-

438 734 517 788 tis,
536 732 625 777 sed
642 735 853 791 [laeseritis
875 751 949 778 me
971 736 1235 796 interficere
1255 752 1265 779 .·
1287 752 1424 796 usque
1439 736 1493 780 ad
1510 736 1578 792 id,
1600 737 1756 797 Prop-

438 813 569 848 terea
592 819 674 848 vos
696 819 791 848 non
809 804 986 849 auditis
1002 840 1012 860 ,
1039 806 1154 864 ([ιιία
1177 822 1239 850 ex
1259 805 1366 851 Deo
1389 822 1483 851 non
1500 808 1624 851 estis.

436 952 471 993 I.
498 953 698 995 DOMlNUs
720 960 866 995 noster
887 951 1016 995 etiam
1038 952 1081 995 in
1104 951 1242 996 torma
1260 952 1369 997 servi
1393 968 1482 997 non
1503 968 1665 1008 servus,
1682 952 1757 997 sed

376 1019 422 1063 in
459 1020 598 1064 forma
623 1022 752 1065 etiam
785 1022 891 1065 servi
924 1021 1146 1078 dominus,
1178 1021 1287 1078 (fuit
1319 1024 1482 1083 quippe
1514 1023 1588 1068 illa
1619 1024 1757 1068 carnis

377 1089 514 1135 forma
546 1091 730 1148 servilis,
759 1096 834 1137 sed
869 1094 1066 1153 quamvis
1090 1103 1199 1137 esset
1234 1093 1470 1138 similitudo
1491 1094 1630 1138 carnis
1653 1109 1755 1154 pec-

377 1162 476 1216 cati,
504 1178 589 1206 non
613 1172 703 1206 crat
725 1179 824 1207 caro
843 1165 1029 1222 peccati¹
1046 1166 1084 1221 ,)
1105 1164 1348 1208 libertatem
1368 1165 1564 1224 promisit
1581 1163 1758 1208 creden³
1808 1184 1809 1199 ³

376 1233 492 1276 tibus
521 1234 566 1277 in
588 1250 631 1279 se
658 1254 665 1279 ι
691 1235 832 1279 Judaci
855 1251 956 1279 vero
979 1245 1184 1295 tanquam
1210 1235 1264 1279 de
1285 1251 1360 1280 sua
1385 1235 1582 1280 libertate
1604 1251 1757 1295 super·
1808 1256 1809 1265 2

376 1302 544 1347 bientes
561 1339 571 1358 ,
614 1304 837 1364 dedignati
875 1315 976 1349 sunt
1014 1306 1105 1349 fleri
1137 1306 1261 1349 liberi
1281 1341 1290 1360 ,
1336 1322 1434 1350 cum
1474 1315 1614 1350 essent
1649 1306 1758 1351 servi

376 1376 556 1434 peccati.
585 1376 689 1419 ldco
718 1385 861 1420 autem
886 1392 928 1419 se
950 1376 1108 1421 liberos
1131 1392 1220 1420 esse
1238 1377 1468 1432 dixerunt,
1492 1378 1594 1437 quia
1611 1392 1758 1421 semen

376 1455 498 1489 erant
520 1446 722 1489 Abrahae.
737 1446 848 1499 Quid
863 1462 965 1505 ergo
983 1447 1041 1490 eis
1059 1446 1114 1490 ad
1129 1447 1223 1491 haec
1236 1447 1506 1506 responderit
1529 1447 1754 1500 Dominus,

376 1517 585 1561 hodierna
607 1516 737 1562 lectio
759 1533 858 1561 cum
884 1518 1160 1573 recitaretur,
1198 1518 1457 1562 audivimus.
1486 1538 1506 1560 «
1544 1520 1665 1574 Scio,
1691 1520 1758 1562 in-

379 1606 399 1628 »
435 1588 560 1648 quit,
590 1589 690 1648 quia
712 1588 787 1632 filii
813 1589 1000 1633 Abrahae
1023 1589 1121 1633 estis
1143 1610 1151 1634 ;
1179 1588 1254 1633 sed
1284 1590 1474 1650 quaeritis
1496 1605 1564 1633 me
1593 1591 1760 1633 interfi-

378 1677 398 1698 »
434 1674 530 1702 cere
547 1694 559 1715 ,
580 1660 681 1719 quia
705 1675 844 1703 sermo
863 1675 983 1703 meus
1007 1675 1096 1704 non
1118 1660 1232 1719 capit
1252 1660 1297 1703 in
1319 1660 1442 1704 vobis
1457 1663 1488 1703 ².
1512 1678 1532 1700 »
1558 1663 1758 1719 Agnosco

376 1744 449 1773 vos
465 1763 475 1781 ,
497 1728 640 1788 inquit
667 1748 674 1772 :
701 1748 718 1768 «
745 1727 822 1770 filii
840 1729 1027 1772 Abrahae
1049 1730 1147 1772 estis
1164 1764 1175 1783 ,
1196 1729 1271 1772 sed
1288 1731 1479 1788 quaeritis
1501 1745 1570 1773 me
1589 1730 1758 1774 interfi-

379 1819 398 1841 »
435 1815 545 1844 cere.
576 1818 595 1840 »
633 1802 830 1856 Agnosco
866 1799 1003 1842 carnis
1042 1799 1276 1858 originem,
1313 1815 1402 1843 non
1435 1799 1575 1844 cordis
1608 1801 1753 1845 fidem.

380 1890 399 1912 «
435 1870 532 1914 Filii
555 1870 741 1914 Abrahae
760 1870 857 1913 estis
873 1905 883 1924 ,
910 1889 928 1910 »
950 1869 1024 1913 sed
1048 1869 1288 1913 secundum
1314 1885 1502 1914 carnem.
1529 1871 1633 1914 Ideo
1648 1905 1659 1925 ,
1690 1872 1758 1915 in-

376 1941 486 2001 quit,
511 1959 530 1982 «
552 1940 743 2000 quaeritis
766 1955 834 1983 me
856 1938 1076 1984 occidere:
1098 1955 1238 1983 sermo
1256 1940 1371 1983 enim
1394 1956 1515 1984 meus
1538 1956 1627 1985 non
1644 1943 1759 2001 capit

382 2033 398 2052 »
434 2011 478 2054 in
497 2012 635 2056 vobis.
666 2030 684 2051 »
715 2010 757 2055 Si
774 2025 913 2054 sermo
936 2025 1056 2054 meus
1078 2019 1328 2069 caperetur,
1350 2020 1550 2069 caperet:
1576 2011 1610 2055 si
1632 2027 1759 2071 cape-

376 2082 530 2126 remini
548 2117 558 2137 ,
587 2081 699 2126 intra
727 2082 831 2125 retia
854 2080 954 2125 fidei
985 2090 1191 2141 tanquam
1211 2082 1345 2141 pisces
1368 2081 1755 2126 concluderemini.

378 2153 495 2205 Quid
517 2161 579 2196 est
605 2167 706 2211 ergo
735 2171 754 2194 «
778 2167 866 2195 non
884 2151 999 2210 capit
1023 2152 1066 2194 in
1097 2151 1252 2196 vobis?
1273 2170 1291 2192 »
1313 2153 1409 2196 Non
1432 2152 1547 2211 capit
1568 2167 1642 2197 cor
1662 2168 1760 2197 ves-

380 2232 512 2276 trum,
531 2223 633 2282 quia
656 2238 743 2266 non
768 2221 972 2281 recipitur
995 2237 1017 2265 a
1039 2221 1169 2265 corde
1190 2230 1348 2265 vestro.
1367 2222 1432 2266 Sic
1450 2222 1565 2265 enim
1589 2232 1652 2266 est
1672 2238 1761 2266 ser-

380 2310 451 2338 mo
487 2294 583 2347 Dei,
616 2303 657 2337 et
681 2294 739 2338 sic
773 2309 861 2337 esse
890 2293 1020 2337 dehet
1046 2292 1247 2336 fidelibus
1265 2328 1276 2347 ,
1312 2302 1517 2353 tanquam
1548 2293 1651 2352 pisci
1679 2294 1760 2338 ha-

381 2381 476 2408 mus
499 2383 507 2409 :
533 2373 638 2408 tunc
661 2365 775 2423 capit
797 2363 973 2423 quando
995 2364 1178 2422 capitur.
1203 2365 1291 2408 Nec
1324 2363 1372 2406 fit
1395 2363 1550 2422 injuria
1574 2362 1655 2407 illis
1685 2364 1760 2424 qui

381 2436 612 2495 capiuntur
635 2453 643 2479 :
669 2434 723 2478 ad
745 2433 927 2478 salutem
949 2435 1127 2493 quippe,
1154 2449 1241 2478 non
1260 2432 1314 2477 ad
1337 2433 1569 2492 perniciem
1586 2436 1761 2493 capiun-

430 2549 438 2565 ¹
457 2544 547 2575 Rom.
563 2552 631 2583 vm,
651 2541 682 2574 3.
704 2558 744 2565 —
765 2547 777 2564 ἱ
795 2543 886 2573 Joan.
907 2551 973 2581 viu,
995 2540 1047 2581 37.
