1809 3173
379 183 457 220 190
808 187 841 216 s.
878 186 1105 216 AUGUS'HNJ
1142 188 1319 214 Emscom

375 276 394 297 n
420 257 648 300 norificant
666 257 862 300 Patrem¹
891 273 900 299 ε
925 272 944 295 »
967 253 1087 313 quod
1110 254 1167 297 ita
1191 251 1429 311 subjunxit,
1454 259 1657 309 tanquam
1681 264 1751 292 ra·-

374 328 534 370 tionem
577 325 761 371 reddens
803 325 1032 384 superioris
1069 323 1308 367 sententiae.
1352 319 1542 365 Multum
1583 328 1749 373 movet,

372 397 528 442 intenti
564 406 714 441 estote.
757 395 892 440 Filius
930 410 1038 454 quos
1078 393 1174 438 vult
1219 393 1438 446 vivificat,
1477 394 1604 434 Pater
1645 404 1754 449 quos

370 466 465 511 vult
504 467 692 512 vivificat
723 485 731 511 :
758 466 894 510 Filius
912 464 1090 509 suscitat
1117 471 1339 516 mortuos,
1381 461 1492 504 sicut
1519 463 1644 503 Pater
1658 474 1754 503 sus-

370 537 474 581 citat
502 546 712 582 mortuos.
742 539 928 595 «Neque
954 534 1068 577 enim
1100 535 1223 576 Pater
1241 531 1408 591 judicat
1430 545 1711 589 quemquam,
1731 548 1750 570 »

374 607 416 652 Si
457 607 503 651 in
536 606 702 667 judicio
743 603 977 650 suscitandi
1013 612 1114 647 sunt
1146 602 1328 668 mogun,
1368 600 1590 660 quomodo
1632 603 1756 643 Pater

371 678 546 722 suscitat
579 687 795 732 mortuos,
839 677 872 719 si
903 689 991 719 non
1033 673 1202 733 judicat
1233 672 1528 733 quemquam?
1568 689 1587 712 «
1616 672 1756 714 Omne

375 766 394 789 »
429 748 592 808 quippe
622 747 839 808 judicium
872 744 992 789 dedit
1022 741 1147 787 Filio.
1186 761 1206 784 »
1238 746 1287 786 In
1323 741 1399 786 illo
1424 749 1568 785 autem
1593 740 1756 800 judicio
1808 761 1809 770 1

371 820 631 864 suscitantur
665 817 854 872 mortui,
886 824 930 859 et
957 823 1190 873 resurgunt
1219 813 1289 857 alii
1326 812 1380 856 ad
1413 813 1568 866 vitam,
1597 811 1668 854 alii
1703 810 1758 854 ad

371 904 547 949 poenam
575 907 583 933 :
610 888 730 948 quod
772 896 913 931 totum
950 886 982 930 si
1016 885 1150 929 Filius
1186 883 1304 937 facit,
1334 887 1458 927 Pater
1486 892 1630 926 autem
1659 881 1758 925 ideo
1808 890 1809 895 ’

372 975 462 1004 non
480 958 597 1012 facit,
618 959 720 1019 quia
745 976 765 999 «
788 961 916 1001 Pater
932 972 1021 1000 non
1038 956 1206 1015 judicat
1227 969 1508 1014 quemquam,
1533 952 1608 996 sed
1630 967 1759 996 omne

375 1048 396 1072 n
425 1030 639 1090 judicium
670 1028 791 1073 dedit
825 1028 952 1083 Filio,
986 1045 1005 1069 n
1032 1026 1295 1071 contrarium
1324 1025 1543 1069 videbitur
1566 1024 1604 1066 ei
1639 1021 1760 1082 quod

373 1100 539 1145 dictum
562 1110 641 1155 est,
671 1119 689 1142 «
719 1100 837 1144 Sicut
863 1102 989 1142 Pater
1018 1097 1196 1141 suscitat
1225 1105 1419 1140 mortuos
1454 1104 1497 1138 et
1539 1094 1757 1137 vivificat:

376 1191 395 1214 »
432 1173 491 1216 sic
513 1181 555 1215 et
578 1171 715 1215 Filius
730 1185 838 1231 quos
855 1169 951 1214 vult
972 1169 1177 1213 vivificat.
1208 1186 1226 1208 >1
1255 1167 1393 1212 Simul
1411 1181 1514 1224 ergo
1531 1165 1754 1209 suscitant.

376 1243 418 1288 Si
442 1243 571 1287 simul
591 1243 812 1296 suscitant,
838 1239 967 1285 simul
987 1240 1222 1284 vivificant.
1244 1237 1379 1282 Simul
1404 1252 1505 1295 ergo
1524 1235 1723 1295 judicant
1748 1253 1758 1279 ι

374 1313 596 1372 quomodo
620 1314 767 1372 itaque
790 1325 943 1355 verum
970 1318 1049 1362 est,
1077 1327 1096 1350 «
1120 1311 1272 1366 Neque
1295 1308 1410 1350 enim
1434 1310 1562 1349 Pater
1594 1304 1762 1364 judicat

377 1401 397 1424 »
433 1397 713 1444 quemquam,
740 1380 815 1426 sed
832 1395 961 1425 omne
979 1378 1193 1439 judicium
1212 1377 1332 1421 dedit
1356 1376 1491 1420 Filio?
1513 1394 1532 1416 »
1558 1378 1763 1420 Moveant

374 1454 547 1497 interim
573 1453 805 1513 propositae
826 1451 1106 1512 queestiones,
1134 1449 1359 1508 praestabit
1390 1447 1595 1491 Dominus
1623 1454 1673 1489 ut
1689 1461 1760 1489 so-

375 1524 479 1568 lutae
493 1523 733 1568 delectent.
758 1525 821 1566 Ita
840 1530 918 1575 est,
945 1520 1112 1574 fratres,
1137 1518 1277 1574 omnis
1314 1517 1497 1577 quaestio
1518 1516 1599 1559 nisi
1615 1515 1761 1559 inten-

376 1605 471 1640 tum
504 1595 653 1640 fecerit
690 1593 922 1654 proposita,
949 1607 1039 1637 non
1060 1590 1296 1635 delectabit
1319 1588 1523 1647 exposita.
1548 1590 1763 1646 Sequatur
1808 1634 1809 1637 Ἴ

377 1681 479 1725 ergo
498 1666 588 1725 ipse
610 1665 835 1718 Dominus,
862 1679 916 1707 ne
941 1661 1051 1706 forte
1074 1660 1185 1705 iniis
1213 1657 1567 1720 quaesubnectit,
1601 1657 1764 1716 aperiat

376 1752 421 1781 se
452 1736 739 1797 aliquantum.
781 1734 978 1780 Subtexit
1011 1733 1124 1776 enim
1155 1730 1307 1775 nubilo
1340 1729 1481 1773 lucem
1516 1742 1636 1772 suam
1676 1746 1685 1771 ε
1721 1736 1765 1770 et
1805 1734 1809 1738 '

378 1807 556 1852 difficile
585 1816 650 1851 est
681 1805 839 1866 aquilae
871 1819 991 1849 more
1022 1803 1167 1848 volare
1189 1816 1318 1860 super
1350 1814 1523 1858 omnem
1557 1797 1764 1842 nebulam
1802 1821 1809 1844 η

379 1894 465 1939 qua
486 1878 647 1938 tegitur
664 1877 801 1922 omnis
827 1885 957 1929 terra,
987 1883 1031 1918 et
1053 1873 1198 1916 videre
1235 1874 1281 1915 in
1308 1870 1450 1914 verbis
1480 1868 1651 1912 Domini
1672 1868 1762 1912 sin—

380 1949 639 1993 cerissimam
669 1947 813 1991 lucem
829 1947 861 1989 ².
882 1948 942 1988 Ne
962 1944 1075 1988 sorte
1097 1957 1198 2000 ergo
1234 1940 1376 1985 calore
1410 1938 1629 1983 radiorum
1660 1953 1763 1982 suo-

378 2035 475 2063 rum
507 2018 709 2063 discutiat
739 2016 969 2075 caliginem
1001 2023 1219 2067 nostram,
1258 2020 1302 2055 et
1334 2010 1608 2070 aliquantum
1641 2024 1684 2052 se
1718 2009 1764 2052 in

379 2089 748 2150 consequentibus
782 2085 947 2146 aperire
977 2084 1198 2143 dignetur,
1234 2081 1377 2126 dilatis
1412 2080 1503 2124 istis
1539 2079 1763 2140 sequentia

377 2161 617 2205 videamus.

439 2234 515 2275 VI.
548 2251 568 2273 «
594 2231 678 2284 Qui
704 2245 793 2274 non
814 2227 1074 2272 honorificat
1091 2224 1266 2278 Filium,
1287 2238 1377 2267 non
1398 2221 1656 2266 honorificat
1679 2223 1762 2264 Pa-

382 2321 402 2345 »
437 2311 548 2346 trem
570 2301 647 2362 qui
669 2301 783 2345 misit
805 2299 971 2341 illumss.
997 2315 1016 2337 »
1041 2299 1134 2340 Hoc
1151 2309 1301 2338 verum
1326 2303 1389 2337 est
1410 2301 1452 2336 et
1474 2291 1656 2351 planum
1678 2299 1756 2334 est.

384 2391 404 2416 «
437 2374 578 2417 Omne
593 2390 613 2414 »
630 2372 791 2431 qnippe
809 2390 826 2410 «
839 2368 1053 2429 judicium
1065 2365 1185 2410 dedit
1196 2364 1322 2418 Filio,
1339 2383 1357 2405 »
1373 2364 1483 2407 sicut
1492 2377 1620 2421 supra
1633 2360 1758 2415 dixit,

382 2463 403 2486 «
437 2452 486 2487 ut
515 2457 662 2488 omnes
688 2440 977 2485 honorificent
1008 2437 1186 2491 Filium,
1217 2436 1329 2479 sicut
1360 2433 1650 2479 honorificant
1676 2435 1760 2476 Pa-

425 2535 434 2551 ¹
455 2530 546 2563 Joan,
570 2537 601 2569 v,
622 2536 674 2559 22.
695 2542 735 2549 -
762 2531 774 2548 ²
797 2523 896 2557 Eccli.
917 2533 1002 2564 xxlv,
1021 2539 1062 2546 —
1077 2520 1197 2554 3J0an.
1214 2531 1246 2561 v,
1267 2520 1322 2552 23.

1802 1892 1809 1914 Ἰε

1800 2173 1809 2287 exxzse-
1802 2095 1809 2157 ο..-
1802 1911 1809 2067 r-z-xzzxr
1802 1848 1809 1883 „⁴1

1808 2473 1809 2481 ⁴
1802 2449 1809 2465 „v
1808 2420 1809 2424 „
1800 2287 1809 2414 Qensssfss
