1825 3214
302 223 344 249 tn
377 221 550 249 somnis
584 217 889 256 renuentum,
923 218 1070 246 ruer.
1108 219 1177 246 x1..
1349 203 1431 243 439

52 297 129 339 tes,
157 302 236 331 nec
255 286 327 330 tali
355 285 661 344 imaginatione
691 283 882 342 cogitare
908 284 1027 343 quali
1049 281 1288 341 corporalia
1311 281 1432 339 cogi-

50 367 218 408 tantur,
253 357 474 416 sapientiae
517 355 589 399 Dei
627 352 760 398 audes
801 353 996 411 ingerere
1028 353 1206 397 humani
1240 352 1432 411 eorporis

51 427 237 473 formam
255 430 273 471 P

110 501 166 542 V.
191 496 306 551 Quid
328 511 431 556 ergo
460 496 666 550 dicimus,
705 493 891 539 fratres?
913 492 1144 546 Quomodo
1179 492 1351 536 locutus
1373 500 1438 537 est

53 571 178 613 Pater
201 568 333 621 Filio,
353 567 563 627 quoniam
594 565 727 611 Filius
751 565 834 620 ait,
856 581 876 606 «
904 564 1023 609 Sicut
1045 562 1195 607 docuit
1219 578 1287 606 me
1310 567 1437 607 Pater

53 657 74 680 »
109 640 202 683 haec
239 638 429 698 loquor?
456 658 472 678 »
510 641 701 681 Locutus
731 645 793 680 est
824 635 918 679 illi?
949 634 1136 688 Quando
1167 633 1316 677 docuit
1353 637 1436 678 Pa·-

50 719 116 754 ter
156 709 339 763 Filium,
379 708 509 752 verba
551 706 678 761 fecit,
719 703 943 766 quomodo
980 714 1027 749 tu
1043 741 1053 759 ,
1088 702 1268 765 quando
1305 702 1434 748 doces

50 779 189 823 filium
215 789 341 823 tuum
359 813 370 833 ,
404 778 532 822 verba
558 778 693 822 facis?
723 777 955 830 Quomodo
978 775 1080 820 lacit
1100 774 1232 819 verba
1260 775 1437 818 Verbo?

49 852 158 903 Quae
190 850 322 893 verba
349 848 487 892 multa
521 849 676 892 tierent
708 849 838 891 unico
870 847 1050 891 Verbo?
1089 845 1282 890 Verbum
1319 845 1436 888 enim

50 921 186 964 Patris
211 934 334 963 aures
356 920 510 963 habuit
543 920 599 963 ad
623 933 670 964 os
694 919 858 962 Patris?
875 915 1073 963 Carnalia
1097 926 1198 960 sunt
1229 917 1330 971 ista,
1355 930 1436 975 pe-

48 1000 172 1035 reant
193 989 248 1034 de
276 990 484 1035 cordibus
501 990 666 1034 vestris.
694 992 788 1034 Hoc
809 990 925 1033 enim
947 987 1071 1043 dico,
1089 1002 1188 1033 ecce
1210 987 1245 1031 si
1268 986 1436 1031 intelle-

46 1061 162 1104 xistis
184 1061 305 1120 quod
328 1074 407 1116 ego
430 1060 539 1115 dixi,
566 1075 647 1120 ego
667 1069 784 1104 certe
800 1059 973 1104 locutus
989 1072 1106 1113 sum,
1131 1067 1175 1102 et
1191 1072 1286 1102 mea
1302 1058 1434 1102 verba

45 1140 313 1185 sonuerunt,
351 1131 555 1191 sonisque
590 1147 713 1175 aures
746 1130 1031 1190 pepulerunt,
1072 1139 1115 1174 et
1148 1144 1225 1189 per
1256 1143 1433 1173 sensum

45 1202 218 1246 auditus
247 1202 378 1246 vestri
400 1203 453 1245 ad
477 1217 552 1246 cor
568 1203 825 1246 sententiam
848 1201 1171 1261 perduxerunt,
1201 1202 1235 1245 si
1257 1200 1433 1245 intelle-

43 1273 179 1318 xistis.
218 1275 249 1315 F
254 1273 362 1316 acite
389 1272 580 1332 aliquem
608 1272 777 1317 audisse
801 1272 949 1316 latinae
981 1272 1142 1329 linguae
1181 1272 1431 1327 hominem,

43 1344 349 1388 tantummodo
378 1343 562 1398 audisse,
588 1359 668 1388 nec
691 1353 838 1388 tamen
866 1342 1124 1388 intellexisse
1156 1342 1277 1404 quod
1305 1343 1395 1387 dixi
1421 1362 1431 1388 ε

43 1424 259 1476 quantum
283 1416 337 1459 ad
359 1416 587 1474 strepitum
611 1416 798 1474 pertinet
819 1416 1023 1459 emissum
1046 1430 1095 1458 ex
1124 1430 1198 1459 ore
1220 1429 1341 1469 meo,
1373 1415 1432 1459 sic

42 1489 135 1548 ejus
157 1485 230 1530 ille
253 1487 466 1546 particeps
485 1486 624 1531 factus
646 1496 708 1530 est
730 1487 806 1547 qui
833 1502 921 1531 non
944 1485 1157 1530 intellexit
1171 1521 1182 1541 ,
1207 1487 1431 1545 quomodo

42 1566 86 1602 et
107 1572 180 1602 vos
206 1575 214 1601 z
242 1572 342 1601 eum
372 1572 528 1601 sonum
561 1557 753 1612 audivit,
793 1556 955 1601 eaedem
989 1556 1170 1614 syllabae
1193 1571 1315 1600 aures
1337 1557 1430 1616 ejus

41 1638 368 1688 percusserunt,
390 1627 464 1672 sed
482 1628 526 1671 in
541 1627 672 1673 corde
694 1629 824 1687 ipsius
844 1627 952 1671 nihil
971 1637 1232 1687 genuerunt.
1254 1629 1430 1680 Quare?

39 1699 140 1759 quia
163 1713 251 1742 non
274 1698 498 1742 intellexit.
518 1700 604 1742 Vos
621 1707 767 1742 autem
789 1699 823 1742 si
843 1698 1134 1752 intellexistis,
1157 1697 1274 1741 unde
1299 1697 1430 1742 intel-

38 1767 228 1813 lexistis?
244 1771 335 1826 Ego
363 1768 418 1812 ad
440 1784 587 1812 aurem
610 1769 735 1812 sonui
754 1804 764 1823 ,
791 1768 1008 1828 numquid
1029 1783 1110 1827 ego
1132 1768 1177 1811 in
1204 1767 1335 1812 corde
1360 1768 1429 1811 lu-

38 1855 139 1884 men
159 1840 368 1884 accendi?
388 1840 542 1884 Pi'ocul
560 1839 697 1884 dubio
712 1841 743 1884 si
756 1855 908 1884 verum
926 1848 989 1883 est
1005 1839 1122 1899 quod
1144 1839 1259 1893 dixi,
1280 1849 1324 1883 et
1344 1839 1429 1884 hoc

37 1925 189 1954 verum
206 1927 293 1955 non
315 1910 455 1955 solum
478 1910 668 1964 audistis,
689 1925 837 1953 verum
855 1911 983 1954 etiam
1006 1908 1272 1954 intellexistis
1289 1945 1300 1964 ,
1326 1908 1427 1953 duae

39 1993 105 2023 res
126 1981 187 2022 ibi
210 1980 335 2024 sactae
357 1990 486 2034 sunt,
509 1980 741 2024 discernite
765 1979 879 2033 illas,
904 1980 1078 2023 auditus
1098 1989 1140 2023 et
1157 1979 1419 2023 intellectus.

39 2048 226 2094 Auditus
245 2065 320 2108 per
344 2065 412 2093 me
427 2049 567 2094 factus
589 2060 673 2102 est,
693 2048 940 2094 intellectus
964 2065 1039 2108 per
1067 2064 1199 2110 quern
1218 2052 1235 2093 P
1258 2053 1349 2107 Ego
1370 2050 1426 2094 ad

39 2136 185 2164 aurern
205 2119 290 2164 dixi
314 2129 362 2164 ut
374 2120 576 2164 audiretis
591 2155 601 2174 ,
623 2119 678 2163 ad
692 2135 766 2164 cor
783 2130 973 2164 vestrum
993 2120 1088 2180 quis
1103 2120 1210 2163 dixit
1226 2129 1275 2164 ut
1292 2120 1423 2164 intel-

37 2189 258 2248 ligeretis?
292 2191 392 2234 Sine
424 2189 561 2233 dubio
589 2189 744 2250 aliquis
774 2199 817 2233 et
849 2189 903 2234 ad
931 2206 1006 2234 cor
1032 2200 1222 2234 vestrum
1259 2189 1425 2250 aliquid

38 2261 143 2304 dixit
163 2270 211 2303 ut
234 2276 321 2304 non
343 2259 482 2304 solum
507 2261 708 2319 strepitus
724 2261 803 2304 iste
825 2261 1059 2305 verborum
1076 2270 1323 2320 percuteret
1347 2277 1424 2306 au-

39 2346 128 2374 rem
152 2340 335 2374 vestram
352 2365 363 2383 ,
400 2330 473 2374 sed
497 2332 625 2375 etiam
657 2332 702 2374 in
733 2346 807 2375 cor
826 2341 1017 2376 vestrum
1053 2331 1217 2393 aliquid
1240 2331 1421 2377 descen-

37 2400 160 2444 deret
183 2402 374 2445 veritatis
399 2420 408 2446 ;
434 2400 541 2444 dixit
563 2401 716 2461 aliquis
738 2410 781 2444 et
802 2401 857 2446 ad
876 2417 950 2446 cor
976 2412 1169 2446 vestrum
1185 2438 1196 2456 ,
1222 2403 1298 2447 sed
1329 2418 1418 2447 non

40 2487 142 2515 eum
159 2471 315 2515 videtis
342 2472 403 2516 :si
420 2470 703 2527 intellexistis,
728 2472 881 2516 fratres
897 2507 908 2527 ,
942 2473 1109 2517 dictum
1131 2483 1194 2517 est
1230 2482 1273 2516 et
1301 2474 1423 2517 cordi

38 2551 197 2587 vestro.
216 2544 378 2587 Munus
394 2543 467 2586 Dei
483 2552 547 2588 est
567 2542 870 2603 intelligentia.
886 2545 987 2598 Quis
999 2545 1084 2590 hoc
1105 2544 1214 2589 dixit
1229 2545 1274 2588 in
1291 2543 1422 2589 corde
