1809 3173
377 191 459 230 186
810 203 842 229 s.
878 201 1107 229 AnousTim
1140 202 1320 230 Emscom

373 265 590 311 sufficiant
617 280 720 324 ergo
749 266 827 310 ista
858 266 1069 310 Charitati
1103 269 1280 311 Vestrae.
1315 266 1538 310 Debitores
1567 280 1718 310 sumus
1739 301 1750 320 ,

374 352 464 380 non
488 351 606 380 nunc
620 370 630 387 ‚
649 336 723 379 sed
747 351 916 395 semper
929 336 1126 396 quandiu
1147 337 1329 381 vivimus
1348 355 1356 381 :
1373 336 1474 395 quia
1492 345 1666 394 propter
1679 352 1754 381 vos

374 406 575 452 vivimus.
613 408 923 450 Verumtamen
954 407 1088 450 vitam
1124 415 1314 450 nostram
1347 406 1471 450 istam
1507 406 1722 450 infirmam
1741 440 1752 461 ‚

375 477 632 521 laboriosam
650 511 660 530 ‚
681 475 962 535 periculosam
976 510 987 530 ,
1004 476 1049 518 in
1064 476 1146 519 hoc
1163 475 1328 520 mundo
1342 475 1626 520 consolamini
1644 475 1756 519 bene

376 546 562 594 vivendo
582 566 590 592 :
612 546 745 591 nolite
771 563 848 591 nos
873 546 1124 590 contristare
1145 555 1188 590 et
1208 555 1390 590 atterere
1415 546 1537 590 malis
1564 547 1758 590 moribus

376 618 541 664 vestris.
563 620 674 662 Cum
690 618 805 661 enim
829 616 1094 660 offendimur
1108 616 1218 660 mala
1232 616 1319 660 vita
1335 625 1476 661 vestra
1491 650 1502 671 ,
1520 616 1555 660 si
1576 616 1758 674 refugia-

377 704 474 733 mus
492 705 513 732 a
528 688 672 742 vobis,
688 697 730 731 et
745 701 989 746 separemus
1008 701 1085 731 nos
1103 702 1125 730 a
1145 686 1284 741 vobis,
1299 695 1342 730 et
1360 687 1415 730 ad
1427 701 1501 730 vos
1523 700 1612 730 non
1634 701 1757 730 acce-

378 760 555 816 damus3
578 774 724 803 nonne
747 758 1100 818 conqueremini,
1120 766 1163 801 et
1186 756 1364 802 dicetis:
1386 760 1443 801 Et
1463 757 1497 800 si
1521 755 1758 814 langueba-

378 846 476 875 mus
494 865 506 886 ‚
548 830 754 874 curaretis
779 850 790 885 3
822 838 866 872 et
896 828 930 872 si
969 827 1323 882 infirmabamur,
1359 826 1618 871 visitaretis?
1648 829 1760 870 Ecce

379 915 605 954 curamus,
637 915 737 944 ecce
769 899 991 943 visitamus
1017 916 1026 943 ;
1056 896 1133 941 sed
1161 913 1252 941 non
1280 896 1405 942 nobis
1435 897 1511 940 fiat
1538 895 1762 956 quomodo

379 969 556 1015 audistis
574 970 629 1014 ab
652 969 888 1029 Apostolo:
922 987 942 1011 «
963 968 1112 1012 Timeo
1135 983 1189 1011 ne
1212 968 1302 1011 sine
1322 981 1450 1012 causa
1473 965 1760 1011 laboraverim

385 1059 406 1082 »
438 1041 485 1084 in
507 1043 622 1086 νοεῖ.
644 1058 665 1081 ³)

382 1208 580 1225 tummmwvv
584 1203 1762 1223 §WWWWWWWWWWWWUMVWWWUWWWMMWWWWWWWW

768 1344 1173 1390 'FRACTATUS
1212 1345 1321 1389 XIX
1333 1343 1366 1388 ².

379 1518 448 1563 Ab
463 1532 514 1562 eo
531 1516 651 1578 quod
669 1517 878 1576 scriptum
892 1525 956 1561 est
974 1535 982 1562 ε
1000 1515 1118 1563 Non
1131 1524 1337 1576 potesta
1354 1530 1404 1560 se
1421 1512 1763 1574 Fc'lc‘asfacere

438 1586 726 1646 quidquam,
758 1587 852 1631 nisi
873 1584 1005 1645 quod
1032 1584 1203 1630 viderit
1233 1585 1437 1630 Patrem
1455 1583 1729 1647 facientem
1748 1600 1759 1627 .·

437 1674 576 1718 usque
598 1659 652 1701 ad
683 1657 728 1702 id
744 1693 754 1713 ‚
795 1658 925 1717 Quia
959 1671 1054 1701 non
1082 1671 1243 1714 quaero
1265 1654 1559 1700 volantatem
1580 1670 1760 1709 meam,

438 1727 528 1773 secl
546 1726 839 1773 volantatem
856 1727 956 1789 ejus
974 1727 1058 1784 qai
1071 1726 1198 1771 misit
1215 1742 1305 1771 me.

441 1888 476 1929 Ι.
512 1887 718 1929 SERMONE
744 1883 927 1943 pristino
956 1891 1170 1942 quantum
1190 1890 1387 1926 nostrum
1404 1881 1534 1925 servit
1556 1880 1761 1925 affectum
1808 1916 1809 1923 ,

378 1965 422 2000 et
452 1954 726 2014 intelligendi
748 1963 1050 2014 paupertatem
1066 1988 1077 2008 ‚
1111 1952 1248 1996 locuti
1270 1967 1441 2006 sumus,
1468 1967 1519 1995 ex
1541 1952 1763 1997 occasione
1804 1945 1806 1947 ’

380 2028 616 2073 verborum
638 2025 1004 2084 evangelicorum,
1026 2024 1104 2068 ubi
1122 2024 1332 2083 scriptum
1354 2031 1443 2066 est:
1467 2041 1486 2064 «
1503 2025 1601 2068 Non
1622 2031 1763 2082 potest

385 2117 405 2140 »
440 2114 463 2143 a
485 2113 528 2142 se
551 2096 692 2141 facere
709 2096 966 2156 quidquam,
992 2095 1072 2139 nisi
1090 2093 1212 2154 quod
1233 2092 1389 2137 viderit
1413 2096 1584 2137 Patrem
1600 2093 1765 2138 facien-

384 2187 405 2210 »
442 2169 558 2211 tem3
574 2202 585 2222 ,
615 2184 635 2207 »
661 2165 768 2226 quid
794 2167 850 2209 sit
880 2165 1027 2209 videre
1057 2163 1182 2218 Filii,
1206 2165 1289 2207 hoc
1312 2172 1376 2206 est
1393 2197 1403 2216 ,
1439 2162 1586 2207 videre
1608 2163 1760 2217 Verbi,
1803 2158 1805 2165 ⁴

381 2239 482 2298 quia
505 2238 640 2281 Filius
663 2240 856 2280 Verbum
877 2255 886 2280 ε
910 2245 952 2279 et
976 2236 1076 2294 quia
1100 2249 1175 2293 per
1198 2234 1392 2277 Verbum
1415 2232 1529 2276 facta
1545 2242 1648 2276 sunt
1666 2247 1763 2277 om-
1802 2234 1809 2264 ἒ

383 2310 453 2353 nia
471 2343 482 2363 ‚
513 2308 735 2368 quomodo
765 2307 897 2366 possit
931 2305 1111 2363 intelligi
1140 2304 1260 2364 quod
1283 2304 1429 2348 videat
1450 2303 1586 2347 Filius
1622 2303 1763 2361 primo
1801 2320 1809 2345 η’

381 2382 553 2423 Patrem
576 2377 807 2422 facientem
821 2411 832 2432 ‚
867 2385 973 2420 tunc
998 2374 1175 2418 demum
1202 2383 1245 2418 et
1265 2374 1355 2432 ipse
1378 2373 1507 2417 faciat
1528 2388 1627 2433 quae
1647 2371 1763 2416 facta
1802 2379 1809 2411 A

446 2481 456 2495 1
496 2473 598 2506 Galat.
630 2483 664 2505 iv
680 2498 689 2514 ,
723 2484 774 2505 11.
800 2489 840 2496 —
862 2478 875 2495 ²
895 2471 1029 2504 Habitus
1045 2471 1096 2503 die
1128 2469 1272 2512 proximo
1289 2473 1365 2502 ante
1396 2470 1538 2502 Tractat.
1569 2467 1697 2510 subseq.
1724 2484 1765 2490 —

384 2528 499 2562 3Joan.
521 2540 552 2569 v,
577 2540 627 2570 19.
