1809 3173
360 151 442 190 392
798 164 831 192 S.
870 167 1099 197 AUGUS'1·1N1
1135 173 1313 199 Ericosri

357 245 377 268 »
413 227 721 286 propheticum
749 246 990 275 sermonem
1010 269 1020 287 ‚
1054 236 1124 277 eui
1152 236 1262 279 bene
1286 237 1425 283 facitis
1448 243 1718 288 attendentes
1734 282 1744 300 ‚

355 315 376 338 »
413 297 524 340 sicut
544 298 732 343 lucernae
755 301 799 344 in
821 302 1007 346 obscuro
1039 304 1135 349 loco
1152 341 1163 360 ,
1190 307 1331 352 donee
1354 308 1445 354 dies
1462 310 1676 369 lucescat,
1702 324 1745 359 et

354 384 375 408 »
410 365 566 411 lucifer
587 369 750 413 oriatur
773 370 817 414 in
837 373 1043 418 cordibus
1061 376 1209 419 vestris
1227 379 1256 420 1.
1287 397 1305 418 »

412 440 489 482 IX.
517 441 701 492 Quando
721 458 823 501 ergo
849 445 1058 488 Dominus
1082 456 1227 490 noster
1251 451 1374 494 Jesus
1392 451 1590 497 Christus
1611 469 1744 499 vene-

350 508 433 563 rit,
458 518 528 564 et,
553 510 665 555 sicut.
688 511 792 556 dicit
815 514 946 557 etiam
976 516 1197 573 apostolus
1224 518 1410 575 Paulus,
1433 522 1745 570 illuminaverit
1804 568 1806 571 ,

349 580 522 626 occulta
550 584 859 638 tenebrarum,
890 593 933 627 et
958 587 1296 633 manifestaverit
1329 593 1612 649 cogitationes
1644 612 1743 641 cor-

348 650 414 696 dis
431 687 442 707 ‚
482 662 531 696 ut
563 651 657 696 laus
684 656 736 696 sit
761 654 998 714 unicuique
1018 672 1040 700 a
1074 660 1164 701 Deo
1183 693 1193 713 ,
1220 668 1325 704 tunc
1348 673 1561 719 praesente
1580 666 1650 709 tali
1673 666 1742 711 die

346 721 538 766 lucernae
565 737 654 765 nou
690 733 819 767 erunt
841 726 1117 769 necessaria&
1144 747 1152 772 ε
1179 745 1269 773 11011
1292 730 1462 789 legetur
1485 734 1608 779 nobis
1632 741 1740 782 Pro-

345 793 494 851 pheta,
516 808 605 836 non
621 793 840 852 aperietur
861 795 997 839 codex
1013 798 1211 856 Apostoli
1226 835 1237 854 7
1262 816 1349 845 non
1367 805 1638 863 requiremus
1659 816 1742 852 tes-

344 863 579 907 timonium
602 865 797 920 Joannis‚
815 881 903 909 non
929 868 1021 925 ipso
1044 868 1337 928 indigebimus
1355 875 1740 937 Evangelio.Ergo

346 949 496 983 omnes
515 935 748 994 Scripturae
771 936 982 982 tollentur
1003 938 1057 982 de
1077 940 1220 985 medio
1234 977 1244 996 ,
1270 958 1369 1002 quae
1393 946 1517 990 nobis
1543 948 1588 990 in
1610 949 1739 1010 hujus

345 1003 493 1049 saeculi
516 1014 643 1049 nocte
668 1014 875 1066 tanquam
899 1008 1090 1052 lucernae
1114 1011 1472 1058 accendebantur
1487 1051 1498 1071 ‚
1525 1032 1580 1060 ne
1602 1018 1647 1062 in
1671 1028 1739 1063 te-

344 1076 489 1120 nebris
523 1092 845 1122 remaneremus
873 1098 880 1123 :
912 1080 1001 1124 istis
1036 1082 1240 1127 omnibus
1278 1084 1457 1130 sublatis
1473 1122 1484 1142 ,
1524 1104 1579 1132 ne
1615 1091 1738 1150 quasi

343 1146 471 1190 nobis
502 1146 678 1190 luceant
702 1149 1021 1207 indigentibus,
1049 1161 1091 1195 et
1122 1153 1223 1210 ipsis
1255 1155 1506 1201 hominibus
1530 1159 1634 1214 Dei,
1660 1176 1738 1219 per

344 1232 454 1276 quos
477 1217 572 1261 haec
597 1218 833 1262 ministrata
863 1230 990 1275 sunt,
1027 1222 1255 1267 nobiscum
1278 1224 1429 1270 lumen
1452 1226 1563 1271 illud
1583 1245 1737 1275 verum

343 1287 601 1346 clarumque
623 1288 894 1343 videntibus,
922 1292 1096 1336 remotis
1119 1309 1221 1351 ergo
1250 1294 1315 1338 his
1346 1295 1606 1356 adjumentis
1628 1301 1737 1360 quid

343 1357 622 1402 videbimus?
642 1360 767 1403 Unde
783 1371 982 1419 pascetur
999 1378 1120 1406 mens
1142 1367 1315 1409 nostra?
1328 1368 1446 1411 unde
1465 1369 1646 1415 obtutus
1663 1371 1736 1417 ille

290 1416 297 1420 ’
343 1428 602 1473 laetabitur?
619 1430 738 1474 unde
756 1431 837 1475 erit
854 1430 963 1476 illud
988 1433 1219 1491 gaudium,
1245 1436 1365 1496 quod
1388 1453 1468 1483 nec
1491 1441 1643 1485 oculus
1668 1443 1736 1486 vi·

345 1499 426 1553 dit,
448 1514 528 1543 nec
547 1500 661 1562 auris
684 1501 866 1556 audivit,
888 1518 968 1547 nee
990 1503 1033 1547 in
1056 1520 1130 1549 cor
1152 1506 1339 1551 hominis
1362 1510 1555 1554 ascendit
1570 1512 1611 1552 ³⁶?
1625 1513 1734 1572 quid

343 1569 620 1628 videbimus?
642 1572 832 1616 Obsecro
853 1589 943 1628 VOS,
969 1585 1110 1619 amate
1127 1592 1315 1633 mecum,
1337 1581 1495 1624 currite
1515 1582 1733 1628 eredendo

345 1656 532 1685 mecum.
556 1641 741 1685 Patriam
771 1659 1002 1703 supernam
1025 1645 1319 1693 desideremus
1334 1684 1345 1704 ,
1366 1665 1565 1709 supernae
1582 1655 1733 1712 patriae

345 1714 626 1771 suspiremus,
652 1715 901 1773 peregrinos
918 1733 996 1761 1105
1017 1733 1106 1761 esse
1129 1719 1199 1762 hic
1221 1720 1471 1766 sentiamus.
1494 1723 1611 1776 Quid
1627 1735 1733 1771 tunc

344 1782 621 1827 videbimus?
643 1785 765 1828 Dicat
787 1802 906 1831 nuuc
940 1789 1226 1847 Evangelium
1253 1810 1261 1834 ;
1291 1810 1310 1833 «
1338 1795 1389 1835 In
1411 1795 1624 1853 principio
1641 1806 1733 1842 erat

346 1872 369 1896 »
404 1855 627 1911 Verbum,
658 1865 700 1899 et
721 1857 915 1900 Verbum
953 1870 1043 1902 erat
1066 1860 1183 1918 apud
1208 1864 1373 1918 Deum,
1413 1873 1456 1908 et
1490 1868 1603 1912 Deus
1640 1877 1732 1913 erat

346 1944 368 1967 >›
404 1926 597 1969 Verbum
614 1927 645 1969 ⁴.
673 1944 692 1967 »
712 1928 835 1971 Unde
859 1927 937 1971 tibi
960 1945 1027 1973 ros
1051 1931 1265 1989 inspersus
1283 1942 1367 1987 est,
1394 1933 1448 1977 ad
1470 1933 1638 1980 fontem
1660 1953 1731 1981 ve-

343 1996 436 2040 nies
463 2016 471 2040 ;
502 1996 621 2040 unde
644 1997 788 2040 radius
812 2013 886 2057 per
910 1999 1086 2059 obliqua
1112 2011 1153 2044 et
1182 2017 1257 2060 per
1279 2002 1552 2049 anfractuosa
1570 2007 1649 2051 tibi
1675 2008 1729 2052 ad

344 2082 420 2111 eor
441 2067 721 2112 tenebrosum
745 2069 896 2113 missus
917 2079 1001 2124 est,
1030 2071 1192 2115 nudam
1214 2072 1349 2131 ipsam
1367 2073 1510 2119 lucem
1531 2077 1698 2121 videbis
1712 2112 1724 2133 ,

344 2139 415 2182 cui
437 2138 636 2183 videndae
661 2138 938 2200 ferendaeque
961 2142 1197 2186 mundaris.
1225 2142 1518 2201 Dilectissimi,
1543 2149 1662 2206 quod
1685 2157 1728 2193 et

343 2209 546 2253 hesterno
564 2211 897 2255 commemoravi
915 2246 926 2266 ‚
952 2214 975 2256 J
980 2228 1140 2256 oannes
1158 2213 1246 2272 ipse
1260 2213 1386 2270 dicit,
1407 2234 1427 2261 α,
1444 2216 1543 2260 Filii
1558 2218 1633 2262 Dei
1649 2234 1725 2262 su-

346 2298 366 2321 »
403 2295 499 2324 mus
516 2315 527 2335 ,
556 2290 599 2324 et
627 2281 824 2325 nondum
853 2283 1052 2341 apparuit
1075 2283 1182 2344 quid
1217 2286 1375 2329 erimus
1400 2305 1408 2330 :
1436 2286 1593 2331 seimus
1622 2289 1724 2348 quia

344 2369 365 2393 >›
401 2367 501 2395 eum
522 2354 771 2412 apparuerit
784 2389 794 2408 ‚
815 2354 972 2399 similes
992 2356 1031 2399 ei
1052 2358 1210 2400 erimus
1226 2392 1236 2412 ‚
1257 2357 1460 2416 quoniam
1480 2359 1724 2406 videbimus

404 2455 413 2468 ¹
434 2457 453 2479 2
476 2451 560 2480 Petr.
581 2461 604 2490 1,
627 2461 679 2491 ¹9·
706 2467 743 2473 -
764 2457 776 2473 2
800 2462 811 2482 1
833 2453 904 2483 Cor.
926 2463 972 2493 iv,
989 2452 1023 2484 5.
1042 2469 1083 2475 --
1106 2451 1206 2486 31sa‘1'.
1225 2464 1309 2495 miv,
1326 2453 1360 2496 4,
1381 2459 1414 2488 et
1435 2466 1448 2488 1
1472 2456 1542 2488 Cor.
1567 2467 1602 2497 11,
1622 2467 1655 2499 9.
1677 2472 1721 2482 -

344 2502 359 2529 4
377 2506 467 2535 Joan.
490 2516 512 2545 ι,
538 2516 563 2535 1.

1798 0 1806 201 ³
