1825 3214
298 224 343 250 nv
374 221 548 251 sommis
581 218 892 261 numentum,
927 222 1074 251 TnAcT.
1112 225 1200 251 xm.
1367 211 1450 251 455

67 302 155 332 non
179 288 278 347 quia
301 287 463 332 latebat
490 290 628 331 Deum
664 286 941 331 coronandus
959 323 969 339 ,
996 288 1071 333 sed
1094 298 1144 334 ut
1166 290 1455 334 innotesceret

67 358 317 402 hominibus
352 357 601 401 imitandus.
637 358 780 401 Etiam
808 358 899 416 ipse
936 359 1021 401 Job
1052 359 1158 418 quid
1192 360 1326 403 diciti'
1349 360 1454 413 Quis

66 429 181 472 enim
202 428 412 472 mundus¹
432 430 549 472 PNec
566 428 722 482 infans,
738 429 861 489 cujus
883 437 946 471 est
969 429 1096 472 unius
1119 428 1202 472 diei
1223 431 1305 473 vita
1327 446 1456 488 super

66 509 240 544 terram.
275 498 359 543 Sed
396 498 522 558 plane
555 499 681 543 multi
711 500 816 559 justi
849 499 952 543 dicti
989 510 1091 543 sunt
1123 500 1214 543 sine
1248 502 1452 560 querela,

65 570 185 630 quod
210 569 466 628 intelligitur
499 570 590 613 sine
616 570 796 614 crimine
818 589 826 614 :
854 568 972 613 nulla
995 570 1111 613 enim
1142 571 1316 630 querela
1341 573 1458 631 justa

66 651 130 686 est
149 642 203 685 de
226 641 289 685 liis
312 642 354 684 in
379 642 507 686 rebus
530 642 746 696 humanis,
764 642 839 701 qui
863 657 950 686 non
975 642 1141 685 habent
1166 643 1346 686 crimen.
1362 644 1458 687 Cri-

65 728 166 756 men
191 722 335 756 autem
364 722 427 757 est
455 723 683 772 peccatum
722 728 876 771 grave,
905 714 1178 757 accusatione
1208 722 1250 757 et
1273 713 1458 759 damna-

67 785 187 828 tione
209 784 525 842 dignissimum.
548 788 644 829 Non
663 799 766 843 ergo
786 788 897 828 Deus
920 784 1121 844 quaedam
1146 793 1320 843 peccata
1343 784 1460 829 dam-

66 863 162 908 nat,
189 855 387 914 quiedam
403 856 612 914 justificat
633 865 676 898 et
698 854 847 899 laudat
868 874 875 899 :
899 854 1019 899 nulla
1041 854 1220 909 laudat,
1246 855 1338 900 odit
1361 871 1458 900 om-

67 925 153 969 nia.
181 926 410 978 Quomodo
444 925 535 970 odit
568 925 762 970 medicus
784 925 1086 984 aegritudinem
1123 927 1301 984 aegroti,
1344 936 1388 971 et
1415 927 1460 971 id

66 995 156 1054 agit
173 995 368 1040 curando
386 1005 434 1040 ut
455 996 672 1055 aegritudo
693 995 895 1055 pellatur,
918 1011 1032 1055 aeger
1055 996 1243 1041 levetur:
1269 998 1328 1041 sie
1346 1000 1459 1042 Deus

67 1067 199 1124 gratia
222 1083 296 1110 sua
319 1067 469 1111 hocin
503 1068 628 1111 nobis
663 1067 776 1125 agit,
817 1075 866 1110 ut
902 1077 1128 1126 peccatum
1151 1078 1457 1123 consumatur,

65 1137 198 1181 homo
220 1137 442 1181 liberetur.
470 1139 554 1182 Sed
577 1137 755 1197 quando
777 1140 1064 1192 consumitur,
1092 1139 1296 1199 inquies?
1321 1139 1363 1183 Si
1381 1139 1462 1183 mi-

66 1208 217 1251 nuitur
233 1242 244 1261 ,
282 1222 417 1267 quare
453 1223 543 1252 non
577 1209 881 1252 consumitur?
903 1209 1118 1252 Minuitur
1139 1219 1285 1253 autem
1306 1209 1352 1252 in
1373 1210 1462 1253 vita

66 1279 388 1338 proficientium
407 1314 417 1332 ,
439 1279 559 1338 quod
583 1279 630 1323 in
648 1280 736 1323 vita
759 1280 1030 1324 consumitur
1046 1279 1357 1338 perfectorum.

126 1351 181 1392 X.
208 1350 351 1393 Prima
373 1359 436 1394 est
472 1365 573 1409 ergo
595 1349 773 1394 libertas
790 1385 800 1403 ,
826 1365 972 1395 carere
998 1351 1265 1395 criminibus,
1294 1351 1398 1395 Ideo
1420 1360 1465 1396 et

67 1419 300 1479 Apostolus
319 1419 478 1464 Paulus
501 1420 679 1480 quando
705 1420 835 1478 elegit
857 1420 1123 1465 ordinandos
1145 1421 1213 1466 vel
1236 1422 1464 1481 presbyte-

66 1506 135 1535 ros
153 1490 221 1535 vel
239 1491 442 1536 diacones
458 1527 468 1546 ,
496 1501 540 1535 et
559 1492 827 1551 quicumque
844 1491 1112 1536 ordinandus
1133 1501 1198 1536 est
1220 1492 1272 1536 ad
1294 1508 1464 1552 praepo-

66 1561 244 1605 situram
274 1561 477 1606 Ecclesiae
497 1596 507 1616 ,
533 1577 622 1605 non
646 1562 705 1605 ait
731 1580 740 1605 :
765 1562 807 1606 Si
824 1562 920 1621 quis
939 1563 1031 1606 sine
1053 1572 1232 1621 peccato
1254 1572 1318 1607 est
1345 1582 1353 1607 :
1378 1564 1462 1608 hoe

67 1633 183 1676 enim
206 1632 239 1678 si
271 1632 434 1677 diceret
452 1667 462 1686 ,
489 1633 630 1676 omnis
653 1632 787 1676 homo
809 1634 1119 1692 reprobaretur
1134 1669 1145 1688 ,
1177 1632 1324 1677 nullus
1347 1634 1465 1678 ordi-

66 1712 274 1749 naretur:
299 1705 374 1748 sed
394 1705 478 1759 ait,
506 1705 548 1749 Si
570 1705 667 1764 quis
697 1705 788 1748 sine
820 1705 1001 1748 crimine
1030 1714 1122 1759 est,
1147 1705 1270 1748 sicuti
1293 1713 1356 1748 est
1378 1705 1463 1750 ho-

66 1773 291 1818 micidium
308 1807 318 1827 ‚
347 1774 608 1816 adulterium
624 1807 636 1826 ,
662 1773 807 1832 aliqua
835 1772 1115 1817 immunditia
1138 1771 1459 1831 fornicationis,

65 1843 255 1897 furtum,
282 1841 421 1896 fraus,
443 1842 738 1901 sacrilegium,
772 1851 816 1886 et
836 1851 991 1886 caetera
1021 1843 1272 1903 hujusmodi
1287 1848 1319 1888 ².
1346 1847 1460 1890 Cum

66 1914 251 1972 coeperit
276 1929 324 1957 ea
348 1928 437 1957 non
457 1913 620 1956 habere
647 1913 780 1957 homo
795 1948 806 1967 ,
831 1915 848 1971 (
865 1912 999 1957 debet
1021 1922 1166 1958 autem
1185 1930 1275 1959 non
1298 1915 1461 1960 habere

67 1985 205 2029 omnis
226 1984 495 2029 Christianus
520 1984 651 2028 homo
668 1986 706 2041 ,)
728 1983 884 2043 incipit
905 1993 1039 2043 caput
1060 1985 1222 2042 erigere
1249 1986 1304 2029 ad
1325 1985 1461 2030 liber-

66 2065 200 2100 tatem
221 2075 229 2100 ;
247 2054 322 2099 sed
338 2056 416 2098 ista
439 2055 640 2099 inchoata
662 2064 741 2109 est,
756 2070 845 2099 non
868 2054 1061 2114 perfecta
1078 2055 1271 2100 libertas.
1294 2059 1454 2114 Quare,

68 2126 212 2186 inquit
245 2125 422 2185 aliquis,
464 2141 553 2169 non
575 2138 639 2169 est
675 2125 865 2184 perfecta
900 2126 1110 2171 libertas?
1138 2127 1250 2180 Quia
1275 2147 1294 2169 «
1322 2129 1460 2174 Video

73 2215 92 2238 n
129 2196 256 2240 aliam
279 2195 420 2254 legem
442 2196 488 2239 in
509 2195 716 2239 membris
735 2196 840 2240 meis
857 2231 867 2251 ,
890 2206 1206 2256 repugnantem
1228 2197 1310 2256 legi
1334 2213 1459 2243 men-

72 2286 92 2309 »
128 2268 182 2311 tis
204 2282 311 2310 meae
326 2268 340 2292 3
369 2286 378 2310 ι
403 2282 494 2310 non
517 2267 631 2310 enirn
655 2267 776 2326 quod
796 2267 898 2312 volo
916 2283 997 2326 ago
1012 2303 1022 2320 ‚
1045 2268 1104 2311 ait
1119 2302 1129 2320 ,
1151 2267 1225 2311 sed
1243 2269 1364 2328 quod
1387 2269 1459 2314 odi

73 2356 94 2379 »
130 2337 240 2382 illud
264 2337 420 2382 faeio4.
445 2355 465 2378 »
490 2339 624 2391 Caro,
650 2337 820 2397 inquit,
845 2338 1116 2397 concupiscit
1143 2338 1347 2383 adversus
1369 2341 1460 2399 spi-

70 2409 204 2453 ritum
220 2443 230 2463 ,
252 2417 296 2452 et
317 2408 490 2467 spiritus
513 2407 715 2453 adversus
738 2423 912 2453 carnem
926 2444 938 2465 ,
963 2417 1013 2453 ut
1034 2425 1124 2454 non
1146 2425 1193 2454 ea
1212 2425 1311 2470 quae
1327 2410 1458 2455 vultis

136 2511 146 2527 ¹
172 2503 315 2546 Job.1v,
346 2502 377 2544 4.
400 2521 441 2527 -
466 2511 480 2527 ²
509 2515 521 2535 1
541 2504 620 2537 Tim.
642 2516 691 2545 111,
712 2515 765 2546 10,
785 2509 817 2537 et
848 2505 910 2537 Tit.
935 2517 960 2547 1,
980 2516 1010 2547 7.
1033 2523 1075 2529 -
1094 2504 1108 2530 3
1134 2508 1227 2539 Rom.
1252 2517 1318 2549 vn,
1338 2506 1392 2540 23.
1413 2523 1454 2530 —

72 2558 89 2589 4
108 2559 189 2591 Ibid.
212 2571 263 2602 19.
