1825 3214
312 248 354 274 ιΝ
389 245 563 274 solimus
597 245 908 283 nuncianum,
943 245 1088 273 TnAc'r.
1129 247 1204 272 vii.
1405 236 1449 271 11

76 331 95 354 »
130 326 222 366 me,
256 320 299 355 et
334 311 485 355 faciam
520 327 594 356 vos
625 310 856 370 piscatores
880 309 1147 354 liominum¹.
1178 328 1197 350 »
1226 312 1281 354 Et
1305 324 1355 353 ex
1383 309 1458 354 illo

67 385 155 444 jam
179 382 552 436 inhaeseruntilli‚
575 391 623 426 ut
651 397 740 426 non
768 380 1034 425 r·cccdeicnt.
1061 379 1194 425 Modo
1215 396 1316 439 ergo
1339 379 1458 457 quod

69 454 194 498 illum
224 462 467 513 sequuntur
496 453 561 496 isti
595 452 706 506 duo,
743 466 831 495 non
862 452 985 511 quasi
1020 466 1108 495 non
1149 451 1354 495 recessuri
1390 466 1458 495 se-

69 533 295 585 quuntur3
324 523 397 568 scd
423 524 571 568 videre
601 522 839 567 voluerunt
869 521 946 566 ubi
970 521 1214 576 habitaret,
1254 529 1297 564 et
1320 519 1459 565 lacere

67 595 188 657 quod
211 597 419 655 seriptum
438 604 522 640 est:
545 595 730 638 «Limen
743 595 951 638 ostiorum
965 594 1056 652 ejus
1072 601 1236 637 exterat
1251 607 1325 652 pes
1340 601 1457 647 tuus,

70 685 90 707 »
112 680 238 724 surge
256 667 308 709 ad
331 665 452 709 illum
467 666 613 709 venire
629 664 797 709 assidue
810 673 852 708 ct
867 665 1038 708 erudire
1053 664 1278 724 praeceptis
1293 665 1384 722 cjus
1395 665 1425 706 ².
1439 682 1456 704 υ

68 737 270 782 Ostendit
298 737 357 781 eis
392 737 465 781 ille
488 737 565 780 ubi
597 745 791 781 maneret
812 755 821 780 ι
846 746 1062 780 venerunt
1084 744 1127 779 et
1150 733 1332 779 fuerunt
1359 750 1459 779 cum

67 809 158 854 illo.
174 812 314 863 Quam
333 810 510 853 beatum
528 807 644 853 diem
664 807 902 862 duxerunt,
922 823 1054 868 quam
1070 808 1239 851 beatam
1260 816 1432 851 noctem
1449 808 1456 849 !

67 881 173 934 Quis
190 890 253 924 est
275 881 350 940 qui
373 879 498 923 nobis
517 879 634 924 dicat
655 896 755 939 quae
773 878 991 924 audierint
1012 878 1074 922 illi
1102 895 1133 923 a·
1148 878 1366 923 Domino?
1389 881 1463 922 AE-

67 950 294 995 dificemus
316 960 358 995 et
380 950 633 1009 nosmetipsi
654 950 699 993 in
726 948 857 994 corde
879 959 1026 994 nostro
1047 984 1058 1004 ‚
1085 958 1128 993 ct
1151 948 1358 993 faciamus
1378 948 1461 993 do-

68 1037 189 1066 mum
210 1037 299 1081 quo
322 1021 466 1066 veniat
488 1020 583 1076 illc,
607 1029 650 1064 ct
672 1020 826 1065 doceat
849 1037 950 1076 nos,
976 1020 1254 1080 colloquatur
1275 1020 1414 1064 nobis.

126 1095 181 1136 X.
214 1112 234 1134 «
254 1093 371 1146 Quid
394 1092 617 1153 quaeritis?
632 1092 717 1145 Qui
739 1092 946 1136 dixerunt
962 1093 1017 1147 ei,
1044 1092 1203 1147 Rabbi,
1225 1091 1370 1151 (quod
1391 1093 1460 1135 in-

68 1182 88 1206 »
124 1172 411 1223 terpretatum
447 1163 609 1208 dicitur
632 1164 885 1222 magister,)
904 1163 982 1208 ubi
1004 1163 1205 1208 habitas?
1231 1163 1344 1207 Dicit
1364 1162 1422 1206 eis
1449 1182 1458 1209 2

68 1252 88 1276 »
125 1234 282 1278 Venite
311 1242 355 1278 et
371 1233 533 1278 videte.
567 1236 625 1278 Et
647 1242 889 1289 venerunt,
915 1243 959 1278 et
978 1233 1184 1278 viderunt
1206 1233 1284 1277 ubi
1308 1248 1459 1277 mane·
1484 1266 1487 1267 γ

70 1324 91 1347 »
126 1315 220 1360 ret,
245 1315 288 1350 et
309 1305 428 1364 apud
449 1320 551 1349 eum
574 1315 827 1350 manserunt
846 1304 917 1350 die
945 1305 1019 1350 illo
1042 1324 1050 1350 :
1076 1306 1181 1350 hora
1199 1313 1346 1349 autem
1369 1314 1461 1349 erat

71 1395 92 1418 »
127 1377 251 1436 quasi
279 1376 447 1421 decima
467 1378 498 1419 ³.
535 1395 553 1418 »
588 1375 786 1421 Nihil-ne
814 1376 1078 1421 arbitramur
1112 1376 1370 1436 pertinuisse
1405 1375 1460 1420 ad

67 1446 413 1506 Evangelistam,
441 1447 585 1491 dicere
614 1447 738 1492 nobis
758 1457 893 1507 quota
915 1448 1022 1491 hora
1055 1456 1147 1491 erat
1163 1448 1181 1491 P
1200 1450 1347 1492 Potest
1364 1447 1458 1491 fieri

66 1526 117 1562 ut
137 1516 247 1562 nihil
269 1517 329 1561 ibi
356 1533 434 1562 nos
467 1517 835 1573 animadvertere,
876 1517 985 1562 nihil
1014 1533 1211 1577 quaerere
1239 1516 1459 1562 voluerit?

65 1587 239 1633 Decima
264 1596 355 1631 erat
377 1588 496 1632 hora.
521 1590 737 1633 Numerus
760 1588 840 1632 iste
860 1587 1000 1646 legem
1023 1588 1237 1646 significat
1255 1622 1266 1642 ,
1288 1586 1389 1647 quia
1411 1587 1457 1631 in

66 1657 217 1703 decem
235 1658 461 1717 praeceptis
483 1658 583 1702 data
606 1667 669 1702 est
689 1657 772 1701 lex.
801 1660 988 1702 Venerat
1018 1666 1162 1701 autem
1186 1667 1358 1716 tempus
1376 1692 1386 1713 ,
1408 1666 1458 1701 ut

67 1729 321 1789 impleretur
346 1728 415 1772 lex
437 1735 513 1788 per
530 1728 807 1774 dilectionem
828 1750 838 1786 3
863 1730 966 1789 quia
988 1744 1011 1772 a
1033 1731 1057 1772 J
1063 1729 1196 1773 udaeis
1219 1744 1309 1773 non
1330 1737 1456 1788 pote-

68 1809 134 1845 rat
147 1799 316 1859 impleri
339 1815 418 1860 per
439 1800 654 1845 timorem.
683 1801 807 1844 Unde
827 1800 1037 1845 Dominus
1055 1799 1161 1846 dicit
1182 1820 1226 1846 z«
1237 1804 1335 1847 Non
1355 1803 1457 1846 veni

70 1890 90 1913 »
125 1870 289 1916 solvere
309 1871 468 1930 legem,
486 1871 562 1916 sed
582 1871 761 1931 implere
774 1873 806 1917 4.
827 1874 1014 1917 »Merito
1037 1887 1137 1931 ergo
1160 1872 1328 1918 decima
1351 1874 1457 1919 hora

66 1956 169 1986 eum
189 1942 326 1986 secuti
342 1951 445 1986 sunt
468 1941 524 1986 ad
544 1943 840 1987 testimonium
864 1943 991 1987 amici
1009 1944 1155 2002 sponsi
1176 1944 1266 1988 duo
1287 1944 1357 1988 isti
1379 1964 1387 1988 ε
1414 1953 1457 1988 et

67 2012 235 2057 decima
257 2014 362 2058 hora
385 2012 579 2068 audivit,
603 2033 622 2055 «
649 2013 793 2058 Rabbi
808 2049 819 2069 ‚
851 2035 868 2055 »
894 2014 1016 2074 quod
1031 2016 1344 2075 interpretatur
1360 2031 1456 2060 ma-

67 2083 211 2140 gister.
240 2084 283 2128 Si
305 2084 472 2129 decima
496 2084 603 2128 hora
623 2103 643 2126 «
659 2084 803 2129 Rabbi
821 2102 841 2126 »
870 2085 1084 2130 Dominus
1098 2086 1265 2130 audivit
1284 2121 1295 2142 ,
1313 2095 1356 2130 et
1377 2086 1456 2130 de-

67 2155 204 2200 cimus
225 2170 432 2200 numerus
455 2156 511 2200 ad
535 2155 671 2214 legem
692 2157 880 2216 pertinet
906 2176 914 2202 :
936 2157 1138 2214 magister
1158 2157 1263 2216 legis
1282 2153 1372 2203 nori
1393 2167 1456 2203 est

67 2225 148 2270 nisi
173 2224 300 2270 dator
319 2225 437 2284 legis.
474 2228 612 2271 Nemo
641 2226 755 2271 dicat
790 2227 892 2287 quia
926 2226 1035 2271 alius
1056 2226 1178 2272 dedit
1213 2228 1387 2287 legem,
1412 2238 1456 2273 et

67 2295 174 2341 alius
197 2297 326 2341 docet
346 2296 487 2355 legem
508 2316 515 2341 :
537 2297 626 2356 ipse
647 2296 766 2341 illam
788 2297 916 2342 docet
938 2289 1012 2358 qui
1042 2297 1160 2342 illam
1184 2298 1306 2343 dedit
1332 2319 1340 2344 ε
1365 2300 1456 2359 ipse

68 2379 130 2411 est
141 2367 352 2425 *magister
367 2367 472 2425 legis
495 2382 605 2422 suae,
627 2376 670 2411 et
691 2367 818 2411 docet
842 2368 976 2412 illam.
1004 2371 1059 2412 Et
1078 2369 1371 2414 misericordia
1393 2379 1457 2413 est

69 2437 114 2479 in
149 2435 299 2494 lingua
333 2437 465 2496 ipsius
484 2473 494 2492 ,
519 2437 617 2481 ideo
640 2438 972 2483 misericorditer
994 2438 1128 2484 docet·
1143 2439 1281 2498 legem
1299 2475 1311 2495 ‚
1346 2440 1458 2484 sicut

117 2540 126 2555 ¹
151 2533 264 2565 Manli.
283 2545 329 2574 iv,
356 2545 404 2576 ¹9-
429 2551 470 2557 --
498 2534 617 2567 ’Boc-li.
637 2547 681 2573 vi,
697 2535 867 2576 3637,-
895 2535 906 2559 3
926 2539 1022 2569 Joan.
1041 2548 1062 2576 1,
1084 2537 1138 2575 38,
1162 2537 1216 2579 39.
1241 2554 1283 2558 —
1305 2536 1318 2566 4
1339 2536 1450 2568 matth.

70 2600 110 2626 v,
131 2600 178 2629 ¹7-
